1846 3100
160 163 214 206 22
601 168 653 200 De
681 167 794 201 Gallia
819 169 1055 202 Romanorum
1088 172 1271 213 provincia.

160 274 398 319 obtinuisse
444 277 570 332 (nam
614 277 732 333 quod
775 275 868 320 Cic.
907 277 1027 319 Brut..
1079 278 1152 328 453
1207 296 1249 337 p.
1292 282 1475 326 Fonteio
1513 284 1563 334 73
1610 283 1706 327 Val.

158 347 277 390 MaX.
304 348 428 397 VIII,
461 350 499 399 ἴ),
531 350 557 392 2
586 365 684 392 eum
719 366 744 392 a
772 350 833 391 M.
867 348 1064 392 Gratidio
1094 354 1430 408 repetundarum
1459 363 1707 399 accusatum

159 434 254 462 esse
272 427 459 471 narrant,
487 422 542 463 ad
565 428 784 464 externam
801 423 1064 477 provinciam
1086 424 1296 479 pertineat
1313 441 1395 468 non
1414 435 1479 469 est
1496 432 1708 484 necesse),

157 506 232 541 an,
270 499 319 533 ut
358 507 631 535 successores
674 495 789 544 eius,
828 495 871 536 in
901 494 1025 537 Italia
1062 496 1271 539 mansisse
1305 499 1513 542 videatur.
1579 501 1708 543 Anno

157 564 334 619 quidem
366 564 468 615 103,
504 580 589 620 quo
615 566 782 609 Marius
819 582 972 610 rursus
1004 566 1190 611 Galliam
1220 577 1262 611 et
1292 568 1491 614 Cimbros
1532 573 1707 629 accepit,

157 635 210 677 L.
238 636 466 679 Aurelium
493 636 717 689 Orestem,
760 639 967 695 collegam
996 641 1112 691 eius,
1155 641 1421 697 probabilius
1463 652 1527 687 est
1556 645 1707 687 urbem

158 723 253 751 esse
285 710 503 760 sortitum3
535 725 633 752 nam
663 710 883 753 Plutarch.
916 726 953 753 c.
991 711 1040 754 14
1074 710 1124 754 C.
1153 713 1342 756 Marium
1374 724 1517 758 narrat
1545 717 1707 759 instan-

161 780 277 823 tibus
308 782 488 823 comitiis
517 797 615 824 cum
632 782 797 838 collega
827 783 1085 826 decessisset
1112 787 1355 828 necessario
1374 787 1419 829 in
1442 788 1594 831 urbem
1612 804 1707 832 esse

156 854 412 909 profectum,
446 854 560 896 unde
589 854 688 896 huic
718 862 842 896 antea
870 855 1036 898 Italiam
1067 857 1419 914 comitiorumque
1451 874 1598 903 curam
1627 861 1707 903 im-

155 926 340 982 positam
367 925 505 968 fuisse
531 927 796 969 coniicimus.
857 928 915 969 At
942 942 1053 970 anno
1089 928 1167 971 102
1197 945 1276 972 nec
1305 930 1359 972 de
1393 929 1444 973 C.
1473 932 1612 974 Mario
1629 933 1706 975 IV.

156 1013 235 1040 nec
263 998 317 1040 de
346 998 401 1052 Q.
427 997 603 1040 Lutat-io
632 997 786 1041 Catulo
815 999 1048 1042 dubitatur.
1095 1001 1204 1044 Nam
1232 1002 1422 1046 Marium
1446 1004 1706 1047 Plutarchus

160 1085 195 1112 c.
222 1070 276 1113 2⁴2
306 1070 436 1112 tradit
469 1071 620 1127 paucis
647 1071 802 1114 diebus
829 1080 927 1127 post
958 1073 1093 1114 victos
1121 1073 1176 1114 ad
1212 1074 1362 1129 Aquas
1393 1074 1562 1118 Sextias
1589 1076 1706 1119 Teu-

159 1149 283 1184 tonos
319 1157 473 1199 parum
507 1158 737 1199 prosperos
774 1144 946 1186 nuntios
983 1145 1037 1187 de
1074 1143 1230 1188 Catulo
1270 1148 1434 1203 collega
1474 1149 1705 1205 accepisse,

157 1215 231 1270 qui
263 1213 464 1257 Cimbros
506 1215 550 1256 in
587 1215 753 1258 Italiam
796 1216 1007 1258 irruentes
1050 1218 1105 1259 ad
1146 1219 1343 1260 Athesim
1380 1220 1559 1263 fluvium
1595 1223 1706 1264 ferre

156 1301 242 1328 non
271 1294 480 1342 potuerat,
510 1295 572 1338 ut,
607 1288 711 1330 dum
741 1289 811 1331 ille
836 1289 881 1330 in
907 1289 1192 1346 Transalpina
1209 1289 1353 1333 Gallia
1381 1299 1557 1349 pugnat,
1590 1293 1706 1337 hunc

153 1359 198 1400 in
229 1357 450 1415 Cisalpina
481 1359 709 1402 dimicasse
739 1361 976 1404 videamus.
1033 1362 1224 1417 Ideoque
1251 1361 1406 1405 Catulo
1437 1379 1532 1406 cum
1558 1380 1705 1421 proro-

154 1438 303 1487 gatum
337 1439 450 1473 esset
475 1431 717 1487 imperium,
744 1448 895 1489 pugna
922 1434 995 1476 illa
1025 1449 1157 1489 prope
1187 1434 1402 1478 Veronam
1432 1437 1601 1479 accidit.
1653 1438 1704 1480 In

154 1504 299 1558 quinto
314 1511 456 1545 autem
482 1504 708 1546 consulatu
719 1503 771 1546 C.
783 1505 952 1547 Marius
971 1506 1178 1561 collegam
1195 1506 1344 1549 habuit
1360 1507 1437 1549 M!
1451 1508 1703 1564 Aquinium,

154 1576 229 1631 qui
259 1590 359 1618 cum
388 1576 512 1618 Italia
540 1577 642 1619 satis
669 1592 693 1618 a
725 1576 917 1619 barbaris
948 1585 1040 1620 tuta
1067 1593 1161 1621 esse
1187 1579 1418 1630 videretur,
1449 1581 1492 1622 in
1512 1578 1704 1623 Siciliam

153 1648 209 1691 ad
239 1649 394 1691 servile
425 1647 585 1690 bellum
617 1650 962 1705 componendum
988 1650 1147 1692 missus
1175 1661 1240 1693 est
1270 1652 1423 1708 (Diod.
1447 1659 1544 1694 tom.
1570 1652 1619 1694 X
1636 1653 1703 1694 ed.

152 1720 249 1776 Bip.
276 1735 318 1776 p.
358 1720 474 1772 164).
533 1720 686 1776 Neque
712 1737 823 1764 anno
859 1722 934 1765 100
962 1723 1037 1778 qui
1067 1721 1117 1764 C.
1148 1723 1286 1765 Mario
1317 1724 1381 1767 VI
1417 1739 1503 1766 eos.
1540 1724 1704 1780 collega

154 1792 328 1835 additus
358 1800 422 1835 est
447 1792 500 1834 L.
530 1793 730 1835 Valerius
761 1794 968 1844 Flaccus,
998 1802 1217 1837 externam
1244 1796 1507 1851 provinciam
1533 1796 1704 1838 videtur

154 1865 394 1920 accepisse3
425 1881 523 1907 nam
556 1881 633 1921 per
663 1864 883 1907 Saturnini
913 1874 953 1907 et
977 1865 1182 1908 Glauciae
1213 1867 1444 1910 seditiones
1476 1883 1575 1910 eum
1605 1883 1702 1910 cum

155 1936 295 1978 Mario
325 1937 369 1978 in
400 1938 508 1980 urbe
538 1939 673 1980 fuisse
702 1953 755 1979 ex
786 1936 878 1980 Cic.
907 1954 948 1994 p.
978 1937 1123 1980 Rabir.
1158 1954 1193 1980 c.
1224 1940 1247 1982 7
1279 1941 1590 1996 cognoscimus.

269 2009 361 2051 Iam
391 2018 618 2065 postquam
644 2008 697 2052 C.
722 2009 849 2051 Marii
878 2010 1126 2052 consulatus
1154 2011 1431 2062 absolvimus,
1456 2013 1702 2055 faciendum

155 2081 328 2123 videtur
358 2096 467 2131 esse,
497 2089 544 2122 ut
571 2081 624 2123 de
643 2080 787 2124 Gallia
812 2082 951 2137 qualis
977 2096 1025 2123 eo
1053 2089 1242 2138 tempore
1272 2085 1413 2134 fuerit,
1446 2100 1584 2141 pauca
1611 2085 1702 2128 dis-

152 2160 367 2208 putemus.
426 2152 555 2194 Multi
594 2153 706 2195 enim
744 2154 818 2208 qui
867 2169 916 2196 ea
951 2169 1060 2209 quae
1105 2155 1356 2210 scripsimus
1393 2156 1596 2212 legerint,
1640 2157 1702 2199 sic

153 2225 333 2266 fortasse
364 2224 621 2275 existiment,
654 2225 910 2268 coniecturis
941 2226 1043 2267 solis
1071 2241 1149 2268 nos
1181 2241 1284 2268 usos
1316 2241 1424 2276 esse,
1455 2242 1540 2269 non
1570 2243 1701 2284 argu-

153 2296 329 2338 mentis:
369 2295 606 2338 institutam
639 2312 738 2339 sane
765 2312 860 2339 esse
888 2313 913 2339 a
937 2297 1059 2339 nobis
1092 2313 1184 2339 eam
1211 2298 1499 2340 consularium
1524 2300 1700 2355 provin-

154 2368 316 2411 ciarum
346 2368 615 2418 divisionem,
657 2384 742 2424 qua
770 2376 950 2424 utraque
984 2368 1127 2411 Gallia
1158 2384 1211 2411 ex
1241 2386 1386 2412 earum
1418 2386 1595 2413 numero
1626 2386 1700 2413 ex-

153 2439 424 2489 cluderetur,
467 2440 542 2482 sed
579 2455 677 2482 cum
709 2441 928 2496 superiore
956 2448 1091 2483 aetate
1128 2457 1213 2483 non
1244 2443 1377 2485 dubia
1409 2442 1573 2485 Galliae
1603 2458 1700 2485 cum

151 2512 276 2555 Italia
306 2512 556 2554 coniunctae
586 2512 770 2568 vestigia
799 2513 1099 2568 reperirentur,
1131 2514 1236 2556 nihil
1270 2530 1364 2557 esse
1398 2516 1586 2565 allatum,
1617 2530 1701 2571 quo

111 2594 114 2598 '
152 2585 343 2626 virorum
359 2584 583 2626 doctorum
602 2584 744 2639 opinio
761 2585 1038 2634 refelleretur,
1053 2585 1127 2640 qui
1145 2584 1195 2627 C.
1207 2586 1409 2637 Marium,
1421 2603 1518 2629 cum
1535 2602 1701 2643 semper

151 2671 285 2712 prope
311 2656 356 2697 in
383 2655 667 2712 Transalpina
699 2655 842 2699 Gallia
867 2665 1062 2699 versatus
1093 2658 1168 2707 sit,
1208 2658 1317 2701 hanc
1348 2667 1562 2715 tamquam
1600 2674 1699 2715 pro-

151 2727 288 2783 priam
316 2728 579 2782 provinciam
611 2728 863 2778 obtinuisse,
893 2730 1099 2785 collegam
1128 2739 1269 2772 autem
1298 2731 1389 2773 eius
1408 2731 1463 2784 Q.
1481 2730 1698 2780 Catulum,

151 2799 225 2854 qui
252 2815 329 2855 per
357 2799 574 2842 biennium
599 2800 642 2841 in
675 2798 894 2856 Cisalpina
922 2801 1065 2844 Gallia
1091 2803 1307 2859 pugnarit,
1336 2804 1436 2845 huic
1468 2803 1546 2845 soli
1577 2817 1698 2858 prae-

151 2871 288 2915 fuisse
330 2872 587 2916 existimant.
652 2873 802 2929 Neque
846 2881 1012 2931 pugnat
1054 2889 1152 2917 cum
1199 2875 1278 2918 hac
1314 2874 1621 2931 Transalpinae
1658 2882 1699 2916 et
