1846 3100
596 145 651 177 De
680 144 793 176 Gallia
819 144 1052 203 Romanorum
1085 143 1270 185 provincia.
1620 139 1698 182 119

154 269 333 297 memus.
374 254 502 297 Rexit
526 253 659 310 igitur
679 252 922 295 universam
941 249 1126 294 Galliam
1145 250 1346 293 Tiberius
1367 265 1477 293 anno
1496 250 1521 293 8
1542 265 1567 293 a
1580 249 1698 300 Chr„

152 328 260 370 rexit
300 328 401 370 item
441 341 552 368 anno
581 327 620 376 7,
664 325 745 368 sub
785 325 910 367 cuius
948 323 1205 379 principium
1244 339 1343 366 cum
1376 323 1420 364 in
1459 323 1609 365 urbem
1639 323 1699 377 *ad

155 399 423 442 consulatum
454 398 649 448 redisset,
680 412 764 439 non
796 396 929 438 multo
956 403 1053 452 post
1080 395 1124 437 in
1156 394 1431 438 Germaniam
1459 395 1563 438 abiit
1592 394 1700 450 (Dio

153 472 251 522 LV,
279 472 326 526 8)
354 486 492 527 neque
520 471 607 513 ulla
634 485 680 512 re
707 468 971 511 memorabili
1000 476 1122 523 gesta
1151 467 1339 509 revertit.

264 543 363 586 Hoc
398 551 584 599 tempore
623 541 786 584 Tiberii
826 542 998 582 fortuna
1033 540 1215 582 deficere
1252 540 1403 596 coepit.
1469 540 1700 596 Augustus

155 616 284 666 enim,
315 630 413 658 cum
443 613 493 657 C.
523 622 566 657 et
590 614 642 656 L.
672 613 881 657 Caesares
912 620 1055 669 aperte
1082 620 1297 668 tamquam
1325 611 1505 654 heredes
1535 612 1699 668 imperii

157 695 399 738 ostentaret,
426 687 611 743 primum
637 687 680 728 in
708 695 824 728 tanto
844 684 1083 728 Galliarum
1109 684 1287 740 imperio
1307 684 1547 739 relinquere
1566 683 1702 726 noluit

153 768 435 816 ornatumque
474 774 584 802 anno
610 760 635 802 6
671 776 708 802 a.
741 758 844 801 Chr.
885 757 1112 799 tribunicia
1149 763 1357 812 potestate
1389 755 1542 812 Syriae
1575 771 1700 813 prae-

154 833 280 875 ficere
301 832 536 889 cogitabat3
562 832 678 887 quod
696 820 893 887 quoniam
914 830 984 871 ille
1005 828 1085 871 sub
1106 829 1300 885 specioso
1317 829 1486 870 nomine
1504 828 1559 870 ad
1576 829 1700 885 igno-

155 905 328 947 miniam
358 919 479 947 suam
507 904 718 960 pertinere
747 901 1027 958 intelligebat,
1061 908 1300 944 commeatu
1326 915 1454 956 aegre
1478 901 1701 957 impetrato

153 977 356 1019 Rhodum
391 977 592 1019 discessit
632 974 892 1034 (Comment.
933 973 1152 1030 epigraph.
1191 972 1234 1015 II
1280 989 1320 1030 p.
1358 973 1446 1028 99).
1518 971 1608 1015 Sed
1658 973 1701 1014 in

155 1048 322 1092 Galliae
363 1049 541 1105 imperio
583 1049 680 1104 quis
718 1048 756 1090 ei
792 1046 1073 1096 successerit,
1114 1061 1199 1088 non
1228 1046 1411 1087 traditur
1440 1061 1579 1102 neque
1613 1054 1702 1088 erat

153 1122 382 1177 quisquam
411 1136 508 1163 cum
535 1121 663 1163 domo
688 1120 959 1176 imperatoria
976 1125 1062 1160 tam
1081 1118 1350 1168 coniunctus,
1381 1119 1450 1160 cui
1469 1118 1702 1174 Augustus

155 1202 292 1236 tantas
330 1193 573 1250 provincias
614 1193 907 1235 committeret.
963 1191 1168 1234 Divisum
1198 1191 1332 1245 igitur
1367 1199 1431 1233 est
1460 1191 1702 1246 imperium,

154 1266 272 1321 quod
299 1265 502 1308 Tiberius
532 1272 737 1315 tenuerat,
769 1280 904 1319 eoque
927 1264 1080 1320 magis,
1107 1263 1223 1318 quod
1242 1264 1325 1306 iam
1346 1263 1492 1305 multis
1511 1263 1702 1305 victoriis

157 1338 385 1381 videbatur
422 1353 517 1381 esse
554 1338 775 1387 effectum,
815 1344 864 1378 ut
901 1335 1069 1378 barbari
1108 1336 1249 1378 minus
1288 1343 1432 1378 essent
1470 1336 1703 1378 metuendi.

157 1411 432 1466 Quamquam
460 1425 575 1452 unus
606 1410 850 1452 nominatur
875 1409 927 1450 L.
946 1409 1181 1458 Domitius,
1209 1408 1263 1450 de
1294 1408 1416 1451 cuius
1443 1417 1576 1450 morte
1605 1424 1703 1451 nar-

156 1498 255 1525 rans
283 1483 385 1525 Tac.
416 1482 572 1525 Annal.
603 1482 681 1532 IV,
713 1482 766 1524 44
801 1481 907 1523 haee
942 1496 1079 1537 pauca
1111 1481 1258 1523 habet:
1305 1484 1387 1534 ipse
1412 1483 1606 1530 delectus,
1636 1485 1707 1522 cui

156 1560 291 1597 minor
323 1556 529 1606 Antonia,
570 1557 741 1595 Octavia
766 1557 930 1607 genita.
970 1557 1015 1594 in
1045 1557 1359 1595 matrimonium
1391 1556 1578 1603 daretur,
1612 1560 1707 1606 post

156 1631 338 1669 exercitu
354 1631 521 1683 flumen
550 1627 684 1668 Albim.
722 1629 996 1675 transcendit,
1034 1629 1199 1679 longius
1225 1633 1446 1679 penetrata
1477 1628 1704 1667 Germania

157 1715 279 1754 qnam
307 1703 520 1753 qnisquam
542 1702 744 1752 priorum,
778 1714 920 1752 easque
945 1698 990 1739 ob
1018 1714 1080 1738 res
1107 1701 1290 1752 insignia
1313 1699 1518 1751 triumphi
1534 1699 1704 1750 adeptus

156 1779 227 1814 est.
275 1773 320 1815 Is
345 1771 612 1828 propinquus
638 1779 727 1813 erat
744 1770 951 1826 Augusti,
982 1770 1182 1826 quoniam
1201 1770 1445 1819 Antoniam,
1477 1784 1530 1811 ex
1559 1783 1702 1811 sorore

158 1845 251 1887 eius
280 1851 474 1900 neptem,
513 1844 558 1885 in
588 1842 854 1884 matrimonio
884 1842 1088 1892 habebat,
1134 1843 1225 1884 sive
1257 1842 1394 1884 minor
1423 1857 1473 1884 ea
1502 1848 1612 1890 erat,
1655 1848 1701 1882 ut

159 1916 336 1960 Tacitus
363 1916 434 1966 ait,
464 1916 556 1958 sive
582 1915 730 1965 maior,
759 1923 808 1957 ut
839 1915 962 1958 Suet.
991 1913 1146 1957 Claud.
1180 1917 1194 1956 1
1230 1922 1272 1957 et
1297 1913 1516 1957 Plutarch.
1542 1914 1703 1955 Anton.

160 1996 267 2033 extr.
296 1989 506 2039 referunt,
536 1995 584 2030 ut
611 2003 664 2030 ne
696 1996 860 2043 partem
886 1988 1060 2043 quidem
1088 1986 1255 2030 Galliae
1285 1987 1426 2029 datam
1455 2001 1550 2027 esse
1579 1985 1704 2028 intel-

158 2061 344 2117 ligamus
369 2061 452 2103 nisi
481 2061 540 2110 ei,
577 2060 650 2115 qui
681 2067 856 2116 propter
881 2060 1130 2102 affinitatem
1158 2060 1243 2102 fide
1266 2059 1426 2115 dignus
1456 2073 1552 2101 esse
1583 2057 1704 2099 vide-

159 2141 289 2176 retur.
353 2133 554 2175 Eundem
591 2139 735 2174 autem
772 2131 893 2175 Suet.
920 2132 1022 2174 Ner.
1054 2147 1089 2175 e.
1121 2132 1144 2174 4
1186 2146 1270 2172 non
1308 2134 1445 2171 minas
1476 2131 1708 2183 aurigandi

159 2213 251 2248 arte
279 2209 326 2247 in
352 2207 624 2249 adolescentia
655 2207 839 2254 clarum,
878 2219 1001 2257 quam
1031 2206 1173 2246 deinde
1199 2206 1452 2244 ornamentis
1478 2204 1706 2255 triumpha-

161 2279 265 2320 libus
294 2292 346 2319 ει·
377 2279 621 2341 Gprmanico
657 2277 757 2317 bello
798 2275 994 2332 appellat.
1053 2274 1202 2318 Gessit
1237 2274 1370 2331 igitur
1401 2272 1707 2316 Germanicum

161 2350 321 2392 bellum
361 2356 402 2390 et
443 2362 497 2390 ex
524 2348 756 2391 Germania
790 2348 1055 2403 triumphum
1088 2347 1245 2389 retulit.
1313 2346 1400 2388 Sed
1430 2353 1575 2388 utrum
1607 2347 1707 2388 Bel-

163 2421 283 2477 gicae
308 2435 362 2462 an
388 2420 677 2476 Lugdunensi
705 2419 892 2469 Galliae,
937 2434 1035 2462 cum
1064 2420 1265 2468 referret,
1297 2417 1508 2474 praefuit?
1556 2417 1708 2460 Nesci-

162 2507 306 2534 remus
345 2506 543 2547 prorsus,
585 2491 669 2534 nisi
705 2492 749 2533 in
779 2493 1019 2548 fragmento
1049 2490 1303 2532 Morelliano
1334 2489 1487 2531 Dionis
1515 2488 1613 2532 Vol.
1640 2489 1709 2531 ΙΙΙ

162 2579 204 2620 p.
233 2563 313 2606 363
353 2563 420 2606 ed.
458 2562 602 2605 Sturz.
644 2563 749 2606 haec
787 2571 951 2606 essent:
998 2563 1136 2605 Ταῦτά
1165 2578 1207 2603 τε
1238 2561 1308 2602 οὖν
1338 2561 1423 2616 ἅμα
1452 2562 1519 2601 καὶ
1549 2561 1598 2602 τὰ
1629 2564 1706 2602 τῶν

163 2634 329 2676 Κελτῶν
372 2636 560 2689 ἐκινώῦη.
616 2636 637 2676 ὁ
666 2635 742 2691 γὰρ
770 2636 960 2690 Δομίτιος
983 2636 1180 2690 πρότερον
1213 2634 1284 2689 μὲν
1314 2633 1393 2677 ἕως
1421 2631 1478 2673 ἔτι
1503 2636 1581 2673 τῶν
1610 2633 1710 2687 πρὸς

164 2709 221 2762 τῷ
256 2705 397 2761 Ἴστρῳ
437 2706 601 2762 χωρίων
639 2706 766 2762 ἦρχε,
808 2707 900 2752 τούς
929 2723 972 2748 τε
996 2705 1354 2762 Ἑρμουνδούρους
1385 2704 1429 2745 ἐκ
1459 2706 1529 2758 τῆς
1559 2703 1710 2748 οἰκείας

167 2777 240 2819 οὐκ
279 2777 355 2819 οἶδ’
399 2777 510 2822 ὅπως
541 2778 830 2823 ἐξαναστάντας
858 2781 926 2821 καὶ
954 2779 1056 2820 κατὰ
1087 2779 1245 2833 ζήτησιν
1278 2775 1418 2831 ἑτέρας
1447 2777 1519 2829 γῆς
1549 2776 1707 2816 πλανω-

168 2849 315 2905 μένους
353 2850 570 2905 ὐπολαβὼν
604 2849 644 2890 ἐν
679 2848 794 2905 μέρει
824 2853 892 2904 τῆς
921 2849 1258 2906 Μαρκομαννίδος
1287 2847 1510 2904 κατῴκισε,
1548 2847 1615 2888 καὶ
1640 2847 1708 2889 τὸν
