1846 3100
179 139 256 182 108
601 143 655 174 De
681 142 794 175 Gallia
820 143 1053 175 Romanorum
1087 144 1270 185 provincia.

175 251 375 306 gentibus
413 252 586 308 Alpinis
622 253 812 295 nominat
850 252 1007 295 Raetos
1044 261 1083 295 et
1115 253 1378 297 Vindelicos.
1439 254 1554 297 Num
1583 255 1718 311 igitur

175 339 274 366 eum
301 324 346 365 in
375 325 548 379 reliquis
575 325 744 381 populis
773 325 1074 367 enumerandis
1102 325 1373 382 diligentem,
1410 327 1454 368 in
1486 327 1717 370 Raetorum

176 403 301 452 gente
331 397 619 453 negligentem
646 397 781 439 fuisse
813 396 1092 453 putabimus?
1148 397 1245 440 Non
1279 399 1484 449 arbitror,
1523 399 1600 442 sed
1635 399 1717 441 hoc

175 468 465 524 colligendum
491 485 586 512 esse
614 485 781 519 censeo,
813 469 938 511 cuius
963 470 1166 526 temporis
1195 471 1434 526 provincias
1457 471 1624 514 Plinius
1649 487 1716 514 re-

175 548 366 591 censeat,
406 556 456 583 eo
483 541 677 584 Raetiam
705 541 1078 597 Vindelieiamque
1106 542 1299 584 nondum
1332 542 1550 586 subactam
1582 544 1718 587 fuisse

174 613 243 655 vel
270 612 463 654 nondum
498 613 540 654 in
571 614 816 669 provinciae
843 614 1020 656 formam
1051 614 1280 657 redactam.
1337 614 1447 657 Nam
1476 616 1579 671 quin
1606 616 1717 658 Rae-

174 693 313 728 torum
339 685 485 741 populi
510 685 594 727 iam
619 685 835 741 aliquanto
865 692 975 736 ante,
1003 687 1199 741 quamvis
1227 687 1316 729 suis
1344 687 1515 743 legibus
1544 687 1718 743 suisque

129 778 133 781 -
174 757 365 800 moribus
403 757 617 808 viverent,
666 758 874 801 tributum
916 765 1057 801 tamen
1096 759 1257 816 populo
1297 760 1491 802 Romano
1529 760 1718 816 pendere

175 831 434 881 consuerint,
465 846 549 872 non
581 830 802 876 dissentio.
859 829 1064 886 Sequitur
1090 831 1224 887 igitur
1249 832 1416 874 Plinius
1441 847 1532 875 eam
1555 831 1718 875 Gallia—

174 919 269 945 rum
299 902 567 953 divisionem‚
600 918 708 958 quae
740 903 793 946 ab
821 904 1024 959 Augusto
1055 904 1175 946 initio
1202 904 1468 961 principatus
1499 905 1567 948 sui
1595 905 1718 947 insti-

173 981 265 1017 tuta
298 982 423 1029 atque
460 975 666 1030 imprimis
707 975 760 1018 ab
789 976 985 1032 Agrippa
1022 976 1268 1019 confirmata
1299 984 1386 1028 est,
1423 992 1550 1032 quem
1580 977 1720 1019 solum

173 1054 389 1089 auctorem
417 1046 471 1089 ab
497 1047 568 1089 illo
600 1048 719 1090 citari
746 1048 944 1090 videmus
975 1050 993 1102 ξ
1026 1049 1127 1098 105,
1164 1049 1208 1090 in
1239 1064 1366 1104 quam
1395 1049 1650 1092 divisionem
1683 1050 1719 1092 si

173 1119 277 1173 quid
315 1128 482 1170 eorum,
523 1135 630 1175 quae
657 1127 806 1176 postea
831 1130 926 1163 aeta
954 1127 1075 1171 sunt,
1118 1120 1301 1163 notabile
1332 1122 1573 1172 videretur,
1615 1121 1718 1164 sub-

172 1191 334 1241 iunxit,
374 1191 505 1234 veluti
540 1192 593 1234 de
629 1193 792 1235 colonia
825 1193 1150 1250 Agrippinensi.
1222 1193 1393 1248 Quodsi
1426 1194 1507 1236 hoc
1545 1194 1718 1251 egisset,

173 1279 259 1305 non
284 1271 332 1305 ut
357 1265 554 1321 regiones
581 1266 848 1321 populosque
872 1272 1113 1308 recenseret
1131 1266 1310 1322 eiusque
1327 1267 1588 1309 recensionis
1605 1273 1719 1309 reete

173 1336 458 1379 instituendae
485 1352 615 1380 causa
643 1339 842 1394 aliquam,
872 1354 980 1393 quae
1006 1346 1119 1380 certe
1145 1339 1300 1381 tradita
1325 1346 1452 1389 esset,
1482 1339 1719 1395 provincia-

173 1424 267 1450 rum
298 1409 586 1452 Romanarum
617 1410 945 1467 descriptionem
977 1411 1167 1467 eligeret,
1199 1411 1275 1454 sed
1301 1418 1354 1453 >ut
1381 1427 1458 1468 per
1484 1426 1590 1467 quas
1621 1426 1720 1468 pro-

174 1481 335 1524 vincias
381 1483 606 1538 imperium
649 1483 890 1526 Romanum
934 1491 1183 1540 regeretur,
1229 1484 1448 1534 definiret,
1497 1499 1594 1526 cum
1639 1485 1721 1546 alia

174 1555 307 1602 multa
342 1555 538 1597 facienda
571 1563 710 1606 erant,
749 1564 841 1598 tum
877 1562 951 1597 aut
980 1556 1235 1612 Vespasiani
1276 1563 1485 1612 tempora,
1524 1556 1581 1598 ad
1611 1571 1719 1611 quae

174 1627 581 1677 accommodaretur,
614 1628 812 1684 eligenda
842 1635 916 1671 aut
943 1628 1048 1683 quid
1074 1629 1278 1685 deinceps
1310 1644 1363 1671 ex
1394 1629 1614 1685 superiore
1642 1628 1719 1670 de-

176 1699 406 1756 scriptione
439 1700 708 1742 immutatum
747 1708 881 1749 esset,
924 1700 1254 1756 significandum
1295 1708 1396 1743 erat.
1458 1701 1586 1743 Nunc
1617 1716 1719 1743 con-

174 1771 371 1812 stantiam
407 1780 480 1814 aut
515 1772 809 1828 aequalitatem
848 1788 1000 1828 parum
1034 1788 1134 1815 sane
1165 1787 1263 1815 eum
1295 1788 1468 1815 curasse
1497 1773 1719 1816 confitebi-

174 1858 270 1884 mur
298 1859 581 1900 magnamque
612 1845 850 1886 cautionem
878 1844 1198 1895 adhibebimus,
1236 1859 1289 1886 ne
1319 1860 1372 1886 ex
1391 1844 1444 1887 iis
1466 1861 1576 1900 quae
1601 1845 1719 1895 dicit,

173 1916 215 1957 in
257 1931 444 1959 errorem
474 1917 744 1960 inducamur.
803 1917 1050 1972 similisque
1080 1932 1258 1973 prorsus
1291 1917 1394 1959 mihi
1423 1917 1596 1959 videtur
1625 1933 1720 1960 esse

174 1989 420 2031 Pannoniae
450 1989 683 2044 Noricique
724 1989 975 2045 descriptio,
1017 2004 1126 2044 quae
1157 2005 1182 2031 a
1211 1989 1352 2031 Plinio
1383 1989 1442 2030 ita
1471 1989 1721 2044 adiungitur

175 2061 411 2103 Delmatiae
439 2062 711 2117 Illyricoque‚
741 2069 788 2103 ut
818 2061 936 2103 nulla
959 2060 1203 2116 provinciae
1227 2061 1301 2103 fiat
1324 2061 1484 2103 mentio
1509 2061 1624 2117 (libr.
1637 2061 1719 2110 III,

173 2135 240 2183 24,
280 2134 352 2176 146
381 2134 489 2189 sq),
530 2148 628 2175 cum
658 2133 826 2176 Moesia
867 2133 1005 2175 vicina
1034 2133 1273 2189 appelletur
1302 2133 1543 2189 provincia:
1588 2149 1719 2189 quare

172 2206 251 2248 hos
291 2220 460 2261 quoque
497 2206 679 2262 populos
723 2206 778 2248 ad
819 2221 968 2248 eorum
1010 2213 1247 2261 temporum
1290 2205 1519 2256 rationem,
1561 2205 1718 2261 quibus

173 2279 365 2320 nondum
393 2294 517 2320 suum
544 2277 785 2334 praesidem
811 2284 1083 2333 acceperant,
1115 2277 1168 2319 ab
1199 2292 1248 2319 eo
1277 2277 1511 2319 recensitos
1534 2293 1629 2320 esse
1651 2293 1718 2320 ar-

173 2351 392 2394 bitramur.
459 2349 614 2392 Strabo
652 2364 754 2392 vero
786 2356 900 2391 totus
929 2350 974 2391 in
1005 2350 1086 2392 hac
1115 2349 1403 2404 disputatione
1431 2350 1718 2406 negligendus

172 2431 250 2474 est,
285 2424 360 2479 qui
389 2422 555 2466 Galliae
587 2422 725 2478 ipsius
755 2423 939 2479 populos
971 2437 1056 2464 non
1085 2421 1405 2478 provinciarum
1432 2421 1582 2463 ordine
1611 2436 1718 2463 enu-

173 2502 328 2546 meret,
368 2495 529 2537 nedum
560 2502 605 2536 ut
633 2510 741 2550 quae
773 2502 922 2550 gentes
949 2494 1170 2550 republica
1198 2501 1385 2544 tantum,
1415 2509 1500 2535 non
1529 2493 1719 2535 locorum

171 2567 484 2623 regionumque
513 2567 598 2610 situ
627 2567 1003 2622 coniungerentur,
1034 2581 1105 2608 eas
1132 2566 1187 2608 ad
1207 2565 1393 2608 Galliam
1419 2566 1563 2622 potius
1591 2579 1718 2620 quam
1752 2600 1755 2603 .

172 2653 223 2681 eo
257 2654 342 2694 quo
378 2646 529 2682 natura
569 2639 780 2695 pertinere
818 2638 1098 2694 intelligeret,
1147 2652 1369 2680 recensere
1410 2637 1612 2679 debuisse
1652 2636 1717 2678 vi-

172 2711 338 2754 deatur.

286 2785 410 2838 Quae
446 2800 543 2827 oum
580 2786 639 2827 ita
677 2784 782 2833 sint,
821 2782 901 2824 hoc
936 2782 1118 2824 maxime
1148 2789 1359 2838 tempore,
1401 2796 1486 2837 quo
1515 2778 1717 2822 Tiberius

174 2872 227 2899 ex
249 2856 392 2900 Gallia
408 2857 553 2900 Raetis
580 2857 739 2900 bellum
769 2854 925 2905 intulit,
958 2853 1148 2897 Gallicas
1178 2852 1420 2910 provincias
1445 2852 1509 2895 -ita
1536 2857 1717 2894 mutatas
