1846 3100
185 164 266 207 234
627 169 682 200 De
710 169 880 201 dictatoris
905 169 1063 202 Caesaris
1089 170 1284 202 honoribus.

183 286 305 332 parto
329 276 589 333 coniungere
607 277 833 327 consuerit,
859 276 1176 332 disputavimus
1192 278 1237 319 in
1254 286 1478 322 comment.
1493 280 1515 322 Ι
1538 295 1578 336 p.
1598 280 1647 323 19
1665 295 1727 336 sq.

185 346 275 390 Sed
317 347 476 391 Caesar
512 348 708 404 quamvis
744 349 958 405 recepisse
1000 357 1196 392 narretur
1234 351 1287 393 ab
1325 351 1444 395 Suet.
1484 367 1521 397 o.
1550 353 1604 395 76
1643 367 1729 395 non

183 420 326 462 minus
365 436 494 476 quam
534 421 784 463 continuum
822 422 1090 464 consulatum
1123 430 1164 464 et
1193 432 1443 479 perpetuam
1475 425 1729 468 dictaturam

183 499 225 534 et
265 493 450 548 reliqua,
489 509 594 535 num
631 502 772 536 tamen
810 493 980 550 publice
1010 495 1228 551 usurparit
1264 495 1445 538 dubium
1473 504 1550 539 est.
1606 496 1730 539 Nun-

183 580 311 620 quam
349 565 459 607 enim
495 581 633 621 neque
670 566 714 607 in
754 567 1107 622 inscriptionibus
1145 582 1282 622 neque
1315 568 1360 610 in
1389 569 1575 611 nummis
1607 572 1730 623 impe-

183 644 300 678 rator
319 639 468 680 Caesar
497 639 752 694 appellatur,
782 647 824 680 at
852 654 977 695 saepe
995 640 1224 695 Augustus
1249 640 1426 695 eiusque
1443 656 1730 684 successores.

184 709 275 751 Nec
302 710 440 766 magis
472 725 547 766 pro
576 726 755 752 numero
785 711 1060 753 victoriarum
1085 712 1350 767 imperatoris
1377 727 1532 755 nomen
1559 713 1732 756 videtur

185 782 504 838 multiplicasse.
562 783 713 825 Novus
752 792 855 825 tunc
893 784 963 825 ille
1003 799 1094 827 mos
1131 792 1221 826 erat
1248 799 1328 827 nec
1358 800 1384 825 a
1412 800 1627 840 quoquam
1657 801 1730 828 su-

183 855 400 911 periorum
429 864 684 912 usurpatus:
724 856 956 912 Pompeius
983 857 1180 912 quamvis
1211 872 1337 912 saepe
1366 873 1390 899 a
1416 857 1623 900 militibus
1650 858 1731 900 im-

185 936 353 983 perator
390 928 628 984 appellatus
664 928 709 969 in
747 928 932 970 nummis
971 929 1040 970 vel
1077 929 1242 971 nullum
1282 930 1549 986 imperatoris
1578 945 1731 972 nomen

185 1000 372 1043 ostendit
407 1000 475 1042 vel
516 1001 766 1057 simpliciter
801 1001 1030 1056 imperator
1058 1001 1218 1043 dicitur
1246 1002 1446 1058 (Eckhel.
1474 1002 1516 1044 V
1544 1018 1584 1058 p.
1615 1002 1730 1056 281),

185 1073 238 1115 de
272 1074 394 1115 Sulla
432 1073 557 1114 modo
594 1073 1033 1115 commemoravimus.
1097 1073 1243 1126 Quare
1287 1072 1447 1116 Caesar
1486 1089 1583 1116 cum
1621 1073 1734 1116 bella

186 1145 422 1202 susciperet
450 1145 604 1194 civilia,
635 1145 901 1200 imperatoris
934 1161 1085 1187 nomen
1114 1146 1192 1188 etsi
1225 1161 1350 1202 saepe
1377 1146 1559 1188 militum
1588 1145 1732 1188 studio

184 1218 361 1274 accepit,
388 1218 578 1259 nondum
607 1217 884 1273 repetiverat3
918 1218 1099 1273 adeptus
1130 1225 1271 1260 autem
1298 1219 1584 1275 principatum
1612 1225 1732 1274 post-

185 1305 312 1346 quam
331 1289 528 1332 omnibus
553 1289 788 1331 honoribus
807 1290 946 1331 ornari
965 1296 1141 1346 coeptus
1163 1298 1240 1340 est,
1265 1291 1368 1345 quid
1387 1291 1572 1333 faceret?
1617 1290 1732 1332 Num

184 1378 331 1405 omnes
363 1377 470 1418 quas
498 1370 622 1405 antea
651 1363 851 1404 retulerat
882 1363 1081 1405 victorias
1114 1363 1386 1405 numeraret?
1438 1363 1551 1405 Tum
1580 1363 1732 1419 ingen-

184 1443 268 1477 tem
295 1450 521 1477 numerum
551 1443 716 1491 poterat
744 1435 935 1484 efficere3
969 1435 1179 1490 siquidem
1207 1435 1380 1477 omnino
1403 1451 1499 1477 eum
1522 1435 1733 1491 quinqua-

185 1508 308 1565 giens
340 1516 381 1550 et
409 1508 475 1550 bis
508 1508 577 1550 vel
607 1507 922 1563 quinquagiens
954 1523 1171 1564 pugnasse
1202 1508 1351 1550 scribit
1382 1508 1489 1549 Plin.
1519 1515 1604 1550 nat.
1634 1507 1733 1550 hist..

184 1580 285 1630 VII,
316 1580 368 1623 25
400 1578 490 1634 (Cf.
522 1579 657 1622 Solin.
688 1595 723 1622 c.
752 1581 777 1621 6
808 1588 850 1622 et
879 1578 1040 1622 Caved.
1069 1581 1113 1622 in
1144 1580 1316 1622 Bullett.
1343 1580 1449 1622 Inst.
1478 1579 1596 1623 arch.
1628 1579 1733 1623 1840

184 1669 226 1710 p.
253 1653 306 1696 39
336 1655 432 1708 sq.).
492 1654 565 1695 An
596 1668 666 1695 eas
699 1653 827 1695 modo
859 1653 1059 1695 victorias
1092 1653 1364 1707 imperatorio
1399 1653 1523 1694 titulo
1554 1652 1733 1709 repetito

186 1726 442 1776 celebraret,
482 1741 588 1781 quas
619 1734 845 1781 postquam
876 1741 1018 1767 rerum
1049 1725 1209 1781 potitus
1243 1733 1328 1775 est,
1369 1725 1543 1766 retulit?
1599 1725 1660 1766 At
1687 1724 1734 1766 id

184 1798 238 1841 ab
274 1807 390 1840 recta
430 1798 590 1840 ratione
628 1798 882 1840 abhorrebat
918 1805 960 1839 et
998 1804 1142 1839 contra
1172 1796 1308 1852 ipsius
1342 1797 1498 1838 famam
1525 1797 1734 1839 iniustum

186 1878 287 1913 erat..
349 1870 604 1913 Necessario
641 1871 775 1926 igitur
805 1885 854 1911 co
884 1869 1161 1918 deducimur,
1202 1877 1250 1910 ut
1281 1869 1452 1910 omnino
1485 1884 1582 1911 eum
1612 1883 1734 1925 repe-

188 1943 317 1985 tendo
345 1943 611 1998 imperatoris
638 1942 809 1984 nomine
837 1941 1098 1984 abstinuisse
1127 1948 1341 1996 putemus.
1386 1939 1500 1983 Cum
1526 1956 1612 1996 qua
1641 1941 1734 1997 opi-

186 2016 312 2058 nione
357 2023 729 2057 monumentorum
767 2015 1060 2056 auctoritatem
1102 2028 1279 2069 prorsus
1325 2013 1553 2054 convenire
1594 2013 1733 2055 video.

187 2088 297 2130 Nam
334 2087 379 2128 in
416 2087 766 2143 inscriptionibus
800 2086 1060 2142 quibusdam
1094 2084 1271 2127 Graecis
1308 2084 1409 2126 olim
1447 2084 1518 2126 ille
1556 2085 1733 2140 quidem

188 2160 351 2203 solebat
377 2159 580 2216 appellari
611 2159 872 2213 αὐτοκράτωρ
905 2158 1107 2212 δεύτερον,
1143 2157 1220 2199 sed
1248 2157 1291 2198 in
1322 2157 1374 2198 iis
1393 2156 1584 2198 Boeckh.
1603 2155 1734 2213 Corp.

187 2233 322 2275 Inscr.
355 2231 508 2274 Graec.
548 2247 588 2273 n.
620 2231 728 2274 ‘2368
764 2238 804 2272 et
836 2230 943 2273 ‘2957
975 2245 1028 2272 ex
1059 2229 1280 2271 meliorum
1317 2229 1608 2285 exemplorum
1647 2229 1733 2271 fide

189 2305 390 2347 correctis
420 2305 587 2346 nullum
617 2303 756 2346 iterati
784 2303 966 2344 nominis
996 2301 1256 2357 imperatorii
1287 2301 1516 2357 vestigium
1548 2300 1734 2357 reliquit.

187 2377 470 2419 Nummorum
507 2385 649 2419 autem
686 2375 793 2417 ratio
835 2375 915 2417 fuit
955 2374 1097 2417 adhuc
1135 2373 1280 2415 dubia.
1337 2373 1510 2415 Etenim
1549 2373 1648 2415 anni
1681 2372 1734 2416 44

188 2450 415 2492 nonnullos
445 2448 573 2491 habet
599 2447 779 2490 Eckhel.
809 2463 852 2503 p.
880 2447 919 2496 9,
949 2446 1024 2487 ubi
1053 2453 1117 2488 est
1149 2443 1407 2487 CAESAR·
1437 2445 1560 2486 IMP·
1592 2444 1641 2486 P·
1669 2443 1734 2494 M,

187 2522 289 2564 item
307 2522 411 2564 alios
430 2521 530 2563 anni
547 2521 613 2570 45,
632 2521 675 2562 in
692 2519 850 2575 quibus
869 2518 1027 2560 dicitur
1041 2516 1298 2560 CAESAR·
1319 2517 1425 2559 lMP
1443 2517 1512 2559 vel
1526 2517 1733 2559 IMPER-

188 2603 230 2637 et
259 2595 358 2636 anni
388 2595 454 2643 47,
485 2593 559 2636 ubi
592 2591 642 2635 C·
675 2589 930 2634 CAESAR·
961 2590 1085 2631 IMP·
1118 2588 1249 2631 COS-
1281 2589 1425 2631 ITER
1454 2597 1651 2638 vocatur3
1693 2596 1736 2631 at

188 2667 287 2709 anni
317 2667 370 2708 48
402 2667 502 2708 citat
531 2681 574 2721 p.
601 2665 627 2707 6
655 2663 903 2712 nonnullos,
945 2662 989 2703 in
1020 2662 1177 2716 quibus
1219 2662 1274 2704 sit
1307 2660 1564 2704 CAESAR·
1595 2660 1733 2710 IMP·,

188 2755 344 2789 unum,
382 2738 426 2779 in
457 2753 543 2793 quo
573 2737 660 2793 legi
690 2737 747 2779 ait
777 2734 827 2777 C·
858 2732 1115 2776 CAESAR·
1148 2732 1198 2775 C·
1229 2733 1279 2775 F·
1309 2734 1433 2776 IMP·
1461 2732 1606 2775 ITER
1635 2747 1734 2775 cum

189 2812 375 2867 imagine
406 2809 566 2866 tropaei
595 2816 637 2851 et
663 2807 834 2864 captivi,
866 2821 994 2862 quem
1010 2806 1411 2862 Vercingetorigem
1440 2804 1614 2847 Gallum
1641 2818 1735 2846 esse

190 2892 323 2940 putat.
372 2882 492 2936 Quid
510 2890 573 2923 est
590 2880 699 2922 hoc?
742 2878 972 2932 Quomodo
999 2878 1090 2919 fieri
1118 2878 1268 2933 potuit,
1299 2886 1346 2919 ut
1364 2874 1524 2919 Caesar
1550 2891 1660 2918 anno
1682 2874 1734 2918 48
