1846 3100
168 143 223 186 96
610 145 664 177 De
692 142 805 176 Gallia
830 143 1065 175 Romanorum
1086 143 1271 185 provincia.

169 261 261 296 tum
299 254 374 305 sit,
414 254 488 296 illa
527 268 637 309 quae
674 259 843 309 praeter
879 251 1105 293 militarem
1134 251 1389 307 relinquitur
1422 250 1560 294 civilis
1588 251 1717 294 iuris-

173 326 304 368 dictio
336 342 361 368 a
390 340 475 382 quo
508 325 680 367 tandem
709 325 752 366 in
779 323 1022 366 Germaniis
1053 322 1339 365 administrari
1371 323 1599 366 consuerit.
1653 323 1720 366 Ita

174 413 272 440 cum
290 398 574 441 Fechteriana
596 397 704 439 ratio
731 396 838 438 mori
861 396 1055 438 Romano
1085 395 1353 446 adversetur,
1381 396 1721 438 Mommseniana

172 479 285 513 certe
315 486 466 527 parum
490 469 721 525 perspicua
752 468 806 511 sit
832 475 874 510 et
903 483 1049 510 secum
1076 467 1169 524 ipsa
1198 467 1515 523 quodammodo
1541 475 1719 523 pugnet,

171 558 250 586 nos
285 543 461 598 quidem
498 543 581 584 iam
615 541 773 583 omissa
800 541 1054 583 refutatione
1086 540 1146 582 ita
1172 547 1361 582 nostram
1388 539 1721 596 disputationem

171 630 493 672 persequemur,
521 622 569 656 ut
598 613 751 663 omnia,
782 627 891 668 quae
919 612 1227 654 dubitationem
1257 613 1326 655 vel
1355 613 1543 655 movisse
1574 612 1720 655 videa-

172 704 268 731 mus
305 689 373 730 vel
411 702 582 729 movere
619 701 747 742 posse
786 685 1103 736 existimemus,
1151 685 1380 741 diligenter
1413 684 1720 727 examinemus.

173 760 273 814 Qua
299 760 342 802 in
373 775 419 801 re
450 759 620 802 adiutos
648 773 727 800 nos
756 773 851 800 esse
882 758 1066 800 fatemur
1096 757 1176 800 viri
1194 757 1430 799 doctissimi
1457 757 1520 799 M.
1539 756 1719 798 Roulez.

174 831 606 874 commentatiuncula
641 831 800 872 inserta
839 830 1116 873 relationibus
1153 830 1272 873 acad.
1304 844 1396 886 reg.
1428 829 1592 885 Belgic.
1621 835 1721 870 tom.

172 905 340 947 XXIII
368 920 411 945 n.
436 904 483 954 6,
521 903 595 958 qui
632 917 728 944 cum
763 902 887 945 novis
924 902 1009 945 illis
1037 902 1309 959 opinionibus
1353 916 1520 943 omnem
1555 899 1721 943 Galliae

173 977 466 1033 antiquitatem
494 975 736 1032 perturbari
764 975 951 1024 videret,
981 975 1026 1016 id
1060 975 1160 1031 egit,
1190 981 1238 1016 ut
1266 972 1508 1030 provincias
1540 971 1722 1015 Germa-

173 1050 266 1092 nias
304 1050 439 1091 fuisse
481 1048 737 1090 ostenderet.
777 1046 1067 1102 -Quamquam
1107 1062 1185 1089 nos
1221 1053 1352 1089 totam
1387 1060 1477 1087 rem
1515 1051 1556 1086 et
1595 1044 1722 1087 altius

173 1122 302 1178 paulo
328 1121 606 1177 repetivimus
636 1126 677 1161 et
701 1119 880 1162 ulterius
906 1120 1122 1176 persecuti
1154 1134 1316 1162 sumus.

288 1192 401 1236 Cum
430 1193 565 1249 igitur
593 1192 823 1247 Augustus
854 1207 965 1235 anno
989 1192 1041 1236 ‘27
1073 1208 1110 1234 a.
1138 1189 1240 1234 Chr.
1270 1191 1496 1247 imperium
1528 1205 1627 1232 cum
1655 1203 1722 1231 se-

176 1273 280 1309 natu
306 1266 551 1322 populoque
581 1265 775 1307 Romano
802 1265 1050 1320 partiretur,
1087 1264 1333 1306 universam
1361 1262 1566 1312 Galliam,
1593 1276 1722 1317 quam

179 1338 371 1380 nondum
399 1337 501 1380 satis
526 1344 719 1393 pacatam
749 1352 844 1379 esse
873 1337 1145 1387 existimaret,
1175 1336 1255 1379 sibi
1281 1335 1530 1384 reservavit,
1557 1349 1643 1389 qua
1668 1333 1722 1374 de

180 1426 225 1452 re
255 1410 343 1452 Dio
374 1407 498 1451 Cass.
526 1409 656 1459 LIII,
698 1409 747 1452 12
781 1409 842 1451 sic
872 1410 1022 1452 refert:
1068 1413 1139 1451 τοῦ
1173 1410 1217 1450 δὲ
1251 1410 1298 1463 δὴ
1333 1407 1539 1463 Καίσαρος
1569 1405 1720 1462 (ἐνομί-

177 1483 354 1538 σθησαν)
384 1506 439 1512 —
470 1481 651 1523 Γαλάται
679 1484 844 1545 πάντες,
887 1483 931 1524 οῖ’
960 1498 1002 1523 τε
1034 1481 1321 1539 Ναρβωνήσιοι
1350 1481 1416 1522 καὶ
1448 1480 1486 1520 οἱ
1516 1478 1718 1532 Aoo-5300-

141 1575 143 1578 ·
173 1557 304 1611 νήσιοι
334 1554 568 1596 Ἀκοϊτανοί
594 1570 636 1595 τε
667 1555 732 1595 καὶ
761 1553 971 1615 Κελτικοὶ,
1015 1554 1134 1596 αὐτοί
1160 1569 1201 1595 τε
1231 1554 1297 1594 καὶ
1329 1553 1367 1593 οἱ
1397 1552 1559 1593 ἄποικοι
1590 1552 1720 1605 σφῶν.

174 1627 340 1670 Κελτῶν
376 1627 447 1681 γάρ
480 1641 594 1676 τινες,
638 1626 708 1671 οὓς
740 1618 789 1682 δὴ
825 1627 1060 1682 Γερμανοὺς
1089 1627 1318 1681 καλοῦμεν,
1359 1627 1491 1665 πᾶσαν
1521 1623 1591 1677 τὴν
1621 1623 1722 1678 πρὸς

174 1699 231 1757 τῷ
250 1699 389 1757 Ῥήνῳ
414 1698 611 1754 Κελτικὴν
635 1698 915 1754 ’κατασχόντες
945 1698 1171 1754 Γερμανίαν
1204 1696 1480 1751 ὀνομάζεσθαι
1511 1695 1721 1750 ἐποίησαν,

176 1773 246 1827 τὴν
292 1773 363 1827 μὲν
404 1772 511 1822 ἄνω,
556 1771 625 1825 τὴν
664 1770 764 1824 μετὰ
800 1770 870 1815 τὰς
904 1774 975 1812 τοῦ
1009 1773 1196 1825 ποταμοῦ
1228 1769 1377 1824 πηγάς,
1419 1768 1488 1822 τὴν
1525 1767 1570 1808 δὲ
1597 1767 1722 1816 κάτω,

174 1846 244 1900 τὴν
279 1845 399 1900 μέχρι
422 1847 493 1885 τοῦ
516 1833 730 1885 Ὠκεανοῦ
751 1846 822 1883 τοῦ
851 1841 1120 1896 Βρεττανικοῦ
1154 1839 1292 1882 οὖσαν.
1358 1838 1483 1893 Quae
1509 1838 1724 1895 quomodo

176 1917 370 1966 dixisset,
404 1916 622 1972 explicans
653 1914 740 1956 Dio
772 1914 898 1970 paulo
927 1920 1022 1969 post
1052 1913 1239 1956 addidit:
1283 1915 1409 1954 ταῦτα
1428 1912 1473 1952 δὲ
1497 1912 1604 1952 οὕτω
1633 1926 1722 1952 κατ-

178 1989 316 2040 έλεξα,
360 1990 418 2030 ὅτι
457 1991 524 2029 νῦν
565 1987 691 2043 χωρὶς
728 1986 896 2027 ἕκαστον
937 1986 1069 2026 αὐτῶν
1104 1984 1415 2040 ἡγεμονεύεται·
1465 1983 1552 2024 ἐπεὶ
1592 1985 1637 2024 τό
1678 1999 1723 2038 γε

177 2063 348 2117 ἀρχαῖον
389 2061 455 2101 καὶ
483 2059 547 2100 ἐπὶ
574 2058 678 2098 πολὺ
707 2059 774 2098 καὶ
802 2058 948 2109 ᾳύνῧυο
977 2058 1045 2099 καὶ
1077 2057 1239 2112 σύντρια
1266 2056 1315 2097 τὰ
1336 2054 1542 2110 ἔθνη-ἅμα
1560 2055 1724 2110 ἤρχετο.

178 2132 269 2175 Suo
307 2132 442 2188 igitur
475 2138 666 2186 tempore
703 2130 730 2171 i.
761 2144 798 2171 e.
839 2129 1009 2171 saeculo
1043 2145 1085 2185 p.
1114 2126 1216 2171 Chr.
1253 2127 1377 2170 tertio
1414 2127 1609 2177 ineunte,
1652 2141 1723 2169 eas

176 2219 271 2247 esse
299 2205 357 2246 ait
380 2203 645 2259 provincias,
678 2216 754 2244 suo
782 2216 996 2257 quamque
1025 2200 1212 2256 praesidi
1244 2206 1484 2256 parentem,
1519 2214 1626 2254 quas
1657 2213 1724 2241 re-

178 2276 404 2325 censuerit,
433 2282 481 2317 ut
511 2282 614 2317 tunc
644 2290 718 2317 sex
747 2275 791 2316 in
812 2272 966 2316 Galliis
990 2272 1233 2328 provincias
1262 2272 1397 2314 fuisse
1420 2270 1724 2327 intelligamus,

177 2348 520 2397 Narbonensem,
550 2344 1236 2402 Lugdunensem‚·Aquitaniam,
1273 2342 1507 2400 Belgicam,
1542 2341 1724 2385 Germa-

177 2421 289 2462 niam
322 2419 587 2476 superiorem
619 2425 659 2460 et
688 2418 957 2460 inferiorem:
998 2415 1115 2471 quod
1143 2422 1285 2457 autem
1315 2414 1724 2470 adiicit-antiquitus

178 2499 220 2535 et
251 2493 327 2534 diu
356 2491 581 2548 pauciores
609 2490 744 2532 fuisse
774 2489 1030 2546 provincias,
1068 2495 1116 2530 ut
1143 2488 1269 2530 binae
1291 2488 1360 2529 vel
1379 2495 1522 2529 ternae
1541 2485 1724 2542 singulis

177 2563 450 2620 praesidibus
491 2563 853 2618 obtemperarent,
891 2560 1020 2616 paulo
1047 2560 1252 2602 incertius
1287 2566 1352 2602 est
1379 2574 1429 2602 ac
1455 2574 1508 2601 ne
1537 2558 1590 2600 de
1618 2557 1724 2600 Gal-

177 2637 246 2679 liis
273 2636 469 2692 quidem,
508 2649 618 2690 quae
647 2649 796 2676 recens
829 2631 1044 2675 subiectae
1076 2631 1181 2682 sint,
1211 2630 1477 2687 probabilem
1507 2630 1724 2672 coniectu-

177 2724 268 2751 ram
298 2708 498 2750 admittit.
537 2706 579 2748 A
607 2721 692 2762 quo
717 2706 850 2761 igitur
879 2704 1166 2760 cognitionem
1193 2718 1340 2745 eorum
1364 2717 1473 2759 quae
1494 2702 1724 2758 Augustus

179 2781 233 2822 de
251 2780 404 2822 Galliis
436 2778 670 2828 constituit,
697 2777 921 2833 petemus?
970 2775 1041 2818 Ab
1073 2774 1297 2826 Strabone,
1327 2775 1491 2831 opinor,
1520 2774 1594 2830 qui
1627 2789 1724 2816 cum

178 2851 273 2908 ipsa
308 2853 381 2894 illa
419 2858 554 2894 aetate
591 2850 765 2899 vixerit,
814 2857 904 2890 tum
935 2863 1012 2904 pro
1041 2848 1264 2905 diligentia
1300 2863 1378 2890 sua
1406 2862 1456 2889 ea
1485 2861 1594 2902 quae
1623 2853 1725 2887 tunc
