1846 3100
183 128 261 193 {34
631 153 686 186 De
711 151 824 185 Gallia
847 153 1084 185 Romanorum
1105 153 1287 196 provincia.

179 263 287 305 illud
318 263 463 318 magni
493 262 741 305 faciendum
773 275 869 303 esse
901 274 1073 311 censen,
1111 261 1229 316 quod
1260 262 1576 306 Mommsenius
1606 270 1730 306 vetu-

182 335 392 378 stissimas
419 334 734 390 inscriptiones,
766 333 810 374 in
839 331 998 388 quibus
1029 334 1276 390 provinciae
1303 335 1560 378 Germaniae
1584 335 1730 392 appel-

179 409 335 458 lentur,
373 407 456 450 sibi
485 406 622 448 videri
655 405 760 448 dicit
789 419 886 447 esse
914 419 968 446 ex
996 405 1210 448 Hadriani
1238 414 1441 463 tempore,
1471 409 1528 450 A.
1552 407 1731 450 Platorii

180 479 386 523 Pollionis
411 478 568 536 (Orell.
586 494 628 520 n.
645 477 747 532 822)
772 483 814 518 et
839 476 895 530 Q.
913 476 1044 519 Lollii
1065 477 1234 521 Urbici.
1280 477 1348 521 Sit
1374 479 1457 522 hoc
1482 479 1543 522 ita
1572 484 1731 535 (neque

181 552 294 595 enim
330 551 436 594 tanti
476 551 588 594 hanc
622 565 713 592 rem
739 548 1003 600 existimavi,
1039 557 1088 591 ut
1112 551 1346 605 quaerendi
1373 551 1564 594 laborem
1593 553 1731 595 susci-

183 622 363 680 perem),
403 629 516 665 certe
547 623 675 665 simul
705 621 950 664 docendum
974 628 1077 672 erat,
1106 622 1262 664 multas
1281 637 1376 666 esse
1393 623 1549 679 prioris
1567 625 1732 675 aetatis,

181 696 225 737 in
256 694 415 751 quibus
444 694 688 751 provinciae
717 708 873 736 nomen
902 693 1086 743 deesset,
1127 700 1218 735 tum
1251 694 1597 751 significandum,
1627 696 1731 751 quid

180 767 226 809 in
244 766 576 810 Germaniarum
602 773 755 808 natura
776 771 988 807 mutatum
1010 780 1105 808 esse
1128 765 1362 817 videretur,
1392 774 1441 808 ut
1456 782 1541 823 quo
1560 768 1732 811 nomine

181 848 305 882 antea
345 839 606 889 caruissent,
645 838 692 879 id
727 837 952 880 Hadriano
987 837 1222 895 imperante
1259 840 1513 896 acciperent.
1581 839 1732 895 Neque

182 911 396 954 eiusmodi
427 910 656 966 quicquam
686 909 828 953 afferri
857 909 1025 965 poterit.
1071 909 1288 966 Equidem
1318 918 1478 954 tantam
1497 911 1542 954 in
1560 911 1732 954 nomine

183 984 424 1040 provinciae
462 983 532 1026 vel
569 982 803 1025 omittendo
840 982 909 1024 vel
946 981 1147 1024 addendo
1188 982 1516 1026 inconstantiam
1546 983 1732 1034 invenio,

182 1064 230 1098 ut
268 1056 375 1098 nihil
409 1070 589 1112 prorsus
630 1069 684 1097 ex
720 1069 770 1097 eo
805 1054 950 1111 colligi
991 1069 1117 1110 posse
1150 1054 1403 1098 existimem.
1455 1055 1603 1099 Veluti
1634 1055 1732 1111 quis

183 1128 374 1178 dubitat,
417 1129 520 1183 quin
554 1127 682 1183 Syria
721 1127 851 1169 fuerit
876 1127 1127 1183 provincia?
1182 1127 1244 1169 At
1273 1127 1318 1169 in
1353 1129 1550 1185 ἀκεφάλῳ
1580 1127 1732 1170 inscri-

182 1201 339 1258 ptionis
367 1201 624 1256 fragmento,
655 1199 773 1255 quod
804 1214 902 1241 cum
934 1199 1084 1241 aetatis
1102 1199 1356 1254 Augusteae
1385 1199 1452 1250 sit,
1485 1200 1634 1243 Sentio
1651 1199 1733 1242 Sa-

183 1273 356 1315 turnino
395 1272 672 1314 tribuendum
704 1286 799 1314 esse
831 1271 1059 1313 docuimus
1089 1271 1133 1312 in
1167 1269 1407 1314 Comment.
1436 1273 1657 1329 epigr-aph.
1689 1273 1734 1315 ΙΙ

181 1362 224 1402 p.
256 1346 357 1395 125,
395 1345 474 1387 etsi
501 1344 612 1386 Asia
641 1343 800 1386 dicitur
828 1343 1070 1399 provincia,
1104 1343 1233 1398 Syria
1261 1351 1303 1386 et
1329 1344 1546 1387 Phoenice
1577 1359 1629 1387 eo
1656 1360 1733 1388 no-

183 1419 296 1461 mine
337 1424 471 1467 caret,
511 1417 700 1471 itemque
739 1422 854 1458 caret
891 1416 937 1458 in
973 1415 1132 1458 celebri
1159 1415 1283 1457 titulo
1310 1416 1374 1458 M.
1405 1414 1628 1460 Ciceronis
1657 1417 1734 1460 filii

181 1491 298 1548 apud
323 1490 581 1532 Mommsen.
607 1489 744 1531 Inscr.
768 1488 903 1544 Neap.
931 1503 973 1530 n.
996 1488 1121 1538 4320,
1150 1487 1225 1544 qui
1253 1491 1329 1542 leg.
1359 1491 1458 1541 imp.
1490 1490 1600 1531 Caes.
1628 1492 1733 1543 Aug.

183 1567 230 1605 in
260 1565 386 1616 Syria
418 1561 669 1618 appellatur.
723 1559 793 1603 Ac
828 1576 882 1603 ne
912 1560 1009 1616 quis
1043 1560 1125 1602 hoc
1155 1560 1253 1602 ideo
1282 1560 1445 1602 factum
1474 1575 1570 1603 esse
1600 1568 1734 1617 putet,

184 1635 302 1691 quod
330 1634 538 1691 principio
558 1633 751 1690 Augusti
780 1632 1100 1689 provinciarum
1128 1631 1235 1674 ratio
1262 1632 1403 1675 minus
1434 1639 1548 1676 certe
1577 1634 1735 1676 consti-

184 1715 276 1749 tuta
315 1706 470 1756 fuerit,
508 1705 554 1746 in
585 1703 636 1747 C.
666 1704 877 1747 Ummidii
905 1703 1118 1758 Quadrati
1158 1703 1436 1759 inscriptione
1463 1705 1581 1761 apud
1606 1705 1734 1748 eund.

184 1779 443 1821 Mommsen.
469 1794 511 1819 n.
537 1777 647 1820 4234
671 1784 737 1820 est
759 1779 834 1831 leg.
868 1780 932 1818 Ti.
961 1778 1145 1819 Caesaris
1173 1779 1279 1830 Aug.
1300 1790 1419 1829 prov.
1450 1779 1610 1827 Lusit„
1645 1790 1735 1820 tum

179 1867 336 1906 procos.
357 1853 549 1905 provinc.
581 1852 717 1903 Cypri,
748 1855 790 1891 at
820 1851 894 1902 leg.
923 1850 1010 1890 dim·
1034 1849 1185 1890 Claudi
1211 1849 1258 1887 in
1285 1850 1463 1901 Illyrico,
1493 1851 1668 1891 et‘zcsdem
1697 1857 1736 1891 et

187 1928 361 1966 Neronis
391 1926 577 1967 Caesaris
606 1927 711 1975 Aug.
743 1925 789 1962 in
819 1924 957 1975 Syria.
1020 1918 1121 1973 Quo
1154 1920 1259 1975 quid
1288 1927 1429 1976 potest
1460 1935 1555 1964 esse
1586 1922 1735 1964 incon-

188 1997 399 2040 stantius?
457 1995 766 2039 Vetustissima
808 2000 922 2036 certe
956 1999 1046 2035 erat
1081 1991 1302 2047 provincia
1331 1992 1440 2035 Asia
1477 2007 1611 2048 eaque
1642 2009 1736 2036 sae-

185 2069 362 2126 pissime
391 2069 519 2111 etiam
542 2069 587 2110 in
613 2065 966 2123 inscriptionibus
989 2064 1050 2107 sic
1072 2064 1323 2120 appellatur,
1348 2070 1390 2106 at
1406 2063 1451 2106 in
1470 2063 1736 2108 nobilissimo

186 2138 311 2183 titul'o
351 2140 468 2196 apud
499 2140 756 2182 Mommsen.
787 2139 816 2180 l.
844 2138 872 2180 1.
900 2153 943 2179 n.
973 2137 1078 2180 3601
1124 2136 1285 2191 Eprius
1314 2135 1547 2179 Marcellus
1579 2137 1738 2179 dicitur

179 2228 340 2267 procos.
370 2215 491 2254 Asiae
521 2215 596 2262 III,
638 2210 836 2267 quamvis
866 2209 911 2251 in
941 2208 1094 2252 eodem
1118 2211 1337 2262 provincia
1368 2210 1519 2261 Cypros
1549 2223 1735 2252 comme-

187 2291 391 2328 moretur.
437 2284 584 2338 Quare
611 2299 710 2327 cum
737 2283 887 2324 inutile
915 2296 1010 2324 esse
1037 2280 1248 2329 videatur,
1276 2280 1395 2330 haec,
1421 2295 1532 2336 quae
1559 2281 1614 2324 ab
1636 2281 1734 2324 libi-

188 2358 288 2400 dine
330 2357 399 2400 vel
438 2357 704 2413 sculptorum
735 2355 804 2398 vel
834 2369 1005 2402 eorum,
1049 2351 1124 2407 qui
1156 2351 1303 2394 titulos
1337 2361 1598 2408 posuerunt,
1635 2366 1734 2409 pro-

187 2431 299 2473 fecta
318 2436 431 2478 sunt,
458 2428 655 2485 pluribus
675 2426 887 2484 persequi,
915 2425 1022 2467 nihil
1046 2440 1096 2467 ea
1115 2425 1171 2466 ad
1189 2432 1385 2467 naturam
1405 2424 1735 2468 Germaniarum

189 2502 475 2546 definiendam
503 2500 646 2543 valere
678 2513 917 2542 censemus.
972 2497 1064 2540 Nec
1091 2496 1228 2552 magis
1254 2511 1443 2547 moveor,
1472 2496 1603 2552 quod,
1635 2511 1734 2540 cum

189 2583 250 2617 tot
275 2573 543 2630 reperiantur
569 2572 700 2629 legati
717 2570 974 2614 Germaniae
1001 2569 1216 2611 inferioris
1236 2569 1305 2611 vel
1329 2569 1576 2625 superioris,
1605 2568 1737 2611 semel

189 2646 305 2703 apud
335 2645 452 2687 Mur.
483 2661 525 2702 p.
554 2645 650 2695 763,
682 2643 708 2686 2
747 2643 791 2686 in
819 2643 1060 2698 fragmento
1088 2641 1399 2697 inscriptionis,
1440 2640 1558 2697 quod
1587 2654 1738 2696 parum

190 2726 347 2760 certam
383 2716 709 2774 explicationem
741 2714 947 2764 admittit,
986 2717 1060 2767 leg.
1086 2729 1152 2768 pr.
1175 2729 1243 2768 pr.
1276 2729 1407 2756 exerc.
1442 2716 1576 2755 Germ.
1607 2714 1736 2764 infer.

191 2797 558 2840 commemoratur,
589 2795 631 2832 et
655 2787 770 2844 apud
790 2787 996 2830 Kellerm.
1023 2786 1125 2842 Vig.
1150 2801 1192 2827 n.
1210 2786 1290 2829 247
1323 2784 1373 2828 C.
1395 2784 1591 2840 Popilius
1616 2783 1736 2826 Pedo

190 2865 351 2916 legatus
382 2865 479 2915 imp.
498 2863 684 2905 Caesaris
704 2862 912 2902 Antonini
928 2863 1032 2912 Aug.
1061 2860 1132 2900 Pii
1147 2872 1226 2911 pro
1244 2872 1309 2911 pr.
1332 2859 1579 2899 Germaniae
1604 2869 1736 2908 super.
