1846 3100
571 162 623 194 De
650 162 897 204 propagatione
923 161 1069 194 civitatis
1096 162 1282 195 Romanae.
1618 159 1699 202 355

156 270 301 312 senius
339 270 562 312 confessus
594 277 673 311 est.
728 269 941 324 Equidem
980 270 1033 312 ab
1070 270 1176 326 ipsis
1217 269 1284 311 his
1321 270 1524 313 extremis
1556 270 1700 313 verbis

156 342 512 398 proficiscendum
544 341 668 383 nobis
697 357 792 384 esse
822 341 1017 392 arbitror,
1047 343 1082 384 si
1110 342 1164 384 ad
1187 357 1348 392 eorum,
1378 358 1487 398 quae
1509 343 1563 385 ab
1584 343 1703 384 initio

155 414 327 464 fuerint,
368 414 656 457 coniecturam
697 414 920 469 pervenire
956 414 1154 457 velimus.
1208 415 1300 457 Iam
1340 417 1437 456 dum
1479 432 1530 456 ue
1562 419 1704 468 plures

154 489 258 527 cives
295 489 477 528 Romani
508 490 605 527 sint.
637 486 718 528 hoc
749 486 830 528 sibi
862 486 968 536 vult,
1009 487 1174 543 opinor,
1216 487 1249 529 si
1279 487 1426 543 plures
1459 488 1556 537 sint,
1594 487 1703 529 illud

154 559 272 614 quod
302 559 355 601 ab
391 559 510 600 initio
538 559 631 607 fuit,
661 558 753 600 fieri
790 574 876 600 non
907 559 1035 601 licere
1068 560 1136 602 vel
1167 575 1252 601 non
1283 566 1492 615 oportere,
1533 561 1568 602 si
1597 575 1703 616 pau-

155 630 292 674 ciores
330 631 428 680 sint,
462 631 590 673 licere
624 631 691 672 vel
721 638 930 687 oportere.
991 631 1104 674 Tum
1145 639 1243 673 sunt
1279 639 1339 672 tot
1375 635 1478 672 cives
1510 635 1703 681 Romani,

154 711 251 756 quot
279 706 548 756 magistratus
574 719 714 744 creare
741 710 899 757 oportet
923 705 1027 759 quid
1052 704 1169 746 aliud
1199 710 1341 760 potest
1362 703 1604 760 significare
1620 705 1703 746 nisi

156 775 308 818 adesse
338 782 413 825 tot,
447 775 655 831 reperiri?
702 775 761 817 Et
791 776 964 831 quidem
995 777 1171 833 reperiri
1195 791 1279 817 non
1305 776 1582 818 in.universo
1607 791 1704 817 mu-

161 847 319 904 nicipio
349 847 627 904 Salpensano,
657 848 775 903 quod
807 849 898 890 sive
924 848 1068 891 Latini
1099 849 1205 891 iuris
1237 857 1340 899 erat,
1373 848 1477 898 sive,
1510 847 1556 888 id
1586 848 1703 903 quod

158 920 378 976 superiore
424 921 724 962 commentario
764 921 989 977 perspicue
1036 921 1234 963 videmur
1276 921 1491 970 docuisse,
1535 920 1704 962 civitate

154 991 347 1035 Romana
374 992 587 1042 utebatur,
615 1000 728 1034 certe
758 993 902 1048 plures
928 993 1043 1036 cives
1066 993 1284 1036 Romanos
1311 992 1555 1036 continebat
1577 1007 1704 1047 quam

156 1079 232 1106 sex
270 1067 352 1121 (tot
383 1065 494 1106 enim
526 1064 753 1120 quotannis
793 1065 1070 1121 magistratus
1100 1065 1388 1119 creabantur),
1420 1065 1495 1107 sed
1528 1064 1705 1120 reperiri

154 1136 264 1178 inter
289 1150 376 1186 eos,
407 1137 481 1192 qui
513 1136 697 1193 professi
728 1144 870 1179 essent
899 1138 1262 1194 magistratusque
1293 1144 1488 1194 peterent
1519 1137 1591 1190 (cf.
1619 1136 1703 1179 tab.

155 1208 344 1251 Malacit.
373 1225 408 1251 c.
432 1209 528 1265 LI).
584 1209 784 1264 Denique
814 1224 911 1251 oum
942 1209 1048 1253 haec
1078 1210 1274 1253 condicio
1303 1216 1508 1266 sequatur
1537 1211 1632 1250 dum
1654 1225 1705 1249 ue

150 1283 292 1334 plures
319 1284 422 1323 cives
456 1284 639 1322 Romani
663 1285 761 1331 sint,
792 1285 866 1335 qui
885 1285 1182 1336 profiteantur,
1209 1297 1332 1336 quam
1363 1289 1462 1335 quot
1485 1285 1705 1334 magistra-

156 1360 221 1394 tus
257 1355 430 1395 creandi
466 1357 560 1405 sint,
598 1354 668 1396 vel
704 1361 753 1396 ut
790 1355 1044 1398 affirmative
1085 1371 1242 1412 ponam
1280 1358 1319 1396 si
1348 1357 1567 1408 pauciores
1602 1357 1705 1395 cives

158 1427 273 1467 Rom.
295 1429 378 1466 sint
406 1441 528 1479 quam
560 1430 831 1480 magistratus
857 1430 1039 1479 creandi,
1070 1443 1211 1470 nonne
1238 1427 1281 1469 in
1305 1426 1508 1483 primaria
1535 1434 1705 1468 senten-

156 1497 215 1539 tia
254 1497 308 1540 de
345 1498 540 1541 creandis
581 1498 903 1555 magistratibus
941 1498 1027 1542 dici
1065 1500 1264 1555 oportet?
1315 1499 1385 1541 Ex
1427 1498 1555 1541 simili
1592 1499 1704 1541 enim

157 1584 314 1626 genere
355 1570 439 1612 sint
479 1586 656 1613 necesse
693 1578 770 1621 est,
802 1571 919 1627 quod
948 1571 991 1613 in
1023 1572 1274 1615 condicione
1313 1579 1354 1613 et
1383 1571 1499 1627 quod
1536 1571 1580 1612 in
1610 1571 1706 1628 ipsa

158 1642 368 1685 sententia
406 1651 773 1686 commemoratur.
835 1642 982 1697 Quare
1023 1644 1140 1700 quod
1185 1644 1498 1686 Mommsenius
1542 1644 1703 1700 explet:

157 1716 310 1755 Latini
346 1718 599 1768 magistratu
633 1718 855 1770 perfuncti
893 1719 995 1757 cives
1030 1719 1216 1758 Romani
1251 1723 1391 1765 sunto,
1426 1719 1464 1757 si
1490 1719 1706 1770 pauciores

156 1789 259 1827 cives
290 1789 472 1827 Romani
497 1790 580 1828 sint
618 1803 740 1841 quam
770 1791 1042 1841 magistratus
1073 1791 1212 1830 creari
1242 1795 1439 1841 oporteat,
1467 1787 1569 1843 quia
1595 1802 1705 1842 quae

157 1858 355 1900 dissimili
388 1874 441 1900 ex
481 1874 639 1915 genere
669 1867 782 1910 sunt,
816 1860 927 1902 inter
968 1875 1013 1902 se
1056 1867 1153 1916 apta
1187 1860 1310 1908 fiunt,
1350 1859 1524 1902 videtur
1560 1867 1706 1902 contra

155 1931 362 1973 rationem
394 1945 502 1973 esse.
555 1930 726 1984 Quodsi
755 1932 799 1974 in
829 1933 1032 1988 primaria
1061 1932 1272 1975 sententia
1300 1932 1354 1974 de
1389 1931 1585 1974 creandis
1614 1947 1705 1974 ma-

154 2002 405 2059 gistratibus
435 2003 624 2059 praecipi
654 2004 879 2059 oportebit,
907 2004 1093 2046 abeundi
1124 2004 1304 2047 verbum
1335 2019 1421 2046 non
1451 2004 1633 2060 amplius
1655 2020 1705 2047 eo

155 2075 368 2130 pertinere
409 2075 578 2130 poterit,
619 2084 667 2117 ut
696 2077 950 2132 magistratu
982 2076 1176 2127 abierint,
1209 2077 1454 2132 quicunque
1485 2077 1704 2127 abierunt3

156 2147 356 2202 quoniam
385 2147 498 2195 enim
529 2148 830 2190 coniunctivus
861 2149 931 2190 ille
962 2150 1152 2199 abierint,
1185 2164 1210 2190 a
1243 2163 1328 2204 quo
1364 2148 1508 2190 tabula
1541 2149 1704 2205 incipit,

158 2233 212 2260 ex
248 2218 543 2261 coniunctione
579 2220 723 2275 aliqua
757 2224 796 2261 ,η’
821 2221 889 2262 vel
918 2224 1002 2262 πίει·
1038 2220 1106 2263 vel
1146 2219 1274 2262 simili
1305 2220 1477 2262 videtur
1506 2221 1706 2277 pendere,

159 2292 195 2334 si
225 2290 366 2334 abisse
397 2291 609 2342 dicantur,
648 2291 701 2334 de
731 2292 891 2347 quibus
923 2292 1121 2334 creandis
1152 2292 1384 2334 dicendum
1423 2292 1490 2342 sit,
1520 2292 1632 2335 inter
1660 2309 1705 2336 se

164 2363 391 2419 discrepet.
443 2363 594 2418 Neque
631 2363 774 2406 hercle
817 2378 912 2406 cum
955 2378 1260 2420 saepenumero
1306 2363 1548 2419 cogitarim,
1587 2365 1703 2406 aliud

157 2436 316 2486 inveni,
346 2435 429 2478 nisi
462 2436 516 2478 de
545 2436 744 2478 abeundo
774 2451 826 2478 ex
858 2435 995 2490 patria
1021 2436 1332 2490 migrandoque
1359 2435 1404 2477 in
1423 2436 1704 2492 municipium

160 2507 473 2564 Salpensanum
508 2507 616 2550 dici:
658 2507 775 2563 quod
807 2508 843 2550 si
874 2508 933 2550 ita
965 2515 1043 2557 est,
1076 2507 1238 2549 tollitur
1267 2515 1308 2548 et
1336 2506 1446 2549 illud
1483 2508 1599 2562 quod
1630 2509 1705 2563 qui

158 2581 409 2637 magistratu
439 2578 649 2630 abierunt,
679 2580 893 2622 civitatem
921 2580 1158 2622 Romanam
1188 2579 1331 2634 adepti
1363 2594 1458 2622 esse
1486 2587 1704 2636 putantur,

160 2659 201 2694 et
239 2652 470 2709 singularis
508 2652 562 2694 de
593 2651 839 2707 parentibus
879 2652 1049 2694 civitate
1082 2651 1250 2693 donatis
1282 2650 1528 2701 difficultas,
1559 2658 1601 2692 et
1629 2651 1706 2692 de-

158 2724 288 2780 nique
324 2724 434 2779 legis
472 2724 599 2767 huius
637 2739 735 2767 cum
764 2724 865 2767 Gaii
900 2724 1140 2781 praeceptis
1170 2722 1284 2778 (libr.
1308 2724 1343 2772 Ι,
1374 2723 1448 2774 96)
1478 2722 1705 2773 dissensio,

160 2796 214 2838 de
244 2811 329 2852 qua
358 2796 487 2852 paulo
517 2803 615 2852 post
644 2797 852 2840 dicemus.
911 2797 1063 2852 Neque
1096 2802 1210 2838 certe
1242 2795 1358 2850 quod
1382 2795 1491 2851 legis
1525 2793 1705 2850 Salpen-

162 2883 288 2911 sanae
318 2883 408 2924 cap.
437 2868 598 2920 XXII,
629 2869 703 2924 qui
736 2869 951 2912 civitatem
982 2867 1202 2912 consecuti
1241 2868 1339 2918 sint,
1382 2867 1425 2908 in
1457 2866 1706 2917 eorundem,

1353 2939 1442 2984 23*
