1846 3100
175 113 256 158 360
594 117 650 148 De
676 116 923 159 propagatione
951 116 1097 149 civitatis
1125 116 1316 150 Romanae.

175 241 328 283 gemus
341 242 352 277 ;
397 225 562 268 incolae
605 230 749 267 autem
798 230 911 274 sunt,
952 225 1200 281 quicunque
1237 225 1418 270 Latinae
1459 228 1604 286 stirpis
1639 244 1725 272 non

176 298 338 355 recepti
373 298 417 340 in
451 297 589 341 tribus
625 297 892 339 domicilium
922 297 1045 353 quasi
1073 296 1314 341 Romanum
1344 315 1429 342 non
1458 308 1726 357 acceperunt.

290 369 379 414 Sed
414 377 463 412 ut
490 369 546 412 ad
587 384 674 420 eos,
716 369 791 426 qui
821 384 875 411 ex
911 369 1080 412 Latinis
1112 369 1228 412 domi
1269 379 1488 415 manentes
1519 373 1726 429 privatam

178 443 363 486 civitatis
379 442 597 485 Romanae
625 449 790 499 partem
821 441 963 498 adepti
995 448 1127 492 erant,
1147 442 1380 499 disputatio
1403 452 1550 488 nostra
1565 445 1727 496 redeat,

175 514 334 572 quibus
354 515 486 558 rebus
514 515 742 565 caruerint,
769 514 1082 556 intelleximus:
1113 513 1333 569 quaeritur
1350 516 1449 567 iam,
1478 533 1564 574 qua
1589 533 1636 560 re
1658 517 1727 568 iis,

175 589 249 645 qui
294 589 339 630 in
380 587 613 630 Latinitate
653 594 987 643 permanserant,
1027 587 1327 643 praestiterint.
1388 588 1576 632 Necesse
1615 589 1728 632 enim

178 668 244 704 est
283 660 446 716 aliquid
485 659 664 716 praemii
704 659 827 715 quasi
866 659 1106 702 habuerint.
1164 659 1262 702 Non
1297 661 1480 704 multum
1512 662 1560 704 id
1591 662 1727 705 fuisse

179 734 357 776 Tacitus
397 731 515 775 Ann.
545 732 632 783 XI,
664 731 717 775 23
756 731 929 774 videtur
969 731 1229 788 significare,
1267 733 1342 775 ubi
1383 733 1437 775 de
1473 733 1729 776 Aeduorum

178 805 447 863 principibus
497 804 649 847 eodem
692 804 876 847 civitatis
921 804 1140 847 Romanae
1184 820 1340 860 genere
1383 805 1552 849 donatis
1602 806 1727 850 dicit:

163 881 425 932 fruerentur
458 893 557 919 sane
586 878 779 918 vocabulo
814 879 1008 926 civitatis,
1048 877 1102 920 de
1140 892 1226 934 quo
1254 878 1347 920 loco
1376 878 1462 920 iam
1493 893 1624 935 supra
1653 864 1728 921 eit-

176 951 366 1009 positum
404 958 482 1001 est,
522 949 599 992 sed
638 949 822 992 arbitror
851 956 993 991 tamen
1023 949 1157 1000 illum,
1190 951 1398 1007 quicquid
1427 950 1581 1007 privati
1611 966 1728 995 com-

180 1024 296 1067 modi
327 1031 455 1074 esset,
484 1023 606 1079 parvi
645 1022 812 1072 fecisse,
846 1029 974 1078 atque
1006 1038 1055 1065 ea
1081 1030 1259 1074 tantum,
1289 1038 1398 1078 quae
1426 1023 1482 1066 ad
1521 1039 1730 1067 summam

184 1096 494 1154 rempublicam
520 1096 791 1150 honoresque
826 1096 1101 1151 pertinerent,
1137 1096 1374 1138 intuentem
1402 1096 1461 1138 ita
1492 1097 1729 1154 scripsisse.

183 1169 457 1224 Quamquam
485 1169 612 1211 etiam
641 1167 814 1224 publice
851 1168 1014 1223 aliquid
1041 1168 1152 1210 inter
1187 1167 1368 1211 Latinos
1399 1176 1441 1211 et
1469 1168 1580 1211 inter
1613 1169 1730 1212 cives
1781 1159 1786 1163 ⁴

185 1258 238 1284 ex
278 1242 405 1284 Latio
434 1241 632 1284 existimo
660 1240 970 1290 intercessisse,
1000 1240 1043 1282 in
1074 1241 1222 1296 poenis
1252 1241 1436 1283 maxime
1463 1256 1514 1284 ac
1543 1240 1731 1292 iudiciis,

183 1322 232 1357 ut
261 1314 378 1357 cives
406 1314 467 1356 illi
495 1312 686 1368 reliquis,
715 1312 788 1367 qui
818 1312 978 1367 optimo
1003 1313 1095 1355 iure
1128 1320 1283 1363 essent,
1308 1313 1353 1355 in
1383 1313 1583 1356 omnibus
1610 1328 1731 1370 pror-

184 1403 258 1430 sus
287 1386 417 1429 rebus
441 1391 741 1440 aequarentur,
774 1384 857 1427 nisi
887 1384 1003 1440 quod
1025 1400 1105 1427 nec
1125 1385 1180 1427 ad
1198 1384 1336 1428 tribus
1358 1400 1438 1428 nec
1463 1386 1519 1429 ad
1538 1393 1732 1430 senatum

179 1460 449 1515 honoresque
491 1457 723 1500 senatorios
765 1457 1105 1500 admitterentur.
1163 1458 1232 1500 Ac
1263 1457 1317 1500 de
1354 1458 1526 1500 iudiciis
1557 1458 1731 1514 quidem

180 1534 316 1576 multa
343 1538 521 1589 possent
547 1530 772 1587 disputari,
805 1530 882 1573 sed
900 1529 1138 1572 deducerer
1164 1530 1208 1571 in
1235 1545 1432 1587 campum
1459 1538 1501 1573 et
1527 1546 1731 1588 magnum

180 1613 222 1650 et
258 1605 312 1649 ab
342 1605 423 1647 hac
462 1604 712 1660 quaestione
743 1603 953 1653 alienum3
993 1603 1132 1659 ipsam
1167 1602 1302 1660 igitur
1341 1619 1431 1646 rem
1466 1599 1732 1660 significasse

183 1678 382 1721 sufficiat.
428 1677 498 1719 De
527 1677 677 1733 poenis
709 1684 866 1726 autem,
895 1691 1003 1732 quas
1023 1675 1191 1718 Latinis
1215 1675 1410 1732 infligere
1435 1676 1596 1727 liceret,
1626 1676 1733 1719 civi-

180 1752 263 1795 bus
295 1749 500 1793 Romanis
531 1764 618 1791 non
647 1749 809 1799 liceret,
839 1748 1075 1791 dolendum
1106 1757 1171 1790 est
1199 1748 1401 1805 exiguam
1432 1763 1534 1791 sane
1567 1748 1623 1789 ad
1653 1763 1732 1791 nos

181 1823 429 1867 memOriam
466 1823 728 1879 pervenisse.
789 1821 907 1864 Nihil
947 1820 1060 1862 enim
1090 1821 1268 1875 reperio,
1297 1821 1381 1863 nisi
1415 1821 1532 1877 quod
1561 1821 1733 1863 Plutar-

182 1897 289 1939 chus
318 1894 369 1938 C.
388 1895 574 1939 Gracch.
604 1911 640 1938 c.
663 1896 688 1938 9
720 1895 896 1937 Livium
917 1894 1115 1936 Drusum
1145 1900 1303 1943 narrat,
1331 1893 1551 1936 tribunum
1579 1893 1732 1950 plebis,

183 1968 434 2011 destruendi
470 1967 658 2011 Gracchi
690 1983 820 2010 causa
844 1967 987 2023 legem
1017 1966 1182 2016 tulisse,
1211 1981 1266 2008 ne
1291 1981 1418 2021 quem
1444 1966 1651 2008 Latinum
1679 1981 1733 2008 ne

183 2042 227 2083 in
258 2041 409 2083 militia
450 2040 625 2097 quidem
658 2040 794 2096 virgis
837 2039 1015 2082 caedere
1056 2039 1204 2081 liceret
1233 2038 1367 2091 (ὅπως
1398 2038 1492 2094 μήδ’
1525 2039 1589 2080 ἐπὶ
1621 2053 1733 2094 στρα·

183 2115 291 2160 τείας
339 2113 412 2170 ἐξῇ
454 2129 541 2156 τινα
583 2114 763 2155 Λατίνων
807 2113 972 2168 ῥάβδοις
1012 2110 1280 2165 αἰκίσασθαι).
1335 2111 1479 2153 Antea
1514 2110 1651 2167 igitur
1689 2110 1734 2152 in

187 2186 338 2228 militia
366 2186 500 2242 virgis
532 2186 710 2228 caedere
734 2185 928 2234 licuerat,
958 2191 1076 2226 extra
1103 2183 1278 2225 militam
1311 2199 1397 2225 non
1426 2183 1618 2225 licuerat.
1661 2183 1735 2225 In-

184 2266 348 2302 certum
380 2264 522 2300 tamen
553 2263 631 2307 est,
660 2273 763 2299 num
792 2256 921 2299 Livia
949 2256 1019 2298 lex
1047 2256 1100 2298 iis
1128 2255 1396 2306 Latinorum,
1423 2255 1495 2311 qui
1519 2255 1734 2298 civitatem

183 2330 402 2380 haberent,
439 2330 719 2386 praecipuum
755 2329 935 2385 aliquod
959 2328 1027 2370 ius
1065 2342 1167 2384 prae
1196 2327 1372 2382 reliquis
1399 2327 1565 2369 Latinis
1594 2326 1732 2369 tribu-

186 2404 278 2453 erit,
307 2418 426 2453 num,
455 2402 529 2457 qui
559 2402 719 2458 optimo
755 2402 848 2444 iure
885 2401 1002 2443 cives
1039 2409 1195 2450 essent,
1226 2407 1366 2442 tamen
1393 2399 1475 2442 hoc
1502 2399 1547 2440 in
1577 2413 1733 2455 genere

185 2475 484 2531 praestiterint.
537 2474 602 2516 Ne
632 2474 741 2516 illud
772 2473 948 2529 quidem
981 2479 1158 2522 constat,
1187 2487 1306 2522 num,
1337 2472 1456 2528 quod
1481 2471 1637 2513 Livius
1664 2477 1733 2512 tu-

184 2548 305 2597 lerat,
332 2547 543 2603 perlatum
574 2561 625 2589 ac
647 2552 946 2588 conservatum
976 2545 1043 2586 sit.
1086 2544 1259 2586 Etenim
1283 2545 1327 2586 in
1347 2544 1459 2586 bello
1475 2542 1733 2599 Iugurthino

187 2617 419 2661 Sallustius
459 2634 494 2660 c.
524 2619 577 2662 69
609 2626 752 2660 narrat
789 2617 842 2659 ab
880 2617 934 2670 Q.
963 2616 1140 2658 Metello
1172 2616 1223 2658 T.
1250 2616 1493 2672 Turpilium
1524 2612 1733 2664 Silanum,

185 2691 450 2747 praefectum
477 2691 626 2747 oppidi
657 2689 710 2732 ab
741 2689 938 2732 hostibus
963 2688 1088 2744 capti,
1114 2688 1230 2744 quod
1249 2688 1429 2744 turpiter
1454 2687 1732 2743 profugisset,

186 2763 456 2805 verberatum
495 2763 631 2819 capite
671 2777 832 2819 poenas
874 2761 1067 2803 solvisse.
1128 2762 1232 2801 Nam
1281 2763 1328 2809 is,
1370 2759 1520 2814 inquit,
1551 2762 1650 2799 civis
1683 2773 1731 2799 ex

187 2838 313 2878 Latio
341 2842 443 2876 erat.
501 2835 634 2878 Hunc
659 2850 763 2877 num
789 2832 934 2876 Latini
960 2832 1067 2874 iuris
1101 2832 1237 2874 fuisse
1267 2831 1500 2888 putamus?
1543 2830 1640 2872 Non
1668 2829 1733 2871 vi-
