1846 3100
202 136 280 179 130
630 139 683 172 De
711 138 827 172 Gallia
851 138 1085 172 Romanorum
1112 131 1298 179 proi-incia.

199 248 395 291 Drusum
436 248 574 290 filium
615 246 821 303 cupidum
863 245 1024 302 gloriae
1066 245 1318 302 imperiique
1360 259 1454 288 esse
1493 243 1748 287 ostendebat

199 321 323 377 (Tac.
355 322 473 366 Ann.
495 321 560 371 ΙΙ,
591 320 679 374 26).
748 319 840 361 Iam
885 318 1072 374 quietem
1110 333 1188 374 per
1222 317 1439 374 proximos
1472 317 1747 372 insequentes

199 409 332 436 annos
362 394 408 435 in
433 392 666 436 Germania
698 391 858 440 fuisse,
900 390 1098 432 Drusum
1126 396 1271 432 autem
1298 389 1368 431 vel
1396 389 1440 431 in
1466 389 1574 432 urbe
1606 389 1675 432 vel
1702 390 1747 431 in

197 467 372 523 Illyrico
403 473 622 508 versatum
654 479 748 507 esse
778 463 901 520 (Tac.
929 461 1046 505 Ann.
1071 462 1139 512 II,
1173 461 1247 518 44)
1282 462 1456 504 scimus.
1516 461 1747 504 Probabile

197 538 332 594 igitur
367 545 454 588 est,
497 537 720 580 reductam
758 551 854 580 esse
886 541 1070 578 veterem
1103 533 1342 577 Galliarum
1372 535 1649 584 divisionem,
1685 540 1747 585 ut,

197 625 306 665 quae
334 625 432 666 pars
461 610 730 666 imperatoris
760 615 896 659 esset,
933 606 1071 650 tribus
1105 607 1281 663 legatis,
1322 607 1527 663 Belgico,
1558 606 1747 663 Lugdu-

198 682 335 731 nensi‚
364 681 627 737 Aquitanico
653 689 836 738 pareret.
895 680 957 723 At
981 679 1090 722 duas
1121 694 1174 721 ex
1200 679 1268 721 his
1295 679 1527 736 provinciis
1557 679 1628 722 vix
1650 679 1747 722 Au-

198 762 376 811 gustus,
421 754 559 810 gloria
595 769 740 796 rerum
777 760 997 810 gestarum
1034 759 1161 807 atque
1202 766 1342 794 amore
1377 752 1526 808 populi
1552 746 1746 795 “Romani

199 827 302 869 satis
341 834 484 877 tutus,
524 826 675 869 alienis
711 824 957 867 hominibus
994 824 1264 867 commiserat
1293 839 1343 866 ac
1373 824 1462 866 fere
1495 824 1746 867 coniunctos

199 914 345 941 secum
385 899 527 954 aliqua
562 898 883 941 necessitudine
919 897 1127 953 elegerat,
1164 911 1273 952 quos
1304 896 1432 938 tantis
1463 896 1595 952 copiis
1623 909 1746 952 prae-

197 971 356 1020 ficeret,
383 971 542 1013 nedum
561 970 786 1013 Tiberium
811 970 1119 1019 existimemus,
1146 968 1220 1024 qui
1248 975 1289 1010 et
1314 975 1466 1010 natura
1490 968 1750 1024 suspicacior

198 1050 313 1087 esset
347 1059 428 1086 nec
465 1043 556 1086 sine
597 1057 727 1086 causa
760 1057 830 1085 res
868 1056 1002 1084 novas
1034 1042 1224 1091 timeret,
1262 1048 1420 1083 temere
1449 1041 1615 1096 legatos
1644 1054 1747 1083 suos

197 1117 361 1173 ingenti
394 1116 584 1172 potentia
609 1129 798 1157 ornasse.
864 1114 1010 1170 Atque
1040 1121 1193 1156 auctus
1222 1120 1313 1155 erat
1339 1120 1527 1155 extremo
1557 1112 1747 1169 Augusti

198 1197 387 1245 tempore
406 1202 614 1230 numerus
636 1187 871 1243 legionum,
898 1193 947 1228 ut
968 1193 1171 1241 quattuor
1189 1185 1245 1228 ad
1264 1184 1522 1235 inferiorem,
1548 1191 1749 1239 quattuor

198 1261 253 1303 ad
271 1261 534 1317 superiorem
545 1259 746 1301 Rhenum
763 1265 920 1309 essent,
936 1273 1043 1313 quas
1060 1258 1153 1314 ipse
1164 1258 1394 1314 Augustus
1412 1256 1569 1299 nemini
1582 1263 1748 1313 praeter

198 1332 420 1375 Tiberium
458 1340 500 1374 et
538 1331 846 1375 Germanicum
880 1331 1114 1373 mandarat.
1172 1329 1296 1383 Quae
1330 1345 1429 1371 cum
1464 1329 1524 1370 ita
1557 1328 1665 1379 sint,
1710 1328 1747 1371 si

197 1421 325 1461 quam
363 1412 462 1462 post
490 1405 741 1461 Augustum
777 1403 1094 1460 provinciarum
1123 1402 1395 1458 partitionem
1427 1400 1746 1444 commemorari

199 1478 438 1528 videamus,
467 1492 553 1533 qua
579 1478 819 1534 legatorum
848 1475 1038 1532 potentia
1068 1474 1286 1516 minuatur
1314 1473 1533 1529 maiorque
1562 1473 1746 1528 impera-

198 1551 280 1593 tori
322 1550 528 1593 securitas
571 1556 772 1606 paretur,
816 1563 910 1590 eam
946 1547 1028 1589 hoc
1064 1546 1248 1588 maxime
1285 1553 1474 1602 tempore
1507 1545 1745 1587 institutam

199 1638 293 1666 esse
329 1622 419 1665 veri
459 1622 538 1664 erit
569 1621 720 1664 simile.
782 1621 876 1663 Iam
907 1621 1108 1675 frequens
1139 1625 1285 1675 postea
1310 1623 1376 1660 est
1403 1615 1745 1666 Germaniarum,

198 1711 305 1752 quas
351 1695 434 1737 sub
475 1694 681 1750 Augusto
725 1693 866 1735 nullas
909 1692 1044 1735 fuisse
1088 1691 1339 1740 docuimus,
1387 1688 1745 1738 commemoratio,

198 1782 380 1823 quarum
415 1766 672 1822 principium
711 1765 765 1807 ad
796 1764 1020 1807 Tiberium
1046 1763 1314 1819 potissimum
1344 1762 1446 1818 imp.
1473 1761 1746 1804 referendum

198 1854 292 1881 esse
334 1839 638 1894 intelligemus.
707 1837 858 1893 anue
898 1852 968 1879 res
1016 1835 1264 1878 certissimis
1301 1833 1554 1876 testimoniis
1591 1833 1746 1875 confir-

198 1919 351 1954 matur.
413 1910 587 1952 Etenim
628 1910 778 1965 quinto
819 1923 930 1950 anno
967 1914 1196 1963 postquam
1235 1906 1422 1948 decessit
1461 1904 1745 1948 Germanicus

198 1998 251 2025 ex
280 1982 458 2032 Galliis,
499 1983 526 2024 i.
555 1997 592 2024 e.
632 1996 741 2024 anno
772 1981 818 2023 21
853 1995 895 2036 p.
927 1978 1053 2029 Chr„
1092 1986 1234 2020 motus
1265 1978 1440 2033 quidam
1474 1992 1550 2033 per
1579 1976 1744 2020 Gallias

198 2055 430 2098 extiterunt
468 2054 667 2097 concitati
705 2053 759 2096 ab
797 2052 909 2095 Iulio
941 2051 1066 2094 Floro
1095 2050 1275 2092 Treviro
1306 2057 1348 2091 et
1372 2048 1484 2090 Iulio
1516 2048 1745 2092 Sacroviro

199 2125 370 2177 Aeduo,
401 2142 508 2182 quos
535 2142 713 2168 narrans
743 2109 919 2168 Tacitus
952 2123 1110 2167 Annal.
1135 2122 1218 2172 ΙΙΙ,
1252 2122 1297 2164 41
1333 2121 1562 2164 Visellium
1584 2121 1745 2164 Varro-

197 2214 294 2241 nem
314 2198 570 2241 Germaniae
595 2198 808 2240 inferioris
834 2198 1025 2254 legatum
1049 2194 1251 2237 nominat.
1296 2193 1427 2235 Unde
1447 2193 1581 2249 igitur
1603 2192 1745 2235 subito

201 2270 434 2313 Germania
469 2270 643 2313 inferior
681 2271 860 2325 eiusque
897 2270 1067 2325 legatus
1105 2267 1264 2316 extitit,
1305 2265 1388 2306 nisi
1417 2264 1618 2308 Tiberius
1647 2271 1746 2321 post

199 2344 386 2386 reditum
431 2342 679 2386 Germanici
725 2341 969 2398 provincias
1014 2339 1107 2382 illas
1154 2337 1409 2380 Germanias
1458 2337 1744 2380 instituisset?

201 2413 471 2471 Quamquam
513 2416 575 2457 sic
615 2429 691 2457 sex
723 2429 932 2456 annorum
964 2411 1148 2468 spatium
1178 2410 1453 2464 relinquitur,
1494 2423 1579 2464 quo
1607 2423 1744 2451 novae

199 2487 444 2543 provinciae
473 2487 691 2543 potuerint
718 2485 904 2527 institui:
947 2484 1047 2526 licet
1085 2490 1227 2524 autem
1261 2482 1404 2538 ipsum
1434 2497 1593 2524 annum
1622 2481 1743 2524 inve-

198 2559 303 2602 nire.
357 2558 529 2601 Etenim
560 2573 658 2601 cum
684 2558 842 2600 Florus
870 2557 966 2606 ille,
1001 2570 1129 2611 quem
1157 2554 1267 2603 dixi,
1300 2554 1526 2610 populares
1557 2567 1658 2595 suos
1688 2552 1743 2596 ad

198 2646 315 2674 arma
340 2631 547 2687 capienda
579 2630 853 2679 concitasset,
890 2628 1052 2681 petebat
1080 2629 1224 2676 saltus,
1255 2627 1398 2680 quibus
1428 2641 1575 2667 nomen
1607 2627 1744 2666 Ardu-

197 2718 327 2751 enna,
358 2717 451 2743 cum
478 2706 655 2756 legiones
684 2708 857 2753 utroque
885 2701 935 2741 ab
965 2702 1166 2748 exercitu,
1199 2713 1300 2751 quas
1336 2699 1520 2740 Visellius
1547 2704 1587 2738 et
1613 2698 1656 2739 C.
1681 2699 1744 2737 Sa·-

197 2777 279 2815 lius
307 2776 488 2815 adversis
518 2774 734 2814 itineribus
761 2773 1010 2823 obiecerant,
1055 2777 1285 2811 arcuerunt
1325 2769 1449 2826 (Tac.
1477 2769 1634 2811 Annal.
1660 2766 1742 2817 III,

199 2845 286 2899 42).
346 2845 434 2888 Hic
477 2844 527 2887 C.
559 2844 693 2887 Silius
727 2852 792 2886 est
814 2844 919 2902 ⁶ipse
959 2844 1029 2885 ille
1063 2844 1232 2899 legatus
1265 2840 1532 2890 Germanici,
1574 2840 1628 2881 de
1656 2853 1742 2895 quo
