1846 3100
587 140 641 173 De
664 140 776 173 Gallia
798 139 1030 172 Romanorum
1057 141 1242 182 provincia.
1632 139 1685 184 65

137 247 329 299 obtinere
358 248 620 304 provinciam
651 249 778 291 etiam
807 263 919 297 eum,
949 249 1024 304 qui
1053 249 1214 291 Romae
1245 258 1489 293 versaretur
1517 252 1687 307 (quam-

137 334 265 375 quam
302 320 520 362 insolitum
556 321 601 362 id
637 328 727 363 erat
759 335 937 376 eamque
971 321 1026 363 ob
1057 336 1146 363 rem
1189 321 1242 363 ab
1277 322 1417 364 Dione
1456 327 1688 378 narratur),

138 391 294 434 deinde
326 392 369 434 in
395 393 490 449 ipso
512 393 596 436 iam
626 393 866 442 consulatu,
899 407 984 434 non
1015 393 1142 435 modo
1167 401 1266 450 post
1289 402 1486 437 exactum
1507 396 1550 438 in
1581 396 1687 439 urbe

137 464 416 521 magistratus
451 481 624 516 annum,
654 465 880 508 Metellum
909 466 1171 522 provinciam
1203 467 1455 510 obtinuisse.
1514 469 1687 510 Etenim

137 537 255 592 quod
284 537 339 579 L.
370 538 547 580 Flavius
588 538 850 586 minabatur,
895 539 1035 580 facere
1071 539 1212 594 potuit
1249 540 1457 595 quamdiu
1489 540 1688 582 tribunus

136 608 276 664 plebis
305 617 416 660 erat,
457 610 533 652 sed
576 625 673 652 cum
711 617 901 653 extremo
939 626 1050 653 anno
1081 611 1136 654 60
1165 612 1386 654 tribunatu
1416 612 1688 662 decessisset,

139 681 231 723 sine
263 681 396 724 dubio
419 681 596 724 Metello
623 682 667 723 in
698 683 979 738 provinciam,
1008 699 1138 739 quam
1167 699 1385 739 nunquam
1417 685 1688 742 deposuerat,

138 752 255 794 exire
285 752 453 796 licebat.
497 753 770 810 Quamquam
794 770 847 797 ne
877 755 1119 810 insequenti
1150 756 1324 810 quidem
1354 772 1465 799 anno
1494 758 1688 807 Romam,

138 831 186 866 ut
215 825 260 867 in
288 826 553 880 provinciam
584 827 942 882 proficisceretur,
974 827 1158 882 reliquit.
1203 828 1311 870 Nam
1343 829 1437 885 ipso
1463 829 1543 871 hoc
1563 845 1689 880 anno,

138 911 224 952 quo
242 897 535 941 Narbonensis
564 899 731 941 Galliae
759 914 836 955 pro
869 900 1044 941 consule
1075 908 1177 950 erat,
1210 908 1406 942 mortuus
1437 909 1502 943 est
1532 902 1688 958 (siqui-

140 968 239 1011 dem
268 969 317 1013 P.
349 969 596 1020 Vatinium,
640 971 744 1013 dum
787 971 988 1014 tribunus
1028 971 1167 1028 plebis
1196 981 1282 1022 est,
1320 973 1363 1014 id
1395 975 1537 1029 egisse
1567 983 1616 1016 ut
1645 975 1689 1016 in

139 1041 232 1083 eius
276 1041 420 1084 locum
457 1057 599 1098 augur
638 1042 782 1093 fieret,
826 1051 969 1085 narrat
1007 1041 1162 1086 Cicero
1211 1060 1252 1101 p.
1289 1044 1402 1087 Sest.
1442 1047 1489 1096 ὃς
1537 1047 1590 1088 cf.
1634 1047 1689 1089 ad

142 1116 231 1156 Att.
261 1114 320 1164 Π,
349 1114 396 1169 9)
432 1130 482 1156 ac
511 1122 706 1158 mortuus
733 1123 799 1158 est
830 1116 972 1159 subito
1003 1117 1072 1159 die
1101 1117 1225 1158 tertio
1254 1125 1482 1173 postquam
1516 1118 1689 1175 publice

138 1187 182 1228 in
211 1187 318 1229 urbe
345 1187 505 1243 prodiit
534 1186 646 1242 (Cic.
678 1203 754 1243 pro
783 1186 901 1230 Cael.
931 1204 966 1230 c.
997 1189 1083 1236 24).
1152 1189 1298 1243 Quare
1327 1204 1403 1246 per
1430 1198 1560 1232 totam
1590 1206 1689 1247 pro-

139 1258 303 1301 vinciae
333 1259 743 1302 administrationem
776 1260 964 1303 Galliam
988 1261 1312 1303 Narbonensem
1339 1277 1558 1317 nunquam
1590 1262 1690 1304 visit

139 1331 216 1387 (cf.
246 1331 334 1372 Dio
361 1331 635 1382 XXXVIII,
668 1332 729 1388 7),
761 1347 840 1374 nec
872 1340 1011 1374 tamen
1041 1334 1183 1375 minus
1214 1334 1251 1375 ei
1283 1334 1470 1390 praefuit
1501 1350 1580 1377 nec
1609 1335 1690 1376 hoc

139 1403 318 1459 cogitari
344 1418 430 1444 non
459 1411 612 1459 potest,
643 1419 740 1446 cum
766 1405 937 1446 nomine
967 1413 1091 1447 tenus
1119 1420 1169 1447 ac
1198 1406 1291 1448 iure
1320 1416 1550 1463 praeesset,
1580 1422 1690 1463 quae

141 1474 255 1516 dona
285 1472 529 1517 Suevorum
557 1491 633 1517 rex
659 1477 844 1527 miserat,
877 1477 932 1519 ad
962 1493 1061 1528 eum
1089 1478 1351 1534 pervenisse.
1413 1477 1527 1520 Cum
1558 1479 1691 1535 igitur

141 1546 199 1599 Q.
229 1546 433 1590 Metellus
464 1564 593 1591 unam
622 1564 674 1590 ex
705 1549 782 1598 iis,
817 1565 924 1604 quas
949 1548 1043 1591 Cic.
1073 1549 1128 1591 ad
1156 1549 1248 1591 Att.
1278 1550 1322 1599 I,
1358 1551 1406 1592 19
1439 1549 1690 1592 consulibus

141 1618 335 1660 decretas
364 1634 458 1661 esse
479 1621 549 1670 ait,
571 1621 836 1677 provinciam
855 1636 956 1663 vere
987 1622 1154 1672 rexerit,
1186 1621 1374 1663 dubitari
1393 1623 1555 1677 nequit,
1586 1622 1690 1678 quin

141 1690 307 1746 collega
335 1691 428 1734 eius
449 1690 634 1735 Galliam
651 1691 917 1749 Cisalpinam
942 1693 1154 1743 habuerit,
1185 1694 1435 1750 praesertim
1464 1709 1563 1736 cum
1591 1709 1690 1736 eum

139 1769 276 1804 totum
309 1764 583 1820 magistratus
613 1780 774 1807 annum
800 1766 843 1806 in
874 1765 982 1807 urbe
1012 1766 1274 1822 transegisse
1300 1773 1466 1808 constet
1496 1764 1610 1822 (Cic.
1635 1766 1690 1808 ad

143 1837 232 1877 Att.
262 1834 304 1885 I,
334 1836 388 1878 20
424 1843 466 1877 et
495 1836 562 1886 II,
602 1836 661 1892 3).
725 1837 1012 1894 Triumphum
1050 1837 1249 1893 quidem,
1295 1853 1424 1893 quem
1455 1836 1610 1879 Cicero
1645 1838 1690 1879 in

141 1906 230 1949 Pis.
259 1922 295 1949 c.
323 1907 376 1950 20
408 1916 721 1959 commemorat,
753 1925 805 1951 ex
835 1917 1034 1966 praetura
1059 1910 1203 1966 potius
1229 1925 1358 1966 quam
1384 1924 1437 1951 ex
1465 1909 1690 1952 consulatu

142 1980 316 2022 videtur
342 1980 498 2036 egisse.

256 2052 481 2094 Persecuti
522 2067 672 2095 sumus
719 2052 941 2095 historiam
979 2054 1226 2110 provinciae
1255 2053 1422 2097 Galliae
1460 2070 1598 2110 usque
1636 2054 1690 2097 ad

144 2121 195 2165 C.
223 2124 323 2166 Iulii
352 2122 551 2167 Caesaris
582 2125 876 2173 consulatum,
917 2139 1004 2180 quo
1046 2133 1134 2168 toto
1169 2134 1358 2182 tempore
1396 2141 1492 2168 cum
1524 2127 1692 2169 nullum

143 2196 374 2251 vestigium
396 2196 702 2246 invenerimus,
732 2196 850 2251 quod
870 2196 1001 2239 ullam
1029 2212 1122 2240 eam
1141 2198 1400 2253 peculiarem
1429 2199 1691 2254 provinciam

143 2267 278 2309 fuisse
308 2269 519 2318 ostendat,
551 2284 719 2325 semper
747 2283 841 2310 eam
858 2269 1147 2312 intelleximus
1172 2284 1270 2311 cum
1284 2269 1408 2311 Italia
1435 2270 1570 2312 fuisse
1588 2284 1691 2312 con-

143 2338 332 2382 iunctam
379 2347 505 2395 atque
553 2340 674 2382 alteri
723 2341 947 2382 consulum
994 2342 1165 2384 evenire
1212 2341 1502 2383 consuevisse.
1580 2341 1690 2383 Nam

144 2411 488 2467 quandocunque
521 2413 589 2454 vel
623 2411 810 2454 externis
840 2413 1072 2467 provinciis
1103 2420 1282 2468 uterque
1313 2413 1464 2455 consul
1492 2413 1690 2469 praefuit,

146 2484 266 2525 velut
295 2483 514 2527 dictatoris
534 2485 680 2526 Sullae
698 2493 902 2540 tempore,
931 2485 1001 2527 vel
1028 2485 1190 2527 nullam
1221 2485 1393 2527 omnino
1422 2485 1528 2526 alter
1543 2483 1693 2526 habuit

142 2556 426 2611 provinciam,
457 2556 502 2597 id
529 2556 647 2616 quod
665 2554 866 2598 Ciceroni
891 2556 1061 2606 accidit,
1086 2556 1155 2599 vel
1186 2565 1366 2613 uterque
1396 2556 1582 2612 denique
1605 2557 1691 2599 Ita-

145 2627 269 2676 liam,
309 2635 425 2669 certa
457 2627 668 2682 quaedam
707 2642 838 2670 causa
884 2628 1067 2671 suberat.
1130 2629 1252 2671 Haec
1288 2629 1395 2671 ratio
1433 2635 1593 2670 mutata
1627 2635 1693 2671 est

147 2696 199 2740 C.
227 2699 340 2740 Iulio
370 2697 556 2741 Caesare
585 2699 648 2740 M.
681 2697 916 2755 Calpurnio
949 2701 1106 2742 Bibulo
1147 2701 1410 2743 consulibus.
1475 2699 1565 2752 Qui
1594 2715 1692 2742 cum

146 2779 339 2826 peterent
372 2771 640 2813 consulatum
675 2771 891 2827 vulgoque
920 2780 1174 2828 putarentur
1199 2773 1361 2814 factum
1389 2771 1465 2821 iri,
1503 2779 1692 2822 senatus,

147 2850 195 2884 ut
224 2843 438 2900 potentiae
469 2841 668 2886 Caesaris
699 2842 870 2885 obviam
896 2844 1001 2894 iret,
1041 2860 1094 2886 ex
1121 2844 1217 2900 lege
1248 2844 1503 2899 Sempronia
1532 2844 1691 2887 futuris

1400 2916 1424 2957 5
