1846 3100
12 1536 33 1580 2⁴2³
14 1519 16 1522 ⁴

606 140 659 173 De
687 140 801 174 Gallia
829 141 1062 173 Romanorum
1093 140 1267 183 provincia
1662 139 1716 184 67

173 246 248 302 qui
277 261 374 289 eum
404 247 650 299 adiuvabat,
681 263 766 290 non
799 255 975 290 externa
1000 249 1183 291 maxima
1203 250 1420 306 provincia
1449 250 1615 292 adiecta
1640 257 1717 293 est.

173 317 294 372 Quid
320 319 454 375 igitur
471 320 648 362 minoris
667 320 827 376 negotii
860 319 1038 376 cogitari
1068 328 1219 376 potest,
1251 337 1378 377 quam
1406 337 1456 364 ea
1484 323 1717 378 provincia,

173 405 283 446 quae
313 392 387 433 uni
415 392 580 434 consuli
612 392 704 434 dari
731 399 968 443 consuerat,
998 392 1107 434 inter
1138 393 1246 436 duos
1275 394 1444 436 divisa?
1492 394 1584 436 Nec
1617 410 1719 437 vero

170 462 277 504 locis
305 463 433 506 modo
462 479 512 506 ac
541 465 676 520 spatio
695 465 918 507 consulum
940 465 1185 521 provinciae
1213 466 1561 523 circumscriptae
1586 474 1718 517 erant,

173 550 325 577 verum
345 536 469 577 etiam
491 543 693 592 tempore.
746 536 856 578 Nam
876 537 1076 593 quoniam
1099 538 1326 593 quotannis
1346 538 1465 580 alteri
1492 539 1719 581 consulum

172 607 298 650 Italia
328 607 499 650 decerni
528 609 701 659 solebat,
726 608 856 651 fiebat
884 610 1139 659 necessario,
1174 618 1222 652 ut
1251 626 1392 652 annua
1416 618 1581 653 tantum
1607 618 1718 654 esset

174 679 279 722 haec
307 681 539 735 provincia,
576 681 643 723 vel
674 681 709 723 si
745 691 974 737 prorogato
1005 683 1183 739 imperio
1212 683 1254 724 in
1284 683 1528 739 proximum
1559 698 1719 725 annum

173 753 415 810 pertineret,
445 769 524 796 nec
542 754 723 796 multum
742 754 1044 796 extenderetur
1059 763 1099 796 et
1117 771 1214 797 cum
1245 755 1327 797 alio
1359 755 1647 805 divideretur3
1680 762 1721 797 at

177 832 375 868 externae
405 826 650 882 provinciae
676 826 872 883 pluribus
890 834 995 869 tunc
1023 828 1145 869 annis
1166 843 1215 870 ac
1238 828 1326 869 fere
1349 828 1530 870 triennio
1556 828 1720 870 obtine-

177 897 345 940 bantur.
409 899 601 955 Apparet
635 899 791 955 igitur,
837 907 1037 954 quantam
1079 900 1160 942 sibi
1196 899 1394 941 iniuriam
1433 900 1587 941 factam
1627 914 1721 942 esse

178 970 335 1026 putarit
353 969 403 1012 C.
421 969 592 1017 Caesar.
623 972 696 1027 qui
724 988 821 1014 cum
849 972 1019 1014 rediens
1048 987 1099 1014 ex
1120 972 1343 1028 Hispania,
1372 979 1421 1013 ut
1451 973 1719 1014 consulatum

180 1041 502 1098 adipisceretur,
524 1044 788 1100 triumphum
805 1045 1143 1101 contempsisset,
1165 1052 1280 1086 tanto
1297 1044 1496 1086 maiorem
1521 1039 1721 1087 victoria-

180 1129 277 1156 rum
297 1115 463 1172 copiam
489 1130 541 1158 ex
569 1117 782 1158 consulari
803 1117 1023 1173 provincia
1050 1116 1258 1173 sperabat.
1292 1116 1581 1159 Veruntamen
1612 1117 1721 1173 opti-

181 1194 314 1230 mates
330 1203 426 1230 cum
444 1186 620 1231 Caesari
640 1197 854 1231 externam
876 1190 1141 1246 provinciam
1161 1189 1262 1231 dare
1281 1189 1455 1239 nollent,
1485 1203 1569 1244 quo
1599 1204 1720 1245 prae-

183 1266 303 1301 textu
334 1260 596 1303 utebantur?
625 1262 730 1316 quid
758 1263 823 1304 sui
856 1262 1069 1318 purgandi
1098 1277 1225 1304 causa
1258 1261 1539 1304 dictitabant?
1570 1261 1720 1318 Neque

183 1331 294 1374 enim
316 1339 400 1374 tam
420 1333 536 1374 nulla
566 1334 795 1389 prudentia
823 1343 954 1385 erant,
985 1341 1033 1376 ut
1052 1332 1251 1376 Caesaris
1276 1349 1406 1376 causa
1418 1335 1601 1377 tantulas
1620 1350 1722 1377 con-

185 1403 352 1446 sulibus
382 1405 625 1460 provincias
657 1406 828 1448 decerni
857 1407 1091 1448 faterentur
1118 1413 1191 1448 aut
1221 1422 1306 1448 non
1334 1421 1386 1448 ex
1425 1421 1542 1449 more
1579 1414 1721 1450 vetere

183 1476 325 1532 egisse
354 1476 492 1519 videri
527 1485 744 1534 cuperent.
796 1478 1011 1520 Nimirum
1045 1479 1262 1535 superiore
1299 1495 1408 1521 anno
1445 1494 1650 1536 magnum
1679 1481 1723 1522 in

179 1547 350 1591 civitate
379 1556 538 1591 metum
570 1550 671 1592 belli
690 1549 847 1592 Gallici
874 1551 1010 1594 fuisse
1043 1551 1244 1601 diximus,
1273 1566 1382 1606 quae
1409 1566 1539 1594 causa
1571 1553 1723 1602 fuerat,

178 1627 227 1662 ut
265 1620 319 1674 Ω.
355 1621 531 1663 Metello
569 1630 609 1664 et
646 1621 698 1663 L.
729 1622 907 1665 Afranio
944 1623 1195 1666 consulibus
1234 1623 1343 1665 duae
1376 1622 1540 1666 Galliae
1575 1623 1723 1665 decer-

181 1700 398 1745 nerentur,
423 1694 496 1749 qui
523 1702 662 1736 metus
693 1695 772 1736 etsi
793 1695 962 1737 interim
991 1696 1229 1745 refrixerat,
1262 1695 1443 1738 dubium
1472 1702 1612 1737 tamen
1635 1703 1724 1738 erat

177 1781 231 1807 an
264 1773 377 1808 esset
407 1766 640 1808 rediturus.
685 1766 756 1809 Ab
786 1767 866 1810 hoc
895 1768 1028 1822 igitur
1054 1774 1170 1810 metu
1201 1767 1299 1822 quia
1325 1766 1591 1810 liberandam
1624 1782 1718 1810 esse

178 1836 375 1879 dicebant
411 1837 560 1879 urbem
601 1838 872 1894 Italiamque,
917 1839 1014 1882 ideo
1052 1855 1076 1881 a
1113 1854 1228 1881 more
1265 1839 1578 1881 discedendum
1622 1854 1717 1882 csse

178 1908 398 1964 putabant,
430 1917 478 1951 ut
505 1911 716 1953 ambobus
746 1912 996 1954 consulibus
1012 1912 1180 1954 Italiam
1205 1912 1501 1954 decernerent:
1533 1912 1722 1955 facturos

185 1995 231 2023 se
267 1981 427 2032 fuisse,
463 1990 511 2024 ut
549 1982 658 2026 duas
692 1981 879 2033 Gallias,
915 1983 942 2025 i.
975 1999 1011 2026 e.
1051 1984 1126 2026 uni
1158 1983 1480 2026 Narbonensem
1523 1984 1722 2035 Galliam,

185 2052 305 2094 alteri
330 2054 495 2096 Italiam
527 2069 625 2097 cum
652 2054 793 2098 Gallia
822 2053 1040 2111 Cisalpina
1067 2057 1338 2106 mandarent,
1371 2056 1446 2098 sed
1478 2057 1592 2098 illam
1625 2071 1723 2113 pro-

179 2123 362 2168 vinciam
396 2127 530 2168 teneri
561 2143 585 2169 a
613 2126 668 2181 Q.
700 2128 876 2170 Metello
910 2128 1094 2170 necdum
1122 2144 1248 2185 posse
1287 2129 1431 2171 adimi.
1495 2128 1723 2171 Securitati

178 2197 311 2252 igitur
321 2198 467 2240 Italiae
485 2198 655 2241 duobus
675 2199 972 2242 consularibus
991 2200 1249 2243 exercitibus
1266 2201 1520 2256 duobusque
1538 2201 1721 2256 impera-

181 2268 345 2311 toribus
368 2285 462 2312 esse
494 2271 819 2313 consulendum.
861 2272 1110 2314 Afferebant
1131 2273 1310 2315 fortasse
1334 2273 1460 2314 etiam
1481 2272 1583 2314 belli
1603 2270 1723 2314 Cim-

131 2357 133 2359 ·
183 2340 290 2383 brici
330 2348 540 2398 tempora,
583 2358 680 2385 cum
722 2343 823 2385 item
861 2343 1031 2399 saepius
1072 2343 1281 2386 ambobus
1322 2343 1571 2386 consulibus
1602 2343 1725 2386 Italia

148 2429 154 2435 ·
183 2412 354 2455 decreta
383 2421 458 2456 est.
515 2414 637 2457 Haec
670 2415 805 2471 igitur
829 2415 891 2457 illi
921 2430 1006 2457 non
1038 2416 1128 2458 sine
1157 2416 1336 2457 honesta
1361 2415 1545 2470 quadam
1582 2414 1723 2470 specie

182 2483 454 2535 dictitabant,
494 2486 569 2527 sed
597 2484 759 2529 Caesar
788 2487 902 2543 ipse,
943 2502 1041 2529 cum
1081 2487 1297 2530 civitatem
1335 2487 1408 2528 illo
1439 2494 1554 2528 metu
1590 2485 1724 2528 teneri

167 2555 453 2612 ¹intelligeret,
485 2572 614 2612 quam
641 2558 812 2600 tandem
845 2559 1108 2615 provinciam
1137 2559 1471 2614 concupisceret,
1510 2572 1619 2613 quae
1648 2572 1724 2599 cu-

183 2627 351 2683 piditati
383 2643 484 2670 suae
516 2628 763 2671 sufficeret?
804 2630 1046 2674 Placuisset
1076 2631 1115 2672 ei
1143 2637 1256 2673 certe
1275 2629 1565 2672 Narbonensis
1585 2628 1725 2671 Gallia

185 2707 226 2741 et.
245 2714 402 2756 magna
422 2707 463 2741 et
486 2699 676 2743 barbaris
698 2701 852 2752 vicina,
871 2717 981 2757 quae
1009 2717 1107 2744 cum
1129 2702 1221 2744 dari
1241 2715 1325 2743 non
1346 2708 1503 2756 posset,
1535 2701 1726 2757 proxima

185 2772 421 2813 consularis
451 2772 669 2827 provincia
687 2782 776 2816 erat
804 2774 1007 2816 alterutra
1021 2773 1351 2830 Hispaniarum3
1382 2773 1457 2814 sed
1478 2773 1726 2816 ulteriorem

185 2842 277 2899 ipse
307 2858 390 2884 non
416 2842 550 2884 multo
580 2851 676 2886 ante
703 2844 922 2895 habuerat,
954 2846 1124 2888 citerior
1153 2845 1280 2887 modo
1312 2845 1360 2887 P.
1392 2842 1592 2887 Cornelio
1609 2844 1726 2888 Len-

1403 2916 1463 2959 5.
