1846 3100
178 176 228 220 16
618 177 673 210 De
698 175 813 210 Gallia
839 177 1071 210 Romanorum
1095 177 1279 219 provincia.

175 286 303 330 simul
333 286 402 330 111
413 287 480 330 vir
514 286 632 343 agris
663 300 717 329 ex
748 285 845 342 lege
869 284 1123 342 Sempronia
1150 285 1424 343 assignandis
1452 291 1586 336 esset,
1623 299 1722 328 cum

173 360 314 416 legem
345 359 399 401 de
429 359 599 402 civitate
617 359 744 402 sociis
760 357 903 401 danda
921 358 1035 400 ferre
1051 358 1276 415 coepisset,
1305 373 1484 416 magnos
1510 357 1720 400 tumultus

175 432 410 482 excitasse,
447 447 586 488 neque
614 431 667 474 ab
697 431 974 474 similitudine
1004 431 1094 473 veri
1125 430 1345 482 abhorret,
1375 446 1497 482 eum,
1525 444 1580 472 ne
1609 443 1722 472 rem-

173 504 393 562 publicam
423 503 714 560 perturbaret,
758 502 811 546 ab
852 503 1127 561 optimatibus
1169 510 1332 545 motum
1366 517 1482 554 esse,
1525 509 1574 544 ut
1614 501 1722 544 urbe

174 577 324 620 relicta
349 576 510 619 bellum
539 576 647 618 illud
675 576 925 631 susciperet.
967 576 1071 628 Sed,
1101 576 1191 619 sive
1221 591 1300 619 sua
1329 580 1479 632 sponte
1501 572 1605 617 abiit
1631 573 1722 616 sive

176 656 349 692 senatus
368 649 571 705 impulsu,
599 648 682 691 hoc
699 647 792 690 fieri
809 662 894 690 non
910 648 1101 705 potuisse
1127 654 1256 704 patet,
1284 647 1320 690 si
1339 661 1467 689 suum
1483 645 1723 703 praesidem

176 719 319 764 Gallia
354 720 578 763 habuisset
615 734 695 763 nec
739 735 837 762 eum
873 720 996 763 Italia
1033 721 1076 762 in
1120 720 1250 762 unius
1288 718 1532 776 provinciae
1565 723 1723 760 sortem

176 793 402 835 coniuncta
429 793 598 835 fuisset.
648 791 922 849 Quamquam
949 799 1106 843 autem,
1138 799 1187 834 ut
1213 792 1415 842 diximus,
1445 789 1508 832 M.
1537 788 1723 832 Fulvius

173 880 252 922 pro
283 879 370 908 cos.
399 866 444 906 in
473 864 616 908 Gallia
643 866 819 916 mansit,
858 872 1000 908 tamen
1031 880 1142 908 anno
1176 864 1254 908 124
1284 871 1466 920 uterque
1497 863 1724 906 consulum

179 936 229 980 C.
259 936 440 981 Cassius
470 937 698 995 Longinus
739 944 781 980 et
810 935 860 980 C.
891 935 1067 981 Sextius
1099 936 1307 980 Calvinus
1339 936 1519 979 eandem
1546 935 1723 993 provin-

176 1010 282 1053 ciam
327 1010 463 1052 sortiti
508 1009 647 1054 Gallis
687 1010 982 1067 Transalpinis
1023 1010 1185 1054 bellum
1229 1010 1467 1052 intulerunt
1512 1008 1722 1065 (Eutrop-

174 1082 262 1133 IV,
294 1083 397 1138 22):
448 1098 556 1139 quae
599 1098 667 1125 res
704 1083 829 1125 aliam
859 1081 1047 1133 Galliae,
1090 1083 1216 1125 aliam
1252 1082 1514 1138 reliquarum
1549 1080 1722 1138 provin-

178 1156 340 1199 ciarum
372 1156 668 1199 condicionem
710 1155 844 1198 fuisse
884 1156 1084 1198 ostendit.
1147 1156 1199 1197 In
1233 1154 1300 1197 his
1340 1153 1548 1210 quamdiu
1587 1153 1724 1196 libera

175 1229 258 1272 fuit
284 1228 527 1286 respublica
542 1229 746 1279 Romana,
778 1243 995 1284 nunquam
1015 1228 1184 1278 accidit,
1212 1234 1260 1269 ut
1285 1227 1372 1268 duo
1397 1233 1542 1269 essent
1571 1225 1724 1268 eodem

176 1308 366 1358 tempore
403 1301 646 1358 praesides3
685 1302 761 1344 sed
799 1301 994 1357 quamvis
1037 1315 1241 1356 magnum
1275 1299 1516 1349 immineret
1548 1297 1722 1348 bellum,

176 1381 218 1417 et
246 1375 290 1416 in
313 1375 527 1431 Hispania
558 1383 599 1417 et
623 1375 668 1416 in
699 1375 848 1417 Africa
878 1381 920 1416 et
947 1374 991 1415 in
1018 1372 1293 1422 Macedonia,
1333 1371 1527 1428 singulos
1557 1385 1725 1427 semper

176 1447 338 1490 tuendo
365 1447 544 1503 imperio
564 1447 757 1490 Romano
790 1448 1029 1504 praefectos
1060 1460 1155 1488 esse
1185 1444 1443 1488 invenimus.
1484 1443 1585 1487 Una
1600 1442 1725 1487 Italia

175 1520 258 1563 hoc
286 1520 437 1562 habuit
461 1520 591 1570 iuris,
624 1527 673 1562 ut
702 1536 727 1563 a
755 1520 954 1577 pluribus
985 1519 1136 1562 eodem
1169 1524 1360 1574 tempore
1393 1516 1723 1573 imperatoribus

177 1593 506 1644 defenderetur3
547 1608 677 1649 quare
710 1593 827 1649 quod
855 1600 896 1635 et
926 1592 1008 1634 hoc
1038 1606 1149 1634 anno
1181 1597 1223 1633 et
1252 1589 1454 1646 deinceps
1477 1586 1723 1645 vcomplures

178 1666 306 1709 simul
337 1680 435 1708 eum
471 1665 608 1708 Gallis
638 1665 799 1708 bellum
833 1665 1021 1721 gessisse
1050 1669 1225 1713 constat,
1254 1662 1371 1705 haud
1402 1661 1534 1704 dubio
1567 1660 1725 1703 indicio

178 1738 277 1788 erit,
316 1753 389 1780 eos
417 1753 503 1780 non
537 1738 592 1780 ad
624 1738 804 1780 formam
834 1737 1154 1794 provinciarum
1178 1734 1327 1792 populi
1357 1733 1540 1777 Romani
1567 1732 1724 1775 consti-

177 1817 307 1861 tutos,
344 1810 422 1853 sed
452 1810 599 1853 Italiae
626 1810 940 1866 quodammodo
965 1810 1059 1851 iure
1087 1823 1189 1851 usos
1217 1822 1325 1850 esse.
1398 1805 1570 1848 Etenim
1598 1804 1724 1848 etiam

177 1898 288 1926 anno
322 1883 422 1933 123,
465 1883 540 1938 qui
572 1883 713 1939 priore
741 1897 852 1925 anno
881 1881 1063 1938 profecti
1103 1887 1243 1930 erant,
1287 1884 1517 1936 prorogato
1545 1877 1725 1934 imperio

176 1971 256 2012 pro
273 1955 524 1998 consulibus
541 1955 586 1997 in
599 1954 741 1998 Gallia
753 1960 1060 2003 remanserunt,
1071 1952 1227 2008 quibus
1240 1950 1481 1994 accessitT.
1491 1949 1724 2004 Quinctius

177 2028 447 2072 Flamininus
479 2042 584 2077 cos„
613 2027 688 2082 qui
718 2033 857 2068 tamen
883 2041 981 2069 cum
1009 2032 1183 2082 propter
1208 2024 1440 2067 seditiones
1467 2022 1724 2066 domesticas

177 2116 255 2158 per
291 2100 495 2143 maiorem
539 2099 638 2141 anni
679 2098 747 2141 sui
787 2106 952 2155 partem
986 2098 1029 2139 in
1070 2097 1176 2140 urbe
1209 2096 1470 2139 versandum
1507 2094 1590 2138 sibi
1630 2110 1725 2138 esse

177 2173 449 2228 intelligeret,
480 2171 739 2229 prorogandi
756 2185 834 2227 pro
855 2170 1105 2213 consulibus
1119 2169 1287 2226 imperii
1303 2169 1570 2212 occasionem
1590 2166 1724 2210 dedit.

286 2244 386 2287 Hoc
414 2250 556 2286 autem
583 2244 672 2286 fere
706 2258 816 2286 anno
848 2259 874 2285 a
906 2240 956 2284 C.
978 2241 1174 2285 Graccho
1204 2242 1300 2297 lege
1329 2239 1583 2297 Sempronia
1610 2240 1726 2283 illam

177 2317 496 2374 provinciarum
514 2315 805 2358 Romanorum
835 2314 1124 2364 mutationem,
1155 2329 1284 2369 quam
1298 2313 1482 2370 Pighius
1512 2312 1726 2368 ceterique

177 2396 277 2446 post
306 2404 405 2431 eum
436 2388 516 2430 viri
543 2388 656 2430 docti
685 2402 837 2444 parum
869 2392 981 2429 recte
1009 2386 1065 2427 ad
1090 2400 1248 2427 annum
1280 2385 1357 2427 146
1378 2385 1630 2436 retulerunt,
1658 2386 1725 2428 in-

181 2461 372 2504 stitutam
414 2475 509 2503 esse
545 2460 764 2509 existimo,
804 2466 853 2501 ut
892 2465 1109 2515 praetores
1146 2463 1374 2514 postquam
1401 2456 1562 2500 Romae
1596 2457 1725 2500 iuris-

180 2534 411 2576 dictionem
440 2533 711 2582 habuissent,
745 2531 790 2573 in
819 2530 1062 2587 provincias
1092 2529 1466 2586 proficiscerentur
1495 2543 1574 2586 pro
1601 2543 1726 2585 prae·

180 2606 358 2649 toribus.
408 2604 611 2648 Vidimus
639 2603 751 2646 enim
780 2602 1100 2659 prorogationes
1129 2601 1418 2658 imperiorum,
1450 2615 1559 2657 quae
1582 2606 1726 2643 vetere

180 2694 297 2721 more
329 2692 450 2721 rarae
480 2682 600 2719 erant
628 2690 708 2718 nec
736 2675 824 2718 fere
851 2673 1191 2730 usurpabantur‚
1219 2674 1302 2717 nisi
1332 2680 1522 2717 morante
1553 2686 1726 2715 succes-

182 2766 300 2802 sore,
337 2749 543 2807 proximis
573 2762 682 2805 quae
713 2746 971 2789 antecedunt
998 2746 1263 2803 temporibus
1293 2744 1602 2803 frequentiores
1633 2743 1726 2787 fieri

181 2838 231 2866 ac
266 2822 390 2865 facile
430 2819 684 2878 apparebat,
730 2833 824 2869 eas,
874 2834 972 2862 cum
1007 2819 1091 2862 iam
1119 2826 1280 2876 septem
1310 2824 1453 2863 essent
1479 2815 1725 2875 provinciae

186 2894 424 2938 ordinariae
441 2893 577 2950 quasi,
599 2907 685 2935 non
701 2907 829 2949 posse
847 2891 1008 2942 evitari,
1030 2891 1114 2934 nisi
1132 2906 1358 2935 numerum
1375 2897 1620 2948 praetorum
1637 2903 1727 2931 am-
