1846 3100
170 134 222 177 44
612 137 666 169 De
694 135 806 169 Gallia
828 136 1061 169 Romanorum
1084 137 1267 179 provincia.

169 246 268 290 anni
288 247 347 291 v84
377 246 580 290 memoria
609 252 818 302 superest,
847 260 934 301 quo
962 245 1095 287 iidem
1122 242 1203 288 Cn.
1236 242 1380 288 Carbo
1410 252 1452 289 et
1479 247 1533 289 L.
1559 244 1714 298 Cinna,

131 345 135 348 -
169 326 261 361 tum
287 319 370 362 hoc
401 319 544 362 occiso
575 318 647 360 ille
674 318 792 360 solus
822 318 1089 360 consulatum
1117 318 1273 374 gessit,
1313 318 1386 374 qui
1415 318 1520 374 quin
1547 319 1716 362 Italiam

168 391 435 448 provinciam
463 406 546 434 non
574 391 702 434 armis
731 390 873 441 modo,
906 405 1056 433 verum
1078 390 1340 445 sorteetiam
1361 390 1607 442 obtinuerit,
1630 406 1715 434 non

169 471 235 507 est
264 464 459 507 dubium.
509 464 600 506 Iam
631 463 684 506 de
715 463 808 505 eius
838 463 1062 519 provincia
1091 463 1153 506 sic
1178 470 1320 506 narrat
1349 461 1503 506 Cicero
1532 464 1577 506 in
1590 463 1715 507 Verr.

167 536 264 578 libr.
294 537 330 587 I,
365 536 414 579 13
445 536 499 579 de
531 534 582 578 C.
605 536 743 578 Verre
770 535 942 578 dicens:
986 538 1184 583 Quaestor
1209 537 1341 591 (anno
1373 535 1447 591 84)
1476 551 1524 576 ez
1552 543 1718 578 senatus

168 612 353 651 consulto
382 610 646 662 provinciam
677 610 846 649 sortitus
880 623 942 648 es:
984 610 1129 661 obtigit
1158 609 1235 649 tz‘bz·
1260 610 1508 658 consularis,
1545 614 1595 648 ut
1623 622 1716 649 cum
1774 633 1776 635 -

167 683 332 723 consule
363 682 435 724 Cn.
466 681 647 723 Carbone
685 695 782 721 esses
817 684 985 734 eam'que
1017 684 1279 734 provinciam
1313 680 1523 722 obtineres.
1579 679 1718 722 Addit

169 753 326 796 deinde
352 753 535 810 pecunia
560 759 736 808 accepta
766 751 946 795 Verrem
973 752 1019 794 in
1050 751 1236 795 Galliam
1266 752 1329 795 ad-
1349 739 1715 795 exereitum'con-

170 825 354 868 sularem
378 824 562 874 venisse,
590 823 667 866 sed
696 839 806 866 anno
831 832 942 880 post,
971 825 1119 867 relicta
1140 825 1327 868 Arimini
1356 840 1465 881 quae
1494 830 1717 880 supererat

170 899 366 955 pecunia,
385 898 439 940 ad
457 897 511 939 L.
530 896 695 939 Sullam
715 897 932 940 transisse.
960 896 1010 939 In
1030 897 1096 940 his
1124 898 1309 955 primum
1326 897 1716 941 animadvertemus

170 971 407 1013 exercitum
430 970 698 1012 consularem
719 969 804 1011 dici
831 969 873 1011 in
893 968 1036 1012 Gallia
1055 971 1204 1021 fuisse,
1236 971 1311 1027 qui
1332 970 1368 1012 si
1383 969 1480 1020 fuit,
1509 968 1716 1024 sequitur,

168 1050 217 1085 ut
254 1043 406 1086 consul
445 1042 538 1099 ipse
576 1058 666 1085 eam
706 1041 972 1098 provinciam
1013 1042 1212 1086 habuerit
1250 1057 1428 1098 eamque
1467 1056 1565 1084 cum
1594 1040 1718 1083 Italia

174 1115 454 1158 coniunxerit.
530 1113 620 1157 Sed
668 1129 822 1170 operae
863 1115 1049 1171 pretium
1087 1123 1152 1158 est
1194 1116 1321 1158 etiam
1360 1116 1455 1171 ipsa
1494 1113 1716 1156 Ciceronis

169 1187 302 1230 verba
330 1187 580 1243 diligentius
613 1187 908 1237 considerare,
947 1202 1056 1243 quae
1088 1187 1274 1231 Galliam
1311 1202 1396 1229 non
1423 1186 1558 1229 fuisse
1589 1185 1716 1227 talem

168 1260 447 1316 provinciam,
477 1259 626 1315 quales
659 1260 833 1301 fuerunt
865 1259 1068 1315 reliquae,
1099 1268 1244 1317 aperte
1276 1259 1531 1316 significant.
1572 1257 1716 1312 Quam

170 1333 283 1375 enim
313 1332 578 1389 provinciam
605 1332 810 1387 obtigisse
838 1332 896 1374 ait
923 1332 1079 1375 Verri?
1139 1333 1353 1375 Nimirum
1384 1332 1494 1374 hanc
1523 1338 1573 1373 ut
1603 1338 1717 1373 esset

169 1421 267 1449 cum
296 1406 492 1449 consule:
523 1420 621 1447 eum
651 1419 748 1447 cum
771 1404 962 1447 exercitu
983 1404 1117 1447 fuisse
1134 1405 1178 1447 in
1199 1404 1353 1448 Gallia.
1390 1405 1483 1447 Iam
1507 1403 1716 1446 faciamus

169 1477 434 1536 Cisalpinam
452 1477 639 1521 Galliam
668 1477 762 1520 eius
792 1477 963 1534 generis
995 1478 1129 1520 fuisse
1158 1478 1437 1534 provinciam,
1469 1477 1592 1520 cuius
1613 1485 1716 1520 tunc

168 1559 258 1594 erat
279 1551 575 1607 Transalpina,
608 1550 732 1593 cuius
754 1549 917 1600 Africa,
947 1550 1071 1592 cuius
1103 1550 1306 1606 reliquae,
1335 1549 1586 1606 consulique
1608 1547 1716 1592 Car-

169 1623 267 1666 boni
297 1638 390 1666 eam
416 1623 633 1666 evenisse:
680 1637 821 1664 nonne
851 1622 913 1664 sic
944 1622 1086 1678 potius
1118 1622 1260 1665 dicere
1294 1621 1455 1672 debuit,
1486 1621 1612 1664 Verri
1639 1620 1716 1664 ob-

168 1697 318 1753 tigisse
349 1696 536 1739 Galliam
566 1693 850 1751 Cisalpinam,
891 1709 1000 1750 quae
1036 1710 1134 1737 cum
1163 1694 1399 1737 consularis
1431 1701 1566 1744 esset,
1603 1693 1716 1736 acci-

169 1769 310 1819 disse,
348 1776 396 1811 ut
434 1784 531 1811 cum
559 1766 758 1810 Carbone
785 1766 927 1809 esset?
983 1766 1144 1810 Notum
1182 1767 1295 1809 enim
1325 1773 1391 1808 est
1417 1765 1715 1822 quaestoribus

167 1857 253 1883 non
283 1842 424 1884 minus
456 1849 568 1884 sorte
594 1841 714 1883 datas
744 1854 838 1881 esse
865 1840 1109 1895 provincias
1136 1855 1263 1896 quam
1295 1837 1545 1881 consulibus
1576 1853 1715 1894 neque

169 1914 320 1957 eadem
348 1915 484 1957 fuisse
513 1919 789 1969 quaestorum
820 1919 1012 1968 tempora
1042 1927 1092 1954 ac
1119 1911 1393 1968 praesidum,
1432 1918 1480 1953 ut
1516 1917 1717 1967 quaestor

171 1994 375 2037 maneret,
404 2002 502 2028 cum
532 2000 705 2042 praeses
726 1985 967 2034 decederet,
999 1991 1040 2026 et
1069 1991 1227 2026 contra.
1269 1983 1415 2036 Quare
1446 1998 1544 2025 cum
1562 1981 1716 2025 Cicero

169 2059 347 2102 Verrem
368 2058 482 2100 dicat
500 2058 689 2100 consulis
708 2058 868 2099 factum
887 2071 981 2098 esse
999 2063 1282 2112 quaestorem,
1310 2055 1349 2097 ei
1373 2062 1545 2112 propter
1558 2055 1716 2112 ipsum,

171 2146 300 2186 quem
328 2137 510 2186 gereret,
543 2129 811 2172 consulatum
838 2128 1023 2171 Galliam
1056 2127 1322 2184 Cisalpinam
1352 2143 1435 2169 una
1465 2142 1564 2170 cum
1594 2127 1718 2170 Italia

171 2203 364 2259 paruisse
394 2203 659 2258 colligemus.
717 2200 864 2244 Secuti
894 2208 994 2242 sunt
1021 2215 1130 2242 anno
1162 2200 1214 2242 83
1243 2200 1295 2242 L.
1320 2197 1545 2242 Cornelius
1569 2197 1716 2256 Scipio

174 2285 216 2317 et
244 2273 295 2317 C.
324 2274 555 2317 Norbanus
584 2274 777 2324 Bulbus,
817 2273 891 2329 qui
927 2274 984 2314 ita
1014 2272 1160 2314 ltaliae
1195 2272 1422 2328 imperium
1463 2271 1716 2322 diviserunt,

170 2354 216 2389 ut
256 2347 486 2390 Norbanus
532 2346 795 2395 inferiorem,
841 2345 988 2401 Scipio
1032 2344 1294 2401 superiorem
1342 2344 1573 2400 acciperet3
1618 2358 1717 2385 nam

171 2420 294 2462 illum
316 2418 492 2476 Capuae
523 2418 777 2468 constitisse,
808 2417 922 2458 hunc
953 2417 1112 2459 auxilio
1140 2431 1448 2472 approperasse
1478 2415 1594 2472 App.
1619 2415 1716 2457 bell.

170 2492 251 2534 civ.
280 2492 327 2542 I,
362 2492 414 2534 84
458 2498 612 2533 narrat.
658 2488 726 2532 Cf.
759 2489 873 2531 Plut.
903 2488 1053 2544 Pomp.
1085 2504 1120 2531 c.
1145 2489 1185 2531 7.
1238 2488 1378 2544 Eique
1413 2488 1475 2530 rei
1505 2487 1717 2538 convenit,

168 2564 285 2620 quod
317 2562 471 2607 Cicero
500 2563 544 2604 in
571 2562 694 2604 Verr.
723 2562 769 2612 I,
803 2561 852 2602 14
884 2560 947 2602 Μ.
980 2560 1180 2602 Pisonem
1219 2575 1315 2602 cum
1348 2558 1399 2602 C.
1430 2559 1565 2603 Verre
1601 2573 1716 2602 com-

168 2651 324 2693 parans
359 2636 418 2679 ait
456 2650 554 2678 cum
584 2640 786 2690 quaestor
817 2633 982 2676 consuli
1014 2632 1263 2688 obtigisset,
1301 2632 1356 2675 ad
1389 2630 1535 2674 Sullae
1575 2636 1716 2687 partes

170 2709 391 2758 transisse,
419 2707 463 2749 in
490 2722 574 2763 quo
597 2705 750 2749 Cicero
784 2706 820 2748 si
849 2720 1002 2747 nomen
1031 2704 1276 2761 provinciae
1305 2703 1545 2753 adiecisset,
1574 2703 1716 2745 minus

172 2780 456 2836 significasset
487 2778 671 2822 Galliam
704 2776 969 2834 Cisalpinam
1000 2792 1098 2820 cum
1128 2777 1252 2819 Italia
1274 2776 1410 2819 fuisse
1436 2775 1715 2818 coniunctam.

172 2851 373 2894 Habebat
401 2859 542 2895 tamen
572 2851 700 2893 etiam
728 2848 808 2893 Cn.
839 2847 981 2892 Carbo
1010 2856 1288 2906 prorogatum
1323 2847 1550 2904 imperium
1580 2845 1716 2902 (App.
