1846 3100
571 151 626 183 De
660 149 772 183 Gallia
796 151 1030 183 Romanorum
1066 150 1249 194 provincia.
1627 149 1682 192 95

132 260 433 316 relinquerent,
463 261 630 303 militari
659 268 821 303 tantum
843 262 1022 318 imperio
1045 269 1280 310 uterentur,
1311 260 1542 317 Augustus
1569 261 1683 303 eius-

134 348 218 389 que
255 348 525 376 successores
564 341 606 375 et
641 334 724 389 ipsi
761 350 786 376 a
817 334 985 376 militari
1022 334 1200 390 imperio
1228 333 1409 390 profecti
1439 333 1683 377 universam

134 405 441 462 rempublicam
486 413 715 447 tenuerunt
753 414 795 448 et
834 406 987 462 legatis
1029 406 1119 448 suis
1152 421 1250 448 cum
1279 405 1485 448 militibus
1516 421 1683 448 omnem

135 477 306 520 omnino
342 477 683 520 iurisdictionem
717 479 999 520 tradiderunt.
1056 478 1153 520 Hoc
1185 478 1299 534 apud
1330 493 1403 519 eos
1434 478 1508 533 qui
1540 493 1684 520 rerum

134 550 426 593 Romanarum
454 549 580 606 periti
612 558 725 601 sunt,
757 551 816 593 ita
845 558 1032 601 constat,
1070 557 1118 592 ut
1146 551 1271 606 plura
1303 550 1445 593 dicere
1478 566 1684 607 superva-

136 637 315 666 caneum
356 622 411 664 sit
449 636 587 677 neque
617 637 834 672 veremur,
876 637 930 664 ne
960 622 1057 677 quis
1089 623 1264 674 existat,
1308 624 1377 666 cui
1404 623 1685 666 Fechteriana

136 693 368 750 disputatio
402 693 620 750 probetur.
685 695 836 751 Neque
867 710 917 737 ea
944 695 1106 750 placuit
1134 695 1299 737 Theod.
1324 696 1611 738 Mommsenio
1640 696 1685 738 in

136 764 235 808 Act.
263 766 407 809 societ.
435 766 560 809 litter.
593 764 753 809 Saxon.
782 767 904 823 Lips.
935 768 1034 809 anni
1067 768 1171 810 1853
1201 783 1243 823 p.
1267 769 1348 811 230
1375 784 1451 823 sq„
1483 769 1556 824 qui
1588 783 1685 809 cum

136 838 190 881 de
218 838 370 881 Africa
399 846 440 880 et
469 839 675 882 Numidia
704 839 988 895 disputasset,
1022 840 1147 882 etiam
1176 839 1229 881 de
1259 839 1402 882 Gallia
1436 842 1611 896 Belgica
1645 847 1686 881 et

137 910 382 954 Germaniis
423 911 555 962 dixit,
598 912 779 954 laudans
810 911 879 953 ille
910 912 1084 966 quidem
1112 912 1277 962 verbis,
1317 928 1426 968 quae
1456 913 1526 954 ille
1554 927 1686 969 expo-

138 991 294 1034 suerat,
321 983 398 1025 sed
424 999 470 1025 re
495 984 590 1039 ipsa
614 985 673 1026 ita
696 984 939 1033 discedens,
964 991 1013 1025 ut
1032 999 1186 1026 novam
1208 985 1423 1039 quandam
1443 985 1686 1041 opinionem

136 1055 413 1112 proposuisse
452 1055 662 1098 videatur.
718 1056 956 1099 Verissima
991 1055 1103 1097 enim
1141 1063 1258 1105 sunt,
1298 1072 1406 1111 quae
1445 1073 1483 1113 p.
1512 1058 1592 1100 ‘233
1633 1058 1686 1100 de

138 1127 303 1183 duplici
335 1128 431 1178 illa,
480 1143 589 1183 quae
620 1128 829 1170 Fechtero
858 1129 1100 1184 placuerat,
1147 1128 1441 1171 iurisdictione
1482 1130 1686 1186 disputat,

138 1215 266 1255 quam
304 1200 435 1243 ullam
477 1200 612 1243 fuisse
642 1208 793 1256 negatz
841 1215 950 1256 quae
980 1201 1181 1256 quoniam
1211 1202 1318 1243 falsa
1343 1216 1437 1243 esse
1468 1209 1687 1258 cognorat,

140 1272 175 1313 si
207 1272 372 1327 reliqua
400 1273 526 1315 etiam
555 1272 836 1315 Fechteriana
864 1272 1167 1329 improbasset,
1212 1273 1328 1315 haud
1365 1275 1494 1329 paulo
1530 1275 1687 1316 rectius

140 1343 312 1386 videtur
338 1345 473 1387 fuisse
503 1345 710 1387 facturus.
756 1345 876 1399 Quid
905 1353 1048 1387 autem
1075 1345 1158 1402 ipsi
1184 1346 1351 1402 placet?
1397 1346 1545 1387 Minus
1567 1347 1688 1401 equi-

139 1415 238 1458 dem
273 1432 340 1458 me
374 1418 647 1474 perspexisse
685 1419 843 1468 fateor,
885 1418 990 1473 quid
1022 1418 1205 1468 diceret,
1249 1419 1324 1460 sed
1357 1425 1562 1473 quantum
1595 1419 1687 1460 eius

143 1489 392 1531 sententiam
441 1496 667 1531 assecutus
719 1505 834 1539 sum,
888 1497 930 1531 et
967 1504 1061 1532 esse
1095 1491 1412 1545 quodammodo
1449 1491 1541 1532 vult
1576 1489 1688 1532 Ger-

139 1561 302 1604 manias
328 1561 573 1618 provincias
601 1569 643 1604 et
666 1577 752 1603 non
781 1576 890 1603 esse.
938 1561 1078 1618 Negat
1105 1563 1215 1604 enim
1239 1563 1413 1618 publice
1433 1561 1688 1605 Germanias

140 1633 372 1691 appellatas
404 1648 498 1676 esse
528 1633 794 1689 provincias,
833 1649 858 1675 a
886 1634 1164 1689 scriptoribus
1197 1643 1238 1676 et
1267 1635 1309 1675 in
1338 1634 1689 1688 inscriptionibus

143 1721 268 1762 saepe
302 1706 364 1748 sic
402 1706 541 1748 vocari
581 1706 794 1755 concedit3
837 1721 968 1747 unum
1005 1706 1139 1748 fuisse
1175 1707 1295 1761 quasi
1336 1721 1492 1762 corpus
1523 1705 1689 1748 Galliae

141 1777 345 1834 Belgicae
373 1778 550 1833 eiusque
575 1785 719 1834 partes
748 1778 969 1832 quasdam,
1001 1779 1092 1820 sive
1121 1793 1195 1821 eae
1222 1779 1418 1832 regiones
1449 1779 1539 1821 sive
1571 1778 1689 1820 dioe-

142 1865 262 1892 ceses
293 1850 560 1900 dicerentur,
593 1849 871 1901 Germanias,
905 1850 981 1892 sed
1009 1851 1082 1905 qui
1114 1857 1253 1893 tamen
1283 1849 1536 1893 Germanias
1566 1865 1690 1907 rege-

141 1929 256 1972 rent,
294 1922 598 1979 imperatorum
626 1922 792 1978 legatos
821 1923 912 1979 pari
945 1923 1038 1964 iure
1068 1923 1203 1965 fuisse
1235 1938 1332 1965 cum
1362 1923 1558 1979 praeside
1590 1923 1690 1964 Bel-

142 1995 277 2051 gicae.
333 1994 455 2036 Haec
481 1994 585 2051 quin
615 1995 726 2037 inter
755 2009 799 2037 se
828 2002 1039 2051 pugnent,
1070 1995 1144 2037 vix
1169 1995 1341 2037 videtur
1371 2010 1465 2037 esse
1495 1994 1689 2036 dubium.

141 2067 396 2109 Provinciae
434 2067 546 2108 enim
584 2081 738 2108 nomen
779 2067 1072 2109 existimamus
1114 2068 1206 2109 eius
1245 2067 1434 2123 regionis
1466 2082 1560 2109 esse
1590 2081 1692 2123 pro-

142 2138 304 2194 prium,
335 2153 444 2193 quae
468 2153 546 2180 suo
569 2138 758 2194 praesidi
780 2147 927 2194 pareat
945 2155 1083 2195 neque
1104 2139 1279 2181 alterius
1298 2139 1487 2195 regionis
1509 2138 1693 2195 praesidi

145 2210 337 2252 subiecta
365 2211 440 2260 sit;
475 2225 607 2266 quare
636 2210 671 2252 si
701 2211 869 2266 legatus
898 2211 1099 2267 Belgicae
1131 2219 1173 2253 et
1203 2211 1332 2266 legati
1364 2210 1693 2253 Germaniarum

142 2281 234 2337 pari
263 2281 355 2323 iure
385 2290 504 2324 erant
534 2297 674 2338 neque
702 2289 776 2324 aut
801 2282 844 2323 hi
875 2282 990 2324 illius
1017 2290 1090 2324 aut
1118 2283 1188 2325 ille
1222 2283 1376 2325 horum
1406 2283 1585 2338 imperio
1616 2298 1692 2338 pa-

143 2353 307 2403 rebant,
339 2354 545 2409 sequitur,
576 2362 624 2395 ut
653 2361 694 2396 et
724 2354 902 2410 Belgica
929 2355 1193 2411 provinciam
1222 2355 1410 2396 effecerit
1440 2363 1481 2396 et
1510 2354 1693 2397 Germa-

144 2425 239 2467 niae
268 2440 365 2467 cum
389 2440 474 2468 non
488 2426 630 2468 minus
646 2441 724 2482 per
751 2441 796 2468 se
822 2427 940 2482 ipsae
965 2427 1244 2476 constiterint,
1275 2427 1446 2482 publice
1471 2427 1693 2482 privatim-

145 2512 229 2552 que
265 2497 511 2553 provinciae
553 2498 830 2554 appellandae
869 2499 1041 2540 fuerint.
1114 2499 1182 2540 Ac
1220 2513 1273 2540 ne
1310 2498 1354 2539 in
1390 2498 1463 2540 illo
1504 2498 1693 2553 quidem,

146 2569 262 2623 quod
293 2568 508 2624 duplicem
537 2570 873 2612 iurisdictionem
902 2587 928 2614 a
956 2571 1167 2613 Fechtero
1199 2570 1484 2625 excogitatam
1517 2570 1692 2625 spernit,

148 2641 250 2683 satis
300 2655 446 2683 secum
489 2641 582 2697 ipse
619 2641 932 2684 Mommsenius
984 2643 1207 2684 consentit.
1275 2641 1384 2683 Nam
1424 2655 1521 2682 cum
1557 2647 1694 2683 certos

148 2711 478 2755 Germaniarum
506 2713 614 2755 fines
642 2721 890 2770 certumque
921 2715 1130 2757 ambitum
1159 2714 1293 2756 fuisse
1321 2720 1455 2768 putet,
1486 2711 1602 2754 idem
1632 2713 1694 2755 le—

148 2791 270 2841 gatos
302 2783 632 2827 Germaniarum
669 2785 897 2828 maximam
936 2793 1100 2843 partem
1138 2785 1284 2827 statuit
1318 2785 1454 2826 fuisse
1490 2785 1694 2827 militares

148 2857 174 2897 i.
205 2871 255 2905 e.,
289 2857 454 2912 opinor,
485 2856 691 2899 militibus
717 2858 964 2912 imperasse,
996 2873 1079 2900 non
1108 2857 1259 2899 ceteris
1288 2856 1453 2906 incolis,
1483 2864 1531 2898 ut
1557 2857 1696 2899 incer-
