1846 3100
180 183 231 226 14
621 187 675 219 De
703 185 816 219 Gallia
837 187 1071 219 Romanorum
1095 188 1277 230 provincia.

177 296 440 353 provinciam
463 295 667 340 habuisse
698 302 813 339 recte
843 302 1093 347 statuemus,
1128 311 1258 352 quem
1286 302 1426 339 tamen
1457 296 1642 341 eundem
1670 313 1723 341 ex

175 369 309 412 nobili
342 369 619 426 inscriptione
652 368 705 411 de
734 368 893 411 finibus
908 368 1206 411 Atestinorum
1233 368 1582 413 etVicetinorum
1608 369 1724 412 iudi-

178 456 298 484 casse
329 441 551 484 discimus.
602 441 835 498 Imperavit
855 441 990 497 igitur
1013 441 1057 483 in
1087 441 1181 498 ipso
1209 441 1434 484 consulatu
1468 447 1510 483 et
1535 441 1580 484 in
1600 442 1725 485 Italia

178 520 220 555 et
247 513 291 555 in
322 512 476 556 Gallia.
534 513 647 555 Tum
689 528 799 555 anno
831 513 908 555 135
939 510 1032 555 Ser.
1062 513 1245 556 Fulvius
1275 512 1459 556 Flaccus
1505 527 1592 556 cos.
1625 529 1724 557 nar-

176 592 296 627 ratur
334 585 379 626 in
405 585 580 641 Illyrico
609 585 830 628 Vardaeos
868 584 1093 641 subegisse
1124 584 1252 641 (Liv.
1289 584 1387 641 epit.
1418 584 1551 641 LVI)
1585 599 1724 641 neque

178 672 278 699 eum
317 657 599 700 Macedoniae
634 657 874 713 praefuisse
912 656 1160 714 putabimus
1196 658 1214 713 (
1223 672 1322 699 nam
1355 656 1518 713 Illyrici
1562 657 1724 700 nullam

177 729 394 786 propriam
423 729 689 785 provinciam
721 729 856 771 fuisse
882 729 1147 772 ostendimus
1176 729 1220 771 in
1236 727 1475 772 Comment.
1501 729 1723 786 epigraph.

177 802 275 845 Vol.
297 802 343 844 II
371 817 412 857 p.
440 801 550 853 184),
581 808 805 858 propterea
833 802 950 857 quod
981 801 1075 858 ipso
1106 801 1179 844 illo
1204 817 1315 844 anno
1345 801 1383 844 ei
1399 801 1462 843 M.
1481 798 1723 844 Cosconius

177 881 347 931 praetor
375 873 560 931 praefuit
589 871 850 931 (Comment.
877 874 904 916 1.
935 874 962 916 1.
994 890 1034 930 p.
1074 874 1183 928 165),
1211 880 1259 915 ut
1285 874 1454 916 Italiam
1480 874 1519 918 ei
1547 875 1723 932 provin-

179 947 287 990 ciam
316 946 559 998 obvenisse,
588 947 664 989 sed
685 947 846 989 bellum
869 961 967 989 cum
993 946 1153 1003 populo
1172 944 1339 989 Galliae
1361 947 1502 990 vicino
1533 948 1723 1005 gessisse

179 1020 418 1063 videamus.
481 1020 534 1062 Id
581 1026 832 1076 persecutus
881 1026 946 1062 est
988 1019 1114 1062 etiam
1150 1019 1392 1075 insequenti
1438 1035 1574 1072 ann03
1624 1038 1723 1066 nam

179 1090 230 1134 C.
271 1091 455 1134 Fulvius
485 1091 691 1141 Flaccus,
733 1091 813 1134 etsi
853 1099 965 1134 sorte
997 1090 1183 1134 Galliam
1222 1099 1464 1148 acceperat,
1501 1099 1642 1137 tamen
1678 1096 1723 1138 in

177 1165 442 1221 provinciam
481 1179 565 1206 non
607 1164 730 1215 abiit,
771 1164 873 1220 quia
905 1164 965 1205 M.
998 1164 1167 1206 Plautio
1200 1164 1406 1221 Hypsaeo
1446 1181 1471 1208 a
1509 1167 1644 1210 servis
1678 1168 1722 1210 in

179 1236 327 1280 Sicilia
373 1238 487 1280 victo
528 1237 734 1279 auxilium
781 1238 891 1279 ferre
933 1236 1079 1278 iussus
1126 1244 1190 1279 est
1235 1237 1377 1294 (Flor.
1411 1238 1479 1288 II,
1523 1239 1572 1289 73
1623 1239 1723 1283 Liv.

178 1309 276 1365 epit.
306 1309 445 1362 LVI).
505 1310 565 1351 At
590 1323 701 1352 anno
734 1309 810 1352 133
848 1323 944 1351 cum
975 1308 1211 1365 Hispaniae
1241 1326 1266 1352 a
1292 1309 1510 1354 veteribus
1537 1311 1722 1369 impera·

178 1380 343 1424 toribus
382 1382 695 1431 obtinerentur,
741 1381 887 1438 plures
927 1396 1060 1438 prope
1096 1382 1298 1425 videntur
1335 1382 1471 1425 fuisse
1506 1392 1723 1440 praetores

178 1470 306 1511 quam
334 1454 591 1511 provinciae.
629 1454 800 1496 Etenim
816 1452 1007 1496 Siciliam
1033 1453 1260 1496 obvenisse
1281 1462 1446 1498 constat
1476 1455 1596 1498 alteri
1622 1471 1724 1499 con-

179 1528 322 1570 sulum
349 1527 402 1569 L.
434 1526 668 1584 Calpurnio
696 1526 843 1568 Pisoni
875 1524 1024 1582 (Oros.
1043 1526 1096 1576 V,
1116 1527 1163 1577 93
1204 1526 1346 1569 Valer.
1376 1527 1494 1570 Max.
1514 1528 1573 1579 Π,
1600 1529 1639 1580 7,
1661 1531 1723 1586 9),

177 1608 226 1643 ut
257 1601 306 1643 P.
340 1600 490 1643 Mucio
517 1599 750 1642 Scaevolae
775 1599 943 1642 Italiam
975 1614 1074 1642 cum
1089 1598 1232 1641 Gallia
1261 1598 1481 1655 obtigisse,
1509 1608 1724 1657 praetores

178 1681 320 1716 autem
346 1681 514 1730 praeter
540 1688 651 1723 eum,
681 1672 755 1729 qui
786 1672 994 1714 urbanam
1023 1671 1363 1714 iurisdictionem
1387 1671 1583 1723 habebat,
1614 1673 1724 1716 duos

177 1746 222 1788 in
254 1746 378 1788 Italia
399 1745 534 1788 fuisse
565 1745 803 1788 existimem
832 1744 940 1794 illos,
980 1759 1005 1786 a
1029 1743 1188 1799 quibus
1213 1741 1341 1786 Oros.
1363 1744 1417 1794 V,
1447 1744 1472 1787 9
1502 1759 1725 1789 servorum

180 1818 410 1861 seditiones
449 1818 493 1859 in
534 1816 769 1875 Campania
807 1832 1074 1874 compressas
1111 1831 1206 1859 esse
1247 1815 1405 1858 scribit.
1470 1816 1580 1860 Nam
1615 1833 1724 1873 quae

179 1891 414 1933 hereditate
451 1891 504 1934 ad
531 1891 738 1947 populum
767 1891 1007 1932 Romanum
1034 1889 1229 1945 pervenit
1257 1889 1383 1939 Asia,
1420 1896 1524 1932 tunc
1549 1890 1726 1945 quidem

179 1971 300 2007 extra
331 1963 525 2006 ordinem
545 1964 594 2006 P.
616 1962 807 2019 Scipioni
827 1962 1009 2004 Nasicae
1042 1962 1197 2004 tradita
1224 1961 1278 2004 ab
1307 1977 1419 2004 anno
1448 1961 1622 2004 demum
1647 1962 1720 2005 131

178 2036 289 2079 inter
318 2035 554 2078 ordinarias
591 2035 834 2091 provincias
865 2033 1077 2076 recenseri
1107 2033 1258 2089 coepit.
1314 2033 1460 2087 Quare
1488 2048 1598 2076 anno
1633 2035 1725 2084 132,

180 2124 278 2150 cum
304 2108 560 2164 Hispaniam
592 2107 830 2149 citeriorem
852 2106 902 2147 P.
931 2106 1165 2148 Africanus
1194 2120 1270 2162 pro
1301 2105 1498 2155 consule,
1535 2103 1726 2148 Siciliam

179 2180 230 2222 P.
243 2179 447 2236 Rupilius
469 2195 555 2222 cos.
580 2179 698 2235 (Liv.
721 2178 818 2234 epit.
832 2178 964 2233 LIX)
990 2185 1163 2227 teneret,
1183 2177 1303 2234 ipsae
1323 2183 1526 2232 quattuor
1538 2177 1726 2234 reliquae

181 2259 301 2295 erant
323 2251 583 2309 provinciae,
614 2266 719 2307 quas
740 2257 942 2307 quattuor
968 2257 1183 2306 praetores
1215 2249 1305 2292 sine
1334 2249 1423 2291 ulla
1442 2248 1609 2306 imperii
1627 2263 1725 2306 pro-

179 2326 401 2382 rogatione
421 2331 688 2380 acceperunt.
715 2323 914 2366 Alterum
933 2330 1075 2365 autem
1092 2337 1145 2364 ex
1164 2321 1414 2364 consulibus
1430 2321 1480 2363 P.
1495 2320 1727 2377 Popillium

179 2399 414 2441 Laenatem
439 2397 679 2440 secundum
705 2412 812 2446 eam,
840 2410 949 2451 quae
974 2409 1100 2451 saepe
1131 2394 1358 2437 observata
1373 2400 1450 2442 est,
1482 2392 1727 2435 similitudi-

180 2488 279 2515 nem
301 2472 469 2515 Italiam
499 2485 596 2513 cum
628 2468 771 2513 Gallia
797 2468 960 2511 rexisse
988 2464 1341 2509 existimabimus.
1399 2464 1549 2520 anue
1579 2463 1727 2507 simili-

181 2545 288 2587 tudo
325 2544 537 2601 praeclare
575 2541 746 2584 duobus
785 2539 958 2596 Popillii
998 2538 1132 2581 titulis
1177 2537 1463 2581 confirmatur.
1531 2535 1728 2590 Quorum

181 2632 294 2659 unus
324 2617 379 2659 ad
409 2615 579 2658 Padum
608 2629 741 2670 prope
769 2612 979 2655 Hadriam
1007 2616 1202 2666 repertus
1232 2609 1369 2666 (apud
1393 2606 1727 2651 Mommsenium

181 2689 226 2730 in
266 2703 414 2730 museo
448 2687 656 2731 Rhenano
699 2686 799 2728 anni
843 2684 944 2727 1854
986 2698 1027 2738 p.
1070 2681 1175 2736 141)
1218 2679 1403 2723 celebrat
1439 2679 1553 2722 viam
1594 2693 1728 2735 prope

182 2760 393 2802 Hadriam
422 2776 447 2802 a
474 2759 658 2815 Popillio
685 2758 756 2800 illo
787 2757 1016 2804 munitam,
1048 2754 1154 2796 alter
1183 2753 1410 2802 Pollanus,
1445 2748 1518 2807 qui
1543 2750 1642 2792 olim
1674 2748 1728 2791 ab

183 2829 317 2873 Orell.
347 2847 389 2872 n.
423 2832 545 2880 3308,
586 2845 723 2887 nuper
752 2846 778 2872 a
800 2828 920 2871 Frid.
951 2825 1187 2870 Ritschelio
1216 2825 1261 2867 in
1286 2828 1598 2880 programmate
1628 2819 1728 2862 anni

189 2903 294 2944 1852
322 2903 463 2944 editus
494 2912 571 2952 est,
601 2902 810 2959 ἀκέφαλος
836 2901 906 2942 ille
936 2899 1111 2956 quidem
1131 2905 1208 2948 est,
1242 2896 1318 2940 sed
1339 2904 1453 2938 recte
1474 2909 1499 2936 a
1516 2893 1729 2936 Mannert.
