1846 3100
540 137 593 168 De
619 135 865 178 propagatione
889 135 1033 167 civitatis
1054 134 1243 168 Romanae.
1583 130 1662 173 367

118 247 259 290 sidere
289 246 460 295 vellent,
495 245 618 286 facile
649 259 722 286 eos
752 258 828 299 per
858 257 1032 285 censum
1062 242 1105 283 in
1141 242 1280 284 tribus
1314 249 1508 299 receptos
1537 249 1664 298 atque

117 321 172 364 ad
213 320 422 376 optimum
463 317 621 360 civium
659 316 948 358 Romanorum
987 314 1055 356 ius
1092 314 1304 356 admissos
1333 330 1427 357 esse
1458 315 1664 363 arbitror;

117 391 252 435 multo
284 398 397 434 certe
425 389 594 432 facilius
627 404 755 444 quam
788 387 932 430 Latini
963 386 1312 436 admittebantur,
1340 388 1413 442 qui
1443 402 1497 428 ne
1529 394 1665 429 sortes

119 479 218 507 suas
258 463 547 518 relinquerent
585 460 901 517 oppidumque,
941 459 1065 500 cuius
1112 459 1278 501 tutandi
1324 474 1454 502 causa
1492 459 1667 501 deducti

117 543 250 586 erant,
282 535 529 578 desererent
564 531 879 590 providendum
912 539 1012 572 erat.
1071 530 1342 586 Quamquam
1370 531 1564 587 exempla
1590 530 1666 573 ha-

117 624 215 651 rum
254 606 575 651 rerumafferri
614 620 699 647 non
738 604 860 653 licet3
903 619 1001 645 nam
1042 603 1183 645 omnia
1221 603 1324 646 haec
1361 603 1593 659 municipia
1622 603 1664 644 in

118 681 241 724 Italia
281 679 456 736 quidem
495 694 580 720 non
619 678 695 719 diu
733 676 1013 720 constiterunt
1045 675 1150 731 (huc
1189 676 1298 717 enim
1339 675 1520 731 pertinet
1551 675 1667 731 apud

117 753 300 796 Paulum
331 755 406 807 qui
427 759 519 805 post
556 753 714 804 aliquot
744 764 876 790 annos
912 751 1014 789 cives
1051 750 1235 788 Romani
1260 749 1403 801 effecti
1427 755 1556 799 smel),
1591 747 1666 790 sed

117 827 211 868 iure
238 823 431 880 suffragii
463 832 504 865 et
533 823 741 864 honorum
774 821 930 862 donata
959 820 1003 861 in
1032 820 1211 862 alterum
1239 820 1571 876 municipiorum
1591 834 1667 876 ge-

118 913 200 940 nus
239 896 510 939 transierunt.
569 894 661 937 Nec
694 908 796 935 vero
835 900 971 934 totum
1009 892 1091 934 hoc
1134 907 1272 948 genus
1314 892 1549 934 extinctum
1589 899 1683 935 est..

118 969 229 1012 Nam
263 983 360 1011 cum
392 983 520 1025 supra
549 967 794 1023 quicunque
825 966 941 1008 cives
969 964 1151 1006 Romani
1182 964 1226 1005 in
1252 964 1487 1020 provinciis
1511 972 1667 1014 essent,

120 1041 394 1084 docuerimus
433 1040 526 1082 iure
568 1038 763 1095 suffragii
801 1046 843 1080 et
872 1038 1084 1079 honorum
1117 1037 1322 1086 caruisse,
1361 1037 1547 1091 sequiter
1576 1051 1668 1078 cer-

119 1113 298 1162 tissime,
330 1119 379 1155 ut
408 1127 517 1168 quae
549 1111 708 1167 oppida
739 1117 826 1152 tota
855 1111 898 1152 in
927 1109 1158 1166 provinciis
1189 1109 1403 1151 civitatem
1434 1108 1668 1151 Romanam

120 1193 385 1242 acceperant,
424 1183 658 1240 municipia
694 1183 784 1225 sine.
823 1183 1029 1238 suffragio
1066 1182 1238 1231 fuerint,
1270 1196 1453 1236 quorum
1482 1188 1668 1236 quantus

120 1272 326 1300 numerus
352 1257 495 1306 fuerit,
522 1256 680 1312 optime
709 1270 761 1296 ex
793 1255 976 1297 naturali
1004 1255 1181 1297 historia
1202 1254 1346 1304 Plinii,
1376 1254 1450 1310 qui
1477 1252 1670 1309 Augusti

120 1338 300 1373 aetatem
338 1329 556 1379 describit,
595 1328 833 1370 coniicitur.
891 1326 1023 1381 Quod
1054 1327 1188 1383 igitur
1217 1327 1336 1383 prius
1372 1326 1415 1367 in
1451 1325 1576 1368 Italia
1605 1326 1668 1367 fa-

122 1410 238 1445 ctum
268 1408 370 1452 erat,
399 1408 448 1443 ut
475 1401 633 1457 oppida
663 1400 771 1442 bene
801 1400 950 1441 merita
977 1399 1164 1455 primum
1197 1399 1365 1441 civitate
1397 1398 1486 1440 sine
1516 1398 1669 1439 suffra-

122 1475 206 1531 giO,
235 1482 327 1516 tum
357 1473 562 1530 paulatim
584 1472 779 1528 suffragii
809 1472 1105 1526 honorumque
1134 1471 1228 1513 iure
1256 1470 1531 1519 donarentur,
1554 1469 1667 1511 idem

120 1554 268 1601 postea
300 1546 344 1588 in
375 1546 608 1602 provinciis
637 1544 795 1587 accidit
822 1542 973 1585 eadem
1006 1543 1191 1585 ratione:
1234 1543 1276 1584 in
1312 1557 1397 1597 quo
1432 1542 1514 1584 hoc
1543 1542 1668 1583 etiam

124 1619 260 1661 simile
295 1618 391 1669 fuit,
429 1618 558 1674 quod,
601 1624 827 1673 postquam
867 1615 943 1657 diu
980 1614 1185 1671 paulatim
1218 1629 1469 1671 processum
1500 1620 1578 1663 est,
1612 1613 1669 1656 ad

123 1698 358 1733 extremum
391 1690 533 1733 subito
561 1688 848 1744 quodcunque
876 1687 1089 1742 reliquum
1121 1695 1210 1728 erat
1237 1702 1323 1728 una
1349 1686 1445 1742 lege
1475 1686 1529 1727 ad
1559 1686 1669 1742 opti-

123 1778 239 1804 mum
268 1762 337 1804 ius
368 1762 605 1804 admissum
635 1768 712 1810 est,
742 1761 787 1802 in
817 1760 939 1802 Italia
968 1759 1064 1815 lege
1096 1758 1220 1809 Iulia,
1251 1758 1294 1799 in
1327 1757 1559 1814 provinciis
1588 1757 1669 1799 im-

121 1834 330 1891 peratoris
360 1833 570 1880 Caracalli
600 1832 915 1875 constitutione.

235 1905 436 1949 Colonias
475 1914 617 1948 autem
645 1905 873 1954 Romanas,
904 1919 1012 1959 quae
1045 1903 1213 1959 proprie
1243 1902 1523 1959 appellantur,
1553 1903 1668 1956 (nam

124 1979 178 2022 de
217 1979 284 2021 his
325 1979 527 2034 deinceps
569 1977 800 2019 dicendum
838 1979 920 2030 est)
958 1976 1159 2032 optimam
1194 1975 1409 2017 civitatem
1437 1973 1670 2016 Romanam

126 2051 332 2094 habuisse
363 2050 578 2093 credimus
609 2050 703 2091 Nic.
736 2049 962 2104 Madvigio
993 2048 1047 2090 de
1077 2047 1244 2090 condic.
1273 2054 1314 2088 et
1343 2047 1435 2088 iure
1461 2047 1597 2088 colon.
1627 2045 1672 2087 in

127 2122 293 2180 Opusc.
323 2123 444 2165 acad.
470 2123 492 2164 I
521 2137 563 2178 p,
593 2122 688 2173 254,
720 2121 892 2170 dicenti,
922 2135 1007 2162 non
1039 2119 1360 2161 demonstranti.
1405 2118 1576 2160 Etenim
1604 2133 1673 2159 ar-

127 2203 342 2251 gumenta,
363 2209 472 2251 quae
489 2195 623 2245 affert,
643 2195 784 2236 minus
800 2193 921 2234 firma
935 2207 1030 2234 esse
1044 2191 1251 2246 intelligo,
1270 2191 1395 2232 etiam
1414 2190 1535 2239 illud,
1556 2189 1672 2244 quod

126 2267 252 2322 quasi
290 2281 368 2323 pro
406 2267 564 2309 invicto
595 2266 736 2316 habet,
775 2265 892 2320 quod
922 2264 1036 2319 apud
1068 2261 1160 2305 Cic.
1190 2263 1244 2304 de
1275 2270 1379 2304 orat.
1404 2261 1463 2311 ΙΙ,
1491 2262 1540 2304 71
1578 2261 1672 2303 An-

127 2339 274 2382 tistius
303 2339 540 2394 Pyrgensis
569 2354 622 2380 ex
649 2338 815 2380 colonia
834 2337 1026 2379 Romana
1053 2350 1185 2390 eques
1215 2334 1435 2377 Romanus
1463 2348 1573 2389 equo
1590 2348 1673 2389 pu-

126 2411 240 2453 blico
271 2411 405 2452 fuisse
433 2410 601 2453 dicitur.
641 2410 751 2452 Nam
782 2409 990 2464 equestris
1020 2407 1223 2463 dignitas,
1250 2421 1377 2461 quam
1404 2406 1458 2448 ab
1489 2406 1673 2462 impera-

127 2482 294 2525 toribus
326 2482 451 2524 etiam
483 2482 674 2525 barbaris
706 2482 751 2523 in
778 2481 990 2523 civitatem
1011 2479 1190 2535 receptis
1212 2494 1337 2534 saepe
1356 2477 1558 2520 tributam
1578 2492 1672 2519 esse

131 2569 261 2609 supra
291 2554 531 2604 docuimus,
567 2554 696 2610 longe
723 2554 777 2596 ab
809 2554 901 2595 iure
933 2551 1237 2607 suffragiorum
1266 2559 1307 2592 et
1333 2549 1385 2592 ab
1414 2549 1507 2591 iure
1539 2549 1673 2591 hono-

127 2641 236 2675 rum,
265 2625 382 2680 quod
411 2626 466 2668 ad
486 2634 679 2669 senatum
708 2633 872 2667 tantum
902 2639 951 2667 ac
973 2637 1164 2666 summos
1184 2623 1460 2678 magistratus
1478 2621 1673 2677 pertinet,

129 2697 356 2753 discrepat.
412 2695 501 2739 Sed
523 2713 670 2740 earum
694 2698 971 2746 coloniarum,
999 2711 1107 2751 quae
1138 2696 1192 2738 ab
1210 2695 1415 2751 Augusto
1437 2693 1673 2748 ceterisque

129 2768 455 2825 imperatoribus
500 2784 578 2826 per
614 2770 854 2826 provincias
899 2769 1093 2811 conditae
1134 2774 1247 2817 sunt,
1286 2765 1519 2809 similitudo
1559 2772 1674 2807 recte

129 2840 426 2884 adhibebitur:
462 2856 515 2883 ex
540 2841 698 2897 quibus
728 2841 856 2897 longe
886 2840 1090 2897 plurimas
1121 2839 1214 2882 iure
1244 2839 1456 2881 honorum
1484 2838 1674 2881 caruisse
