1846 3100
579 151 632 183 De
659 148 773 182 Gallia
796 149 1029 181 Romanorum
1050 148 1236 190 provincia.
1627 147 1669 187 11

131 259 357 302 consulum
388 258 438 301 P.
458 258 602 315 Scipio
633 264 750 300 extra
782 263 935 298 sortem
963 255 1155 298 Africam
1179 257 1342 313 accepit
1370 257 1509 317 (Q
1524 257 1677 299 Punic.

131 346 166 374 c.
209 331 306 382 1123
336 331 449 391 -IAEX-
498 331 596 393 epit.
640 329 752 383 LI),
802 343 916 370 unus
957 336 1201 383 praetorum
1248 328 1460 371 Serranus
1497 329 1678 371 classem

129 403 266 466 (App.
290 403 318 445 l.
338 403 365 445 l.
394 417 430 445 c.
461 403 574 454 114),
607 400 772 456 reliqua
802 407 1007 442 consueto
1038 415 1154 442 more
1186 401 1327 443 divisa
1353 409 1464 449 sunt,
1495 407 1542 442 ut
1573 401 1680 442 alter

131 476 282 518 consul
327 473 379 517 C.
424 474 579 517 Livius
606 473 774 516 Italiam
822 482 863 514 et
904 471 1104 521 Galliam,
1153 487 1206 514 ex
1249 472 1518 528 praetoribus
1564 488 1678 515 unus

129 554 355 603 utramque
390 545 751 595 iurisdictionem,
790 545 942 600 reliqui
984 545 1092 587 duas
1129 545 1382 601 Hispanias,
1422 544 1678 595 Sardiniam,

132 619 320 663 Siciliam
351 619 612 669 obtinerent,
639 618 722 660 nisi
755 618 861 659 forte
889 632 1000 666 eum,
1038 617 1113 673 qui
1148 616 1336 659 Siciliam
1373 619 1504 669 rexit,
1552 618 1679 660 simul

130 691 258 735 classi
282 691 522 748 praefuisse
551 690 977 745 iurisdictionemque
1002 696 1143 732 vetere
1165 691 1476 733 consuetudine
1496 692 1679 734 divisam

132 765 267 807 fuisse
297 763 557 820 putabimus.
620 762 822 817 Denique
856 777 966 803 anno
999 762 1076 804 '146
1104 762 1240 804 facilis
1273 770 1337 805 est
1361 764 1679 819 provinciarum

132 835 378 878 distributio
388 852 398 886 ;
430 851 526 877 nam
554 835 598 876 in
626 835 774 877 Africa
799 833 997 876 omnibus
1026 834 1247 889 imperium
1277 843 1553 890 prorogatum
1585 850 1680 877 esse

133 916 311 950 constat.
380 908 531 963 Itaque
576 907 801 950 consulum
846 922 958 949 unus
1002 906 1054 948 L.
1098 906 1335 949 Mummius
1383 907 1680 949 Macedoniam

135 980 320 1036 accepit,
361 980 467 1022 alter
491 980 658 1022 Italiam
689 988 728 1022 et
763 979 971 1029 Galliam,
1002 995 1054 1020 ex
1084 978 1352 1035 praetoribus
1384 980 1470 1021 duo
1494 980 1680 1022 urbanas

132 1052 464 1101 iurisdictiones,
481 1051 632 1107 reliqui
645 1051 894 1108 Hispanias,
913 1052 1115 1101 Siciliam,
1135 1051 1375 1093 Sardiniam
1392 1067 1402 1101 3
1418 1052 1461 1093 in
1479 1052 1680 1093 ulteriore

133 1123 313 1180 quidem
338 1123 550 1180 Hispania
587 1121 637 1165 C.
668 1123 894 1182 Nigidium
931 1124 1137 1181 Figulum
1175 1133 1414 1180 praetorem
1453 1124 1534 1166 hoc
1570 1139 1681 1166 anno

132 1197 186 1239 ab
218 1197 414 1239 Viriatho
445 1203 692 1252 superatum
721 1211 815 1239 esse
844 1196 1003 1238 scimus
1033 1199 1163 1252 (auct.
1193 1197 1246 1238 de
1277 1197 1355 1238 vir.
1386 1197 1479 1252 ill.).

248 1269 394 1324 Atque
429 1269 535 1311 haec
568 1268 628 1311 ita
656 1276 794 1319 erant,
839 1268 943 1310 dum
974 1275 1176 1324 quattuor
1205 1269 1379 1310 fuerunt
1417 1269 1562 1325 populi
1595 1269 1682 1310 Ro-

134 1341 248 1384 mani
278 1341 546 1397 provinciae,
583 1341 626 1382 in
665 1356 847 1396 quarum
891 1356 1031 1382 annua
1061 1341 1279 1382 sortitione
1316 1341 1481 1382 nullum
1516 1340 1681 1383 Galliae

135 1413 379 1469 provinciae
406 1414 548 1455 locum
578 1414 760 1468 relinqui
787 1413 1068 1455 ostendimus.
1117 1414 1208 1455 Iam
1237 1411 1498 1470 Carthagine
1528 1412 1682 1455 Corin-

136 1486 294 1540 thoque
334 1485 490 1527 dirutis
525 1500 661 1527 novae
700 1485 946 1541 provinciae
994 1485 1165 1528 additae
1206 1493 1325 1536 sunt,
1371 1501 1481 1542 quae
1517 1501 1682 1528 annuos

134 1557 355 1613 praesides
374 1557 653 1613 postularent,
686 1557 762 1599 sed
783 1572 867 1598 non
885 1564 946 1598 tot.
963 1557 1132 1599 additae
1153 1565 1265 1607 sunt,
1296 1565 1400 1613 quot
1425 1559 1684 1601 existimavit

137 1629 336 1685 Pighius,
371 1629 494 1671 cuius
522 1629 663 1685 opinio
694 1644 792 1671 cum
822 1629 955 1685 vulgo
984 1629 1251 1684 probaretur,
1283 1645 1536 1684 magnorum
1568 1645 1684 1671 erro-

137 1715 233 1742 rum
265 1716 396 1744 causa
422 1702 574 1743 extitit.
621 1701 711 1755 Qui
741 1716 839 1744 cum
857 1701 1097 1751 Graeciam,
1128 1716 1256 1757 quam
1283 1716 1359 1744 nos
1381 1702 1424 1743 in
1445 1701 1684 1744 Comment.

138 1773 358 1830 epigraph.
389 1774 486 1816 Vol.
511 1773 556 1815 11
588 1790 626 1830 p.
663 1774 736 1816 153
768 1788 866 1815 cum
895 1773 1170 1823 Macedonia,
1209 1774 1415 1829 quamdiu
1441 1774 1577 1817 libera
1604 1775 1685 1816 fuit

142 1844 399 1902 respublica,
432 1845 702 1888 coniunctam
718 1845 853 1887 fuisse
870 1845 1111 1895 docuimus,
1136 1860 1214 1901 pro
1243 1846 1445 1901 peculiari
1462 1847 1685 1902 provincia

140 1917 428 1968 constitueret,
457 1918 558 1960 item
574 1917 760 1960 Galliam
780 1917 1059 1974 provinciam,
1092 1933 1200 1973 quae
1218 1918 1352 1959 multo
1376 1926 1473 1974 post
1492 1918 1686 1960 instituta

139 1996 217 2039 est,
248 1996 351 2031 tunc
380 1990 465 2032 iam
484 1990 619 2032 fuisse
645 1990 918 2039 existimaret,
951 1989 1152 2045 quoniam
1173 1999 1268 2032 octo
1285 1991 1455 2032 omnino
1473 1990 1686 2032 efficiebat

138 2061 381 2116 provincias
412 2061 454 2103 in
496 2062 584 2103 duo
619 2062 816 2104 eonsules
856 2070 896 2104 et
925 2069 1127 2116 quattuor
1155 2070 1372 2118 praetores
1411 2064 1535 2118 (nam
1575 2063 1684 2105 duos

141 2133 310 2187 negotia
337 2134 501 2177 urbana
541 2135 827 2191 occupabant.)
863 2133 1091 2190 quotannis
1129 2133 1407 2184 dividendas,
1444 2135 1686 2178 necessario

141 2222 191 2250 eo
221 2207 435 2250 deductus
462 2213 539 2257 est,
569 2214 629 2257 ut,
657 2207 773 2263 quod
790 2205 1010 2248 Ciceronis
1031 2213 1165 2248 aetate
1196 2207 1324 2248 moris
1356 2215 1458 2257 erat,
1487 2218 1535 2249 ut
1563 2222 1686 2263 prae-

139 2287 254 2323 tores
287 2287 436 2323 exacto
467 2281 718 2336 magistratu
761 2279 805 2320 in
832 2279 1074 2335 provincias
1105 2278 1498 2335 proficiscerentur,
1527 2279 1572 2320 id
1602 2279 1685 2321 iam

142 2352 225 2395 hoc
263 2360 454 2409 tempore
493 2353 735 2394 institutum
769 2366 863 2394 esse
894 2352 1136 2393 coniiceret.
1194 2350 1284 2392 Nos
1321 2366 1436 2392 nunc
1475 2351 1555 2393 hoc
1595 2351 1686 2393 ani—

143 2425 474 2474 madvertimus,
505 2425 549 2466 in
576 2423 893 2481 provinciarum
924 2423 1098 2478 quidem
1128 2422 1291 2464 ratione
1321 2423 1482 2465 nullam
1509 2437 1687 2479 prorsus

141 2511 237 2539 esse
255 2511 440 2546 causam,
472 2511 549 2539 cur
570 2503 814 2552 praetorum
834 2510 1011 2537 munera
1026 2502 1128 2536 tunc
1144 2501 1306 2537 mutata
1331 2510 1425 2536 esse
1453 2510 1686 2550 eorumque

135 2568 370 2624 'imperium
415 2568 642 2623 quotannis
682 2567 905 2624 prorogari
951 2566 1229 2609 consuevisse
1266 2573 1516 2608 statuamus.
1577 2566 1687 2609 Nam

145 2639 224 2682 etsi
255 2654 366 2682 anno
400 2640 477 2681 145
506 2653 619 2682 nova
644 2639 823 2682 accessit
852 2638 1071 2694 provincia
1102 2638 1253 2681 Africa
1282 2636 1541 2692 (Comment.
1575 2638 1687 2694 epig.

143 2711 241 2754 Vol.
272 2712 329 2754 II.
365 2727 408 2767 p.
443 2711 574 2765 164),
618 2718 666 2752 ut
694 2711 778 2753 iam
812 2711 983 2753 omnino
1015 2719 1156 2752 essent
1193 2711 1405 2766 quinque,
1450 2710 1686 2766 Hispaniae

142 2782 268 2832 duae,
299 2780 457 2831 Sicilia,
493 2780 705 2832 Sardinia,
738 2783 900 2832 Africa,
931 2783 1055 2825 facile
1084 2790 1222 2824 tamen
1254 2797 1327 2824 eae
1358 2789 1572 2836 quattuor,
1612 2782 1686 2837 qui

141 2863 308 2910 praeter
338 2854 523 2896 urbanas
543 2855 860 2896 iurisdictiones
887 2855 1038 2910 reliqui
1069 2862 1202 2904 erant,
1232 2853 1501 2910 praetoribus
1519 2854 1686 2897 divide-
