1846 3100
545 153 599 184 De
627 152 758 193 legibus
786 151 1044 193 municipalibus
1068 150 1272 192 Hispanicis.
1600 146 1679 190 271

136 263 405 320 appellantur
430 277 510 305 nec
537 261 768 317 quicquam
793 267 934 316 potest
954 275 1047 302 esse
1065 259 1260 310 dubium,
1291 260 1391 315 quin
1414 259 1682 316 imperatoris

137 335 372 378 Domitiani
402 342 591 391 tempore
621 335 739 385 (nam
766 332 848 373 hoc
874 332 1054 388 scriptae
1083 333 1200 388 sunt)
1231 330 1440 388 Salpensa
1457 339 1498 374 et
1516 331 1684 374 Malaca

135 407 365 464 municipia
392 407 565 449 fuerint.
622 405 714 447 Iam
746 404 827 447 hoc
858 401 1185 460 municipiorum
1216 419 1353 461 genus
1379 405 1476 460 quis
1505 419 1592 446 non
1618 404 1683 446 vi-

135 494 280 522 rorum
307 478 531 521 doctorum
558 477 818 520 existimavit
842 476 1011 518 civitate
1037 476 1229 518 Romana
1254 476 1388 518 fuisse
1411 476 1682 532 praeditum?

134 551 200 594 Ne
231 551 285 594 de
315 550 533 593 veteribus
563 549 823 605 reipublicae
850 549 1068 590 Romanae
1106 548 1370 604 temporibus
1411 564 1460 591 ac
1499 548 1683 591 civitatis

135 632 350 679 tamquam
379 616 686 680 propagatione
718 622 871 671 dicam,
902 621 999 676 quis
1031 635 1130 670 non,
1160 636 1212 662 ex
1230 635 1316 676 quo
1335 620 1561 676 imperium
1582 636 1683 663 con-

135 696 271 738 ditum
310 703 396 746 est,
438 695 604 737 censuit
641 695 685 736 in
719 694 843 736 Italia
878 708 975 735 cum
1009 692 1207 735 omnibus
1244 692 1343 735 data
1377 700 1490 735 esset
1518 693 1682 743 civitas,

135 768 222 810 duo
249 768 384 811 fuisse
415 767 673 824 oppidorum
700 780 871 821 genera,
899 765 1177 815 coloniarum,
1206 780 1312 820 quas
1332 765 1406 819 qui
1425 764 1681 815 efficiebant,

135 841 305 883 militari
331 840 459 882 modo
489 839 664 882 deducti
695 855 745 881 ac
774 837 947 894 publice
977 838 1093 893 agris
1123 837 1268 879 donati
1299 844 1440 887 erant,
1471 844 1513 878 et
1541 837 1682 878 muni-

135 914 361 970 cipiorum,
407 912 524 968 quod
562 912 844 967 reliquorum,
885 926 994 965 quae
1033 910 1202 953 civitate
1242 917 1485 959 uterentur,
1527 925 1683 951 nomen

135 994 237 1037 erat,
266 987 310 1028 in
339 985 572 1042 provinciis
601 992 743 1027 autem
772 999 870 1025 cum
886 983 1066 1026 Latinae
1090 991 1132 1025 et
1150 982 1400 1039 peregrinae
1420 981 1682 1024 condicionis

133 1059 269 1102 fuisse
307 1058 522 1107 civitates,
562 1057 690 1099 variis
731 1056 798 1098 vel
832 1055 1019 1098 foederis
1052 1056 1120 1098 vel
1147 1055 1356 1097 libertatis
1388 1054 1454 1096 vel
1480 1053 1683 1095 immuni-

134 1132 232 1174 tatis
262 1130 494 1186 generibus
524 1129 751 1185 praeditas,
784 1136 874 1170 tum
900 1128 1074 1170 easdem
1103 1127 1199 1170 illas
1230 1127 1417 1169 colonias
1448 1127 1683 1181 eademque

135 1203 390 1260 municipia,
439 1217 548 1258 quae
593 1203 683 1244 sola
728 1201 944 1244 civitatem
985 1201 1222 1243 Romanam
1265 1199 1501 1242 haberent?
1560 1200 1683 1242 Haec

134 1277 256 1333 quasi
285 1276 566 1319 fundamenta
594 1275 804 1330 quaedam
835 1282 975 1322 erant,
1014 1273 1056 1314 in
1087 1273 1245 1328 quibus
1277 1288 1386 1328 quae
1415 1273 1468 1315 de
1498 1272 1683 1327 antiqui-

135 1357 220 1392 tate
246 1349 571 1405 reperissemus‚
603 1347 862 1389 constituere
890 1346 1146 1396 solebamus,
1175 1346 1280 1387 haec
1307 1345 1537 1401 principia,
1566 1344 1682 1386 unde

135 1421 523 1479 proficiscebamur,
547 1420 651 1462 haec
671 1420 855 1474 denique
873 1419 1086 1475 perfugia,
1111 1433 1197 1474 quo
1218 1418 1253 1460 si
1269 1418 1441 1474 quando
1461 1417 1683 1473 opiniones

134 1502 304 1537 nostrae
331 1493 503 1550 evagari
530 1493 701 1542 vellent,
728 1492 976 1534 rediremus.
1023 1491 1083 1533 At
1111 1489 1263 1532 evertit
1289 1504 1337 1530 ea
1354 1489 1682 1539 Mommsenius‚

134 1567 208 1624 qui
234 1582 329 1609 cum
355 1566 400 1607 in
428 1565 780 1621 inscriptionibus
808 1565 892 1607 illis
919 1563 1169 1620 Hispanicis
1197 1561 1405 1618 quaedam
1433 1561 1682 1612 invenisset,

134 1655 243 1695 quae
275 1654 372 1681 cum
401 1638 478 1688 iis,
518 1653 627 1693 quae
659 1637 801 1680 adhuc
833 1636 885 1679 ab
917 1636 1114 1679 omnibus
1147 1634 1452 1684 credebantur,
1489 1649 1683 1691 pugnare

135 1712 395 1768 opinaretur,
424 1725 510 1752 non
536 1710 662 1752 modo
689 1710 840 1752 falsam
861 1725 955 1752 esse
977 1708 1185 1751 iudicavit
1206 1715 1392 1749 veterem
1417 1707 1682 1756 sententiam,

135 1799 286 1826 verum
315 1783 439 1825 etiam
471 1783 594 1839 quasi
624 1798 693 1825 res
722 1792 835 1824 esset
863 1781 1114 1831 certissima,
1144 1780 1189 1822 in
1215 1780 1336 1822 titulo
1364 1779 1462 1821 libri
1494 1779 1561 1821 sui
1590 1779 1683 1836 ipso

137 1856 389 1912 Salpensam
412 1864 454 1898 et
472 1855 683 1898 Malacam
703 1862 916 1910 tamquam
935 1853 1092 1895 Latina
1113 1852 1270 1908 oppida
1288 1851 1517 1907 inscripsit.
1563 1850 1684 1904 Quid

134 1929 267 1984 igitur
304 1943 419 1971 nunc
457 1926 696 1970 faciamus?
754 1926 867 1968 Num
912 1925 1127 1968 veteribus
1171 1924 1373 1967 continuo
1417 1923 1595 1966 abiectis
1637 1923 1683 1965 id

137 2001 426 2051 studebimus,
469 2008 518 2043 ut
543 2015 652 2056 quae
679 2006 803 2042 antea
832 1998 1138 2048 credebamus,
1181 1996 1423 2039 mutemus?
1477 1996 1548 2038 An
1581 2010 1683 2038 vero

135 2074 244 2116 illud
282 2074 490 2129 imprimis
531 2072 777 2115 faciendum
818 2086 913 2114 esse
952 2070 1313 2120 existimabimus,
1357 2077 1407 2111 ut
1444 2084 1580 2111 novae
1618 2068 1685 2110 in-

137 2147 386 2204 scriptiones
419 2145 524 2201 quid
555 2145 757 2194 doceant,
798 2142 1126 2200 diligentissime
1155 2157 1410 2197 quaeramus
1439 2142 1684 2198 perpensis-

136 2234 219 2274 que
258 2218 457 2260 omnibus
491 2217 727 2260 rationibus
770 2217 805 2259 si
836 2216 960 2258 novis
992 2215 1278 2257 monumentis
1310 2214 1430 2256 aliter
1460 2213 1513 2255 de
1543 2213 1685 2255 muni-

137 2290 259 2346 cipiis
286 2290 396 2333 tradi
422 2289 729 2339 invenerimus,
758 2296 851 2331 tum
878 2288 1068 2339 demum,
1097 2286 1312 2343 quomodo
1340 2301 1388 2328 ea
1407 2300 1504 2327 cum
1523 2284 1687 2340 reliqua

136 2370 282 2406 nostra
318 2362 560 2417 cognitione
598 2361 866 2403 concilianda
901 2361 1007 2410 sint,
1050 2359 1372 2402 examinemus?
1423 2359 1574 2414 Itaque
1603 2357 1686 2400 hoc

135 2450 263 2492 agere
294 2434 614 2477 constituimus:
657 2441 886 2488 quaeretur
914 2449 938 2475 a
963 2432 1102 2481 nobis,
1134 2431 1258 2473 cuius
1290 2430 1460 2486 generis
1493 2430 1685 2472 civitates

137 2508 297 2550 fuerint
323 2506 532 2563 Salpensa
562 2514 604 2549 et
631 2506 801 2548 Malaca
838 2520 1033 2561 quaeque
1068 2505 1111 2545 in
1146 2502 1304 2545 tabulis
1338 2502 1588 2558 Hispanicis
1623 2502 1685 2544 le-

138 2587 322 2636 guntur,
361 2579 467 2635 quid
502 2579 556 2621 de
592 2578 794 2621 universo
822 2577 1152 2632 municipiorum
1181 2575 1274 2616 iure
1303 2574 1496 2616 doceant.
1549 2574 1614 2615 Ita
1645 2581 1687 2615 et

139 2666 300 2701 eorum,
327 2651 401 2706 qui
425 2650 492 2692 his
518 2650 805 2692 monumentis
825 2650 880 2692 ad
900 2649 1119 2691 scientiam
1136 2654 1325 2689 nostram
1344 2644 1686 2701 amplificandam

138 2722 202 2764 uti
230 2723 396 2773 volent,
428 2723 655 2765 temeritati
684 2737 983 2772 occurremus,
1015 2736 1067 2762 ne
1100 2718 1304 2775 quicquid
1335 2718 1571 2767 statuerint,
1601 2733 1687 2760 non

140 2795 426 2836 examinatum
462 2809 640 2850 prorsus
681 2793 1004 2848 rationibusque
1047 2791 1341 2835 confirmatum
1381 2790 1580 2832 statuisse
1620 2789 1686 2831 vi-

141 2865 344 2917 deantur,
385 2872 447 2916 et,
486 2866 523 2908 si
558 2873 745 2912 veterem
782 2865 1031 2913 sententiam
1069 2878 1122 2907 ne
1159 2862 1284 2905 novis
1322 2861 1496 2920 quidem
1524 2861 1590 2907 his
1619 2861 1686 2906 in-
