<?xml version="1.0" encoding="UTF-8"?>
<!DOCTYPE html PUBLIC "-//W3C//DTD XHTML 1.0 Transitional//EN"
    "http://www.w3.org/TR/xhtml1/DTD/xhtml1-transitional.dtd">
<html xmlns="http://www.w3.org/1999/xhtml" xml:lang="en" lang="en">
 <head>
  <title>
</title>
<meta http-equiv="Content-Type" content="text/html;charset=utf-8" />
  <meta name='ocr-system' content='tesseract 3.04.00' />
  <meta name='ocr-capabilities' content='ocr_page ocr_carea ocr_par ocr_line ocrx_word'/>
</head>
<body>
  <div class='ocr_page' id='page_1' title='image "./studiaromanasive00zump_0317.png"; bbox 0 0 1846 3100; ppageno 0'>
   <div class='ocr_carea' id='block_1_1' title="bbox 508 151 1648 195">
    <p class='ocr_par' dir='ltr' id='par_1_1' title="bbox 508 151 1648 195">
     <span class='ocr_line' id='line_1_1' title="bbox 508 151 1648 195; baseline 0.002 -12"><span class='ocrx_word' id='word_1_1' title='bbox 508 151 562 184; x_wconf 85' lang='lat' dir='ltr'>De</span> <span class='ocrx_word' id='word_1_2' title='bbox 588 151 720 193; x_wconf 87' lang='lat' dir='ltr'>legibus</span> <span class='ocrx_word' id='word_1_3' title='bbox 747 152 1007 195; x_wconf 80' lang='lat' dir='ltr'>municipalibus</span> <span class='ocrx_word' id='word_1_4' title='bbox 1032 152 1239 195; x_wconf 80' lang='lat' dir='ltr'>Hispanicis.</span> <span class='ocrx_word' id='word_1_5' title='bbox 1568 151 1648 194; x_wconf 83' lang='lat'>305</span> 
     </span>
    </p>
   </div>
   <div class='ocr_carea' id='block_1_2' title="bbox 99 259 1654 2978">
    <p class='ocr_par' dir='ltr' id='par_1_2' title="bbox 99 259 1654 2846">
     <span class='ocr_line' id='line_1_2' title="bbox 102 259 1651 319; baseline 0.003 -18"><span class='ocrx_word' id='word_1_6' title='bbox 102 274 202 316; x_wconf 92' lang='lat' dir='ltr'>pere</span> <span class='ocrx_word' id='word_1_7' title='bbox 232 259 442 315; x_wconf 88' lang='lat' dir='ltr'>potuerit,</span> <span class='ocrx_word' id='word_1_8' title='bbox 477 259 553 302; x_wconf 89' lang='lat' dir='ltr'>sed</span> <span class='ocrx_word' id='word_1_9' title='bbox 584 266 633 301; x_wconf 93' lang='lat' dir='ltr'>ut</span> <span class='ocrx_word' id='word_1_10' title='bbox 661 267 702 301; x_wconf 89' lang='lat' dir='ltr'>et</span> <span class='ocrx_word' id='word_1_11' title='bbox 730 260 896 302; x_wconf 88' lang='lat' dir='ltr'>firmius</span> <span class='ocrx_word' id='word_1_12' title='bbox 924 268 1062 310; x_wconf 87' lang='lat' dir='ltr'>esset,</span> <span class='ocrx_word' id='word_1_13' title='bbox 1093 259 1209 316; x_wconf 90' lang='lat' dir='ltr'>quod</span> <span class='ocrx_word' id='word_1_14' title='bbox 1235 260 1452 312; x_wconf 82' lang='lat' dir='ltr'>dedisset,</span> <span class='ocrx_word' id='word_1_15' title='bbox 1491 268 1532 304; x_wconf 92' lang='lat' dir='ltr'>et</span> <span class='ocrx_word' id='word_1_16' title='bbox 1558 262 1651 319; x_wconf 90' lang='lat' dir='ltr'>ipse</span> 
     </span>
     <span class='ocr_line' id='line_1_3' title="bbox 102 331 1650 390; baseline 0.003 -17"><span class='ocrx_word' id='word_1_17' title='bbox 102 331 246 374; x_wconf 85' lang='lat' dir='ltr'>minus</span> <span class='ocrx_word' id='word_1_18' title='bbox 270 331 522 374; x_wconf 83' lang='lat' dir='ltr'>ambitiosus</span> <span class='ocrx_word' id='word_1_19' title='bbox 554 347 649 374; x_wconf 89' lang='lat' dir='ltr'>esse</span> <span class='ocrx_word' id='word_1_20' title='bbox 674 331 906 374; x_wconf 88' lang='lat' dir='ltr'>videretur.</span> <span class='ocrx_word' id='word_1_21' title='bbox 961 332 1112 388; x_wconf 85' lang='lat' dir='ltr'>Neque</span> <span class='ocrx_word' id='word_1_22' title='bbox 1141 333 1345 390; x_wconf 82' lang='lat' dir='ltr'>deinceps</span> <span class='ocrx_word' id='word_1_23' title='bbox 1374 334 1650 390; x_wconf 86' lang='lat' dir='ltr'>imperatores</span> 
     </span>
     <span class='ocr_line' id='line_1_4' title="bbox 102 403 1649 462; baseline 0.001 -16"><span class='ocrx_word' id='word_1_24' title='bbox 102 418 188 460; x_wconf 88' lang='lat' dir='ltr'>quo</span> <span class='ocrx_word' id='word_1_25' title='bbox 222 403 317 447; x_wconf 84' lang='lat' dir='ltr'>iure</span> <span class='ocrx_word' id='word_1_26' title='bbox 359 404 403 446; x_wconf 91' lang='lat' dir='ltr'>in</span> <span class='ocrx_word' id='word_1_27' title='bbox 439 404 611 460; x_wconf 88' lang='lat' dir='ltr'>legibus</span> <span class='ocrx_word' id='word_1_28' title='bbox 648 404 981 461; x_wconf 82' lang='lat' dir='ltr'>municipiorum</span> <span class='ocrx_word' id='word_1_29' title='bbox 1017 405 1206 447; x_wconf 86' lang='lat' dir='ltr'>ferendis</span> <span class='ocrx_word' id='word_1_30' title='bbox 1242 406 1311 448; x_wconf 92' lang='lat' dir='ltr'>usi</span> <span class='ocrx_word' id='word_1_31' title='bbox 1344 406 1449 457; x_wconf 89' lang='lat' dir='ltr'>sint,</span> <span class='ocrx_word' id='word_1_32' title='bbox 1492 406 1649 462; x_wconf 84' lang='lat' dir='ltr'>liquet3</span> 
     </span>
     <span class='ocr_line' id='line_1_5' title="bbox 103 476 1651 534; baseline 0.001 -15"><span class='ocrx_word' id='word_1_33' title='bbox 103 477 332 533; x_wconf 81' lang='lat' dir='ltr'>scriptores</span> <span class='ocrx_word' id='word_1_34' title='bbox 362 477 475 518; x_wconf 89' lang='lat' dir='ltr'>enim</span> <span class='ocrx_word' id='word_1_35' title='bbox 506 492 591 532; x_wconf 88' lang='lat' dir='ltr'>qua</span> <span class='ocrx_word' id='word_1_36' title='bbox 620 476 811 531; x_wconf 89' lang='lat' dir='ltr'>quidque</span> <span class='ocrx_word' id='word_1_37' title='bbox 838 477 1001 519; x_wconf 87' lang='lat' dir='ltr'>ratione</span> <span class='ocrx_word' id='word_1_38' title='bbox 1030 484 1171 519; x_wconf 87' lang='lat' dir='ltr'>actum</span> <span class='ocrx_word' id='word_1_39' title='bbox 1203 477 1257 520; x_wconf 87' lang='lat' dir='ltr'>sit</span> <span class='ocrx_word' id='word_1_40' title='bbox 1283 493 1434 534; x_wconf 87' lang='lat' dir='ltr'>parum</span> <span class='ocrx_word' id='word_1_41' title='bbox 1453 484 1651 520; x_wconf 88' lang='lat' dir='ltr'>accurate</span> 
     </span>
     <span class='ocr_line' id='line_1_6' title="bbox 101 548 1651 605; baseline 0.001 -15"><span class='ocrx_word' id='word_1_42' title='bbox 101 549 305 591; x_wconf 87' lang='lat' dir='ltr'>referunt.</span> <span class='ocrx_word' id='word_1_43' title='bbox 365 548 497 592; x_wconf 89' lang='lat' dir='ltr'>Velut</span> <span class='ocrx_word' id='word_1_44' title='bbox 529 548 644 591; x_wconf 89' lang='lat' dir='ltr'>Nero</span> <span class='ocrx_word' id='word_1_45' title='bbox 686 563 784 591; x_wconf 91' lang='lat' dir='ltr'>cum</span> <span class='ocrx_word' id='word_1_46' title='bbox 815 549 993 605; x_wconf 89' lang='lat' dir='ltr'>Alpium</span> <span class='ocrx_word' id='word_1_47' title='bbox 1032 549 1339 592; x_wconf 87' lang='lat' dir='ltr'>maritimarum</span> <span class='ocrx_word' id='word_1_48' title='bbox 1375 550 1568 593; x_wconf 87' lang='lat' dir='ltr'>nationes</span> <span class='ocrx_word' id='word_1_49' title='bbox 1606 550 1651 592; x_wconf 92' lang='lat' dir='ltr'>in</span> 
     </span>
     <span class='ocr_line' id='line_1_7' title="bbox 100 620 1650 677; baseline 0.001 -14"><span class='ocrx_word' id='word_1_50' title='bbox 100 621 170 664; x_wconf 92' lang='lat' dir='ltr'>ius</span> <span class='ocrx_word' id='word_1_51' title='bbox 197 621 312 664; x_wconf 85' lang='lat' dir='ltr'>Latii</span> <span class='ocrx_word' id='word_1_52' title='bbox 343 621 588 664; x_wconf 86' lang='lat' dir='ltr'>traduceret</span> <span class='ocrx_word' id='word_1_53' title='bbox 618 620 739 677; x_wconf 89' lang='lat' dir='ltr'>(Tac.</span> <span class='ocrx_word' id='word_1_54' title='bbox 770 622 885 663; x_wconf 92' lang='lat' dir='ltr'>Ann.</span> <span class='ocrx_word' id='word_1_55' title='bbox 912 621 1017 672; x_wconf 87' lang='lat' dir='ltr'>XV,</span> <span class='ocrx_word' id='word_1_56' title='bbox 1047 622 1144 677; x_wconf 75' lang='lat'>32),</span> <span class='ocrx_word' id='word_1_57' title='bbox 1191 637 1294 665; x_wconf 90' lang='lat' dir='ltr'>num</span> <span class='ocrx_word' id='word_1_58' title='bbox 1333 629 1507 665; x_wconf 90' lang='lat' dir='ltr'>senatus</span> <span class='ocrx_word' id='word_1_59' title='bbox 1548 637 1650 665; x_wconf 90' lang='lat' dir='ltr'>con-</span> 
     </span>
     <span class='ocr_line' id='line_1_8' title="bbox 104 693 1650 750; baseline 0 -14"><span class='ocrx_word' id='word_1_60' title='bbox 104 693 263 736; x_wconf 87' lang='lat' dir='ltr'>sultum</span> <span class='ocrx_word' id='word_1_61' title='bbox 292 694 569 750; x_wconf 81' lang='lat' dir='ltr'>interposuit,</span> <span class='ocrx_word' id='word_1_62' title='bbox 610 708 696 749; x_wconf 94' lang='lat' dir='ltr'>quo</span> <span class='ocrx_word' id='word_1_63' title='bbox 723 694 841 749; x_wconf 88' lang='lat' dir='ltr'>quod</span> <span class='ocrx_word' id='word_1_64' title='bbox 871 694 964 750; x_wconf 89' lang='lat' dir='ltr'>ipse</span> <span class='ocrx_word' id='word_1_65' title='bbox 995 696 1299 746; x_wconf 81' lang='lat' dir='ltr'>concessisset,</span> <span class='ocrx_word' id='word_1_66' title='bbox 1341 695 1465 750; x_wconf 89' lang='lat' dir='ltr'>quasi</span> <span class='ocrx_word' id='word_1_67' title='bbox 1496 695 1650 738; x_wconf 91' lang='lat' dir='ltr'>confir-</span> 
     </span>
     <span class='ocr_line' id='line_1_9' title="bbox 101 765 1652 823; baseline 0 -15"><span class='ocrx_word' id='word_1_68' title='bbox 101 766 318 809; x_wconf 81' lang='lat' dir='ltr'>maretur?</span> <span class='ocrx_word' id='word_1_69' title='bbox 366 766 451 810; x_wconf 93' lang='lat' dir='ltr'>Vel</span> <span class='ocrx_word' id='word_1_70' title='bbox 478 765 593 809; x_wconf 91' lang='lat' dir='ltr'>Otho</span> <span class='ocrx_word' id='word_1_71' title='bbox 618 781 715 809; x_wconf 90' lang='lat' dir='ltr'>cum</span> <span class='ocrx_word' id='word_1_72' title='bbox 743 767 1017 823; x_wconf 88' lang='lat' dir='ltr'>Lingonibus</span> <span class='ocrx_word' id='word_1_73' title='bbox 1047 768 1263 810; x_wconf 86' lang='lat' dir='ltr'>universis</span> <span class='ocrx_word' id='word_1_74' title='bbox 1289 768 1504 810; x_wconf 89' lang='lat' dir='ltr'>civitatem</span> <span class='ocrx_word' id='word_1_75' title='bbox 1530 767 1652 810; x_wconf 88' lang='lat' dir='ltr'>daret</span> 
     </span>
     <span class='ocr_line' id='line_1_10' title="bbox 104 838 1652 897; baseline 0.001 -17"><span class='ocrx_word' id='word_1_76' title='bbox 104 838 322 895; x_wconf 88' lang='lat' dir='ltr'>multaque</span> <span class='ocrx_word' id='word_1_77' title='bbox 364 839 510 881; x_wconf 87' lang='lat' dir='ltr'>multis</span> <span class='ocrx_word' id='word_1_78' title='bbox 557 846 598 880; x_wconf 92' lang='lat' dir='ltr'>et</span> <span class='ocrx_word' id='word_1_79' title='bbox 640 839 810 895; x_wconf 89' lang='lat' dir='ltr'>oppidis</span> <span class='ocrx_word' id='word_1_80' title='bbox 855 847 896 882; x_wconf 91' lang='lat' dir='ltr'>et</span> <span class='ocrx_word' id='word_1_81' title='bbox 934 840 1169 896; x_wconf 88' lang='lat' dir='ltr'>provinciis</span> <span class='ocrx_word' id='word_1_82' title='bbox 1209 839 1462 883; x_wconf 85' lang='lat' dir='ltr'>concederet</span> <span class='ocrx_word' id='word_1_83' title='bbox 1494 839 1652 897; x_wconf 66' lang='lat' dir='ltr'>(⁷12acit.</span> 
     </span>
     <span class='ocr_line' id='line_1_11' title="bbox 101 910 1650 968; baseline 0.001 -16"><span class='ocrx_word' id='word_1_84' title='bbox 101 910 216 953; x_wconf 88' lang='lat' dir='ltr'>Hist.</span> <span class='ocrx_word' id='word_1_85' title='bbox 233 911 266 962; x_wconf 88' lang='grc' dir='ltr'>Ι,</span> <span class='ocrx_word' id='word_1_86' title='bbox 288 911 378 966; x_wconf 88' lang='grc'>78),</span> <span class='ocrx_word' id='word_1_87' title='bbox 409 917 555 952; x_wconf 90' lang='lat' dir='ltr'>utrum</span> <span class='ocrx_word' id='word_1_88' title='bbox 586 919 759 954; x_wconf 89' lang='lat' dir='ltr'>senatus</span> <span class='ocrx_word' id='word_1_89' title='bbox 788 912 1039 954; x_wconf 86' lang='lat' dir='ltr'>auctoritate</span> <span class='ocrx_word' id='word_1_90' title='bbox 1068 928 1176 955; x_wconf 91' lang='lat' dir='ltr'>usus</span> <span class='ocrx_word' id='word_1_91' title='bbox 1207 919 1272 954; x_wconf 88' lang='lat' dir='ltr'>est</span> <span class='ocrx_word' id='word_1_92' title='bbox 1295 928 1349 955; x_wconf 91' lang='lat' dir='ltr'>an</span> <span class='ocrx_word' id='word_1_93' title='bbox 1377 912 1470 968; x_wconf 87' lang='lat' dir='ltr'>ipse</span> <span class='ocrx_word' id='word_1_94' title='bbox 1493 912 1650 955; x_wconf 88' lang='lat' dir='ltr'>consti-</span> 
     </span>
     <span class='ocr_line' id='line_1_12' title="bbox 101 982 1650 1040; baseline 0.001 -16"><span class='ocrx_word' id='word_1_95' title='bbox 101 982 213 1024; x_wconf 83' lang='lat' dir='ltr'>tuit?</span> <span class='ocrx_word' id='word_1_96' title='bbox 260 983 448 1026; x_wconf 90' lang='lat' dir='ltr'>Decerni</span> <span class='ocrx_word' id='word_1_97' title='bbox 474 983 556 1026; x_wconf 94' lang='lat' dir='ltr'>hoc</span> <span class='ocrx_word' id='word_1_98' title='bbox 581 984 743 1039; x_wconf 91' lang='lat' dir='ltr'>nequit.</span> <span class='ocrx_word' id='word_1_99' title='bbox 792 983 1066 1039; x_wconf 79' lang='lat' dir='ltr'>Quamquam</span> <span class='ocrx_word' id='word_1_100' title='bbox 1096 985 1296 1040; x_wconf 89' lang='lat' dir='ltr'>equidem</span> <span class='ocrx_word' id='word_1_101' title='bbox 1322 984 1404 1027; x_wconf 91' lang='lat' dir='ltr'>hoc</span> <span class='ocrx_word' id='word_1_102' title='bbox 1429 984 1474 1026; x_wconf 94' lang='lat' dir='ltr'>in</span> <span class='ocrx_word' id='word_1_103' title='bbox 1494 999 1650 1039; x_wconf 86' lang='lat' dir='ltr'>genere</span> 
     </span>
     <span class='ocr_line' id='line_1_13' title="bbox 100 1054 1650 1111; baseline 0.002 -15"><span class='ocrx_word' id='word_1_104' title='bbox 100 1054 209 1096; x_wconf 90' lang='lat' dir='ltr'>illud</span> <span class='ocrx_word' id='word_1_105' title='bbox 238 1055 447 1111; x_wconf 88' lang='lat' dir='ltr'>imprimis</span> <span class='ocrx_word' id='word_1_106' title='bbox 481 1062 696 1098; x_wconf 89' lang='lat' dir='ltr'>servatum</span> <span class='ocrx_word' id='word_1_107' title='bbox 729 1071 823 1098; x_wconf 81' lang='lat' dir='ltr'>esse</span> <span class='ocrx_word' id='word_1_108' title='bbox 853 1072 1031 1107; x_wconf 91' lang='lat' dir='ltr'>censeo,</span> <span class='ocrx_word' id='word_1_109' title='bbox 1067 1057 1183 1111; x_wconf 92' lang='lat' dir='ltr'>quod</span> <span class='ocrx_word' id='word_1_110' title='bbox 1218 1057 1262 1098; x_wconf 90' lang='lat' dir='ltr'>in</span> <span class='ocrx_word' id='word_1_111' title='bbox 1291 1057 1489 1099; x_wconf 91' lang='lat' dir='ltr'>omnibus</span> <span class='ocrx_word' id='word_1_112' title='bbox 1518 1057 1650 1099; x_wconf 85' lang='lat' dir='ltr'>rebus</span> 
     </span>
     <span class='ocr_line' id='line_1_14' title="bbox 102 1125 1650 1186; baseline 0.002 -17"><span class='ocrx_word' id='word_1_113' title='bbox 102 1125 270 1170; x_wconf 83' lang='lat' dir='ltr'>valebat</span> <span class='ocrx_word' id='word_1_114' title='bbox 300 1127 534 1183; x_wconf 89' lang='lat' dir='ltr'>plurimum</span> <span class='ocrx_word' id='word_1_115' title='bbox 559 1129 746 1171; x_wconf 88' lang='lat' dir='ltr'>necdum</span> <span class='ocrx_word' id='word_1_116' title='bbox 773 1130 875 1171; x_wconf 86' lang='lat' dir='ltr'>satis</span> <span class='ocrx_word' id='word_1_117' title='bbox 906 1144 931 1171; x_wconf 91' lang='lat' dir='ltr'>a</span> <span class='ocrx_word' id='word_1_118' title='bbox 958 1129 1061 1171; x_wconf 91' lang='lat' dir='ltr'>viris</span> <span class='ocrx_word' id='word_1_119' title='bbox 1090 1129 1250 1180; x_wconf 89' lang='lat' dir='ltr'>doctis,</span> <span class='ocrx_word' id='word_1_120' title='bbox 1283 1130 1358 1185; x_wconf 92' lang='lat' dir='ltr'>qui</span> <span class='ocrx_word' id='word_1_121' title='bbox 1386 1130 1439 1171; x_wconf 91' lang='lat' dir='ltr'>de</span> <span class='ocrx_word' id='word_1_122' title='bbox 1466 1130 1650 1186; x_wconf 89' lang='lat' dir='ltr'>impera-</span> 
     </span>
     <span class='ocr_line' id='line_1_15' title="bbox 102 1200 1650 1257; baseline 0.001 -17"><span class='ocrx_word' id='word_1_123' title='bbox 102 1205 242 1241; x_wconf 88' lang='lat' dir='ltr'>torum</span> <span class='ocrx_word' id='word_1_124' title='bbox 271 1206 407 1242; x_wconf 87' lang='lat' dir='ltr'>aetate</span> <span class='ocrx_word' id='word_1_125' title='bbox 438 1200 653 1251; x_wconf 88' lang='lat' dir='ltr'>scribunt,</span> <span class='ocrx_word' id='word_1_126' title='bbox 683 1201 1057 1251; x_wconf 87' lang='lat' dir='ltr'>animadvertitur,</span> <span class='ocrx_word' id='word_1_127' title='bbox 1087 1202 1203 1256; x_wconf 91' lang='lat' dir='ltr'>quod</span> <span class='ocrx_word' id='word_1_128' title='bbox 1233 1202 1483 1244; x_wconf 89' lang='lat' dir='ltr'>universum</span> <span class='ocrx_word' id='word_1_129' title='bbox 1514 1201 1650 1257; x_wconf 90' lang='lat' dir='ltr'>impe-</span> 
     </span>
     <span class='ocr_line' id='line_1_16' title="bbox 100 1271 1652 1330; baseline 0.002 -17"><span class='ocrx_word' id='word_1_130' title='bbox 100 1271 212 1314; x_wconf 89' lang='lat' dir='ltr'>rium</span> <span class='ocrx_word' id='word_1_131' title='bbox 251 1271 491 1314; x_wconf 89' lang='lat' dir='ltr'>Romanum</span> <span class='ocrx_word' id='word_1_132' title='bbox 532 1272 577 1314; x_wconf 90' lang='lat' dir='ltr'>in</span> <span class='ocrx_word' id='word_1_133' title='bbox 620 1273 728 1315; x_wconf 88' lang='lat' dir='ltr'>duas</span> <span class='ocrx_word' id='word_1_134' title='bbox 769 1280 911 1329; x_wconf 87' lang='lat' dir='ltr'>partes</span> <span class='ocrx_word' id='word_1_135' title='bbox 955 1281 1043 1316; x_wconf 87' lang='lat' dir='ltr'>erat</span> <span class='ocrx_word' id='word_1_136' title='bbox 1082 1273 1295 1324; x_wconf 89' lang='lat' dir='ltr'>divisum,</span> <span class='ocrx_word' id='word_1_137' title='bbox 1341 1290 1525 1330; x_wconf 91' lang='lat' dir='ltr'>quarum</span> <span class='ocrx_word' id='word_1_138' title='bbox 1565 1289 1652 1316; x_wconf 89' lang='lat' dir='ltr'>una</span> 
     </span>
     <span class='ocr_line' id='line_1_17' title="bbox 100 1344 1650 1402; baseline 0.003 -16"><span class='ocrx_word' id='word_1_139' title='bbox 100 1344 368 1401; x_wconf 81' lang='lat' dir='ltr'>imperatoris</span> <span class='ocrx_word' id='word_1_140' title='bbox 399 1346 520 1400; x_wconf 83' lang='lat' dir='ltr'>quasi</span> <span class='ocrx_word' id='word_1_141' title='bbox 546 1347 715 1402; x_wconf 88' lang='lat' dir='ltr'>propria</span> <span class='ocrx_word' id='word_1_142' title='bbox 744 1353 846 1396; x_wconf 89' lang='lat' dir='ltr'>erat,</span> <span class='ocrx_word' id='word_1_143' title='bbox 873 1346 1005 1388; x_wconf 88' lang='lat' dir='ltr'>altera</span> <span class='ocrx_word' id='word_1_144' title='bbox 1033 1353 1175 1389; x_wconf 88' lang='lat' dir='ltr'>vetere</span> <span class='ocrx_word' id='word_1_145' title='bbox 1207 1361 1323 1389; x_wconf 91' lang='lat' dir='ltr'>more</span> <span class='ocrx_word' id='word_1_146' title='bbox 1351 1363 1376 1390; x_wconf 93' lang='lat' dir='ltr'>a</span> <span class='ocrx_word' id='word_1_147' title='bbox 1403 1355 1552 1390; x_wconf 87' lang='lat' dir='ltr'>senatu</span> <span class='ocrx_word' id='word_1_148' title='bbox 1582 1363 1650 1391; x_wconf 91' lang='lat' dir='ltr'>re-</span> 
     </span>
     <span class='ocr_line' id='line_1_18' title="bbox 102 1416 1650 1476; baseline 0.004 -18"><span class='ocrx_word' id='word_1_149' title='bbox 102 1416 296 1473; x_wconf 86' lang='lat' dir='ltr'>gebatur.</span> <span class='ocrx_word' id='word_1_150' title='bbox 334 1417 471 1468; x_wconf 86' lang='lat' dir='ltr'>Illam,</span> <span class='ocrx_word' id='word_1_151' title='bbox 498 1433 606 1473; x_wconf 89' lang='lat' dir='ltr'>quae</span> <span class='ocrx_word' id='word_1_152' title='bbox 632 1418 858 1461; x_wconf 89' lang='lat' dir='ltr'>bellicosas</span> <span class='ocrx_word' id='word_1_153' title='bbox 885 1418 1165 1475; x_wconf 89' lang='lat' dir='ltr'>barbarisque</span> <span class='ocrx_word' id='word_1_154' title='bbox 1188 1419 1388 1462; x_wconf 90' lang='lat' dir='ltr'>finitimas</span> <span class='ocrx_word' id='word_1_155' title='bbox 1408 1421 1650 1476; x_wconf 87' lang='lat' dir='ltr'>provincias</span> 
     </span>
     <span class='ocr_line' id='line_1_19' title="bbox 102 1489 1651 1549; baseline 0.003 -18"><span class='ocrx_word' id='word_1_156' title='bbox 102 1489 487 1546; x_wconf 86' lang='lat' dir='ltr'>complectebatur,</span> <span class='ocrx_word' id='word_1_157' title='bbox 528 1490 676 1532; x_wconf 90' lang='lat' dir='ltr'>eodem</span> <span class='ocrx_word' id='word_1_158' title='bbox 708 1490 794 1532; x_wconf 83' lang='lat' dir='ltr'>fere</span> <span class='ocrx_word' id='word_1_159' title='bbox 826 1489 1045 1533; x_wconf 87' lang='lat' dir='ltr'>obtinebat</span> <span class='ocrx_word' id='word_1_160' title='bbox 1077 1491 1308 1547; x_wconf 86' lang='lat' dir='ltr'>imperator</span> <span class='ocrx_word' id='word_1_161' title='bbox 1333 1491 1449 1543; x_wconf 88' lang='lat' dir='ltr'>iure,</span> <span class='ocrx_word' id='word_1_162' title='bbox 1491 1509 1577 1549; x_wconf 93' lang='lat' dir='ltr'>quo</span> <span class='ocrx_word' id='word_1_163' title='bbox 1606 1494 1651 1536; x_wconf 90' lang='lat' dir='ltr'>in</span> 
     </span>
     <span class='ocr_line' id='line_1_20' title="bbox 99 1560 1650 1619; baseline 0.003 -16"><span class='ocrx_word' id='word_1_164' title='bbox 99 1560 234 1604; x_wconf 85' lang='lat' dir='ltr'>libera</span> <span class='ocrx_word' id='word_1_165' title='bbox 263 1562 483 1618; x_wconf 86' lang='lat' dir='ltr'>republica</span> <span class='ocrx_word' id='word_1_166' title='bbox 517 1563 591 1617; x_wconf 92' lang='lat' dir='ltr'>qui</span> <span class='ocrx_word' id='word_1_167' title='bbox 626 1563 761 1619; x_wconf 87' lang='lat' dir='ltr'>gestis</span> <span class='ocrx_word' id='word_1_168' title='bbox 802 1562 1038 1606; x_wconf 90' lang='lat' dir='ltr'>honoribus</span> <span class='ocrx_word' id='word_1_169' title='bbox 1075 1564 1313 1619; x_wconf 86' lang='lat' dir='ltr'>provincias</span> <span class='ocrx_word' id='word_1_170' title='bbox 1352 1564 1650 1616; x_wconf 88' lang='lat' dir='ltr'>sortiebantur,</span> 
     </span>
     <span class='ocr_line' id='line_1_21' title="bbox 102 1634 1650 1693; baseline 0.003 -18"><span class='ocrx_word' id='word_1_171' title='bbox 102 1640 346 1684; x_wconf 83' lang='lat' dir='ltr'>tenuerant,</span> <span class='ocrx_word' id='word_1_172' title='bbox 385 1634 468 1676; x_wconf 89' lang='lat' dir='ltr'>nisi</span> <span class='ocrx_word' id='word_1_173' title='bbox 498 1635 614 1689; x_wconf 88' lang='lat' dir='ltr'>quod</span> <span class='ocrx_word' id='word_1_174' title='bbox 645 1635 876 1691; x_wconf 89' lang='lat' dir='ltr'>imperator</span> <span class='ocrx_word' id='word_1_175' title='bbox 908 1643 1163 1692; x_wconf 85' lang='lat' dir='ltr'>perpetuum</span> <span class='ocrx_word' id='word_1_176' title='bbox 1196 1635 1380 1679; x_wconf 90' lang='lat' dir='ltr'>habebat</span> <span class='ocrx_word' id='word_1_177' title='bbox 1409 1636 1650 1693; x_wconf 91' lang='lat' dir='ltr'>imperium.</span> 
     </span>
     <span class='ocr_line' id='line_1_22' title="bbox 105 1706 1650 1766; baseline 0.003 -18"><span class='ocrx_word' id='word_1_178' title='bbox 105 1706 196 1748; x_wconf 83' lang='lat' dir='ltr'>Iam</span> <span class='ocrx_word' id='word_1_179' title='bbox 247 1706 281 1748; x_wconf 91' lang='lat' dir='ltr'>si</span> <span class='ocrx_word' id='word_1_180' title='bbox 335 1706 553 1749; x_wconf 87' lang='lat' dir='ltr'>veteribus</span> <span class='ocrx_word' id='word_1_181' title='bbox 591 1707 918 1764; x_wconf 85' lang='lat' dir='ltr'>imperatoribus</span> <span class='ocrx_word' id='word_1_182' title='bbox 958 1723 1082 1763; x_wconf 86' lang='lat' dir='ltr'>saepe</span> <span class='ocrx_word' id='word_1_183' title='bbox 1123 1707 1176 1750; x_wconf 90' lang='lat' dir='ltr'>ab</span> <span class='ocrx_word' id='word_1_184' title='bbox 1216 1715 1365 1750; x_wconf 86' lang='lat' dir='ltr'>senatu</span> <span class='ocrx_word' id='word_1_185' title='bbox 1403 1710 1650 1766; x_wconf 91' lang='lat' dir='ltr'>populoque</span> 
     </span>
     <span class='ocr_line' id='line_1_23' title="bbox 101 1777 1652 1839; baseline 0.003 -19"><span class='ocrx_word' id='word_1_186' title='bbox 101 1777 296 1820; x_wconf 82' lang='lat' dir='ltr'>Romano</span> <span class='ocrx_word' id='word_1_187' title='bbox 327 1779 576 1821; x_wconf 91' lang='lat' dir='ltr'>mandatum</span> <span class='ocrx_word' id='word_1_188' title='bbox 609 1786 686 1828; x_wconf 88' lang='lat' dir='ltr'>est,</span> <span class='ocrx_word' id='word_1_189' title='bbox 717 1780 925 1835; x_wconf 87' lang='lat' dir='ltr'>imprimis</span> <span class='ocrx_word' id='word_1_190' title='bbox 951 1780 996 1821; x_wconf 90' lang='lat' dir='ltr'>in</span> <span class='ocrx_word' id='word_1_191' title='bbox 1025 1780 1078 1822; x_wconf 89' lang='lat' dir='ltr'>iis</span> <span class='ocrx_word' id='word_1_192' title='bbox 1105 1795 1212 1836; x_wconf 88' lang='lat' dir='ltr'>quas</span> <span class='ocrx_word' id='word_1_193' title='bbox 1243 1781 1369 1837; x_wconf 88' lang='lat' dir='ltr'>primi</span> <span class='ocrx_word' id='word_1_194' title='bbox 1401 1782 1652 1839; x_wconf 88' lang='lat' dir='ltr'>subigerent</span> 
     </span>
     <span class='ocr_line' id='line_1_24' title="bbox 102 1849 1650 1910; baseline 0.004 -19"><span class='ocrx_word' id='word_1_195' title='bbox 102 1849 347 1906; x_wconf 88' lang='lat' dir='ltr'>provinciis,</span> <span class='ocrx_word' id='word_1_196' title='bbox 377 1858 426 1892; x_wconf 90' lang='lat' dir='ltr'>ut</span> <span class='ocrx_word' id='word_1_197' title='bbox 454 1851 573 1907; x_wconf 88' lang='lat' dir='ltr'>leges</span> <span class='ocrx_word' id='word_1_198' title='bbox 605 1851 848 1907; x_wconf 90' lang='lat' dir='ltr'>municipiis</span> <span class='ocrx_word' id='word_1_199' title='bbox 879 1852 1040 1902; x_wconf 90' lang='lat' dir='ltr'>darent,</span> <span class='ocrx_word' id='word_1_200' title='bbox 1072 1867 1125 1894; x_wconf 84' lang='lat' dir='ltr'>an</span> <span class='ocrx_word' id='word_1_201' title='bbox 1155 1853 1236 1904; x_wconf 87' lang='lat' dir='ltr'>his,</span> <span class='ocrx_word' id='word_1_202' title='bbox 1271 1855 1344 1910; x_wconf 93' lang='lat' dir='ltr'>qui</span> <span class='ocrx_word' id='word_1_203' title='bbox 1372 1854 1534 1896; x_wconf 90' lang='lat' dir='ltr'>domini</span> <span class='ocrx_word' id='word_1_204' title='bbox 1561 1854 1650 1897; x_wconf 83' lang='lat' dir='ltr'>Ro-</span> 
     </span>
     <span class='ocr_line' id='line_1_25' title="bbox 103 1923 1650 1983; baseline 0.003 -19"><span class='ocrx_word' id='word_1_205' title='bbox 103 1937 327 1964; x_wconf 90' lang='lat' dir='ltr'>manorum</span> <span class='ocrx_word' id='word_1_206' title='bbox 363 1930 526 1973; x_wconf 90' lang='lat' dir='ltr'>essent,</span> <span class='ocrx_word' id='word_1_207' title='bbox 568 1923 896 1980; x_wconf 86' lang='lat' dir='ltr'>imperatoribus</span> <span class='ocrx_word' id='word_1_208' title='bbox 937 1939 1105 1967; x_wconf 88' lang='lat' dir='ltr'>omnem</span> <span class='ocrx_word' id='word_1_209' title='bbox 1134 1926 1463 1983; x_wconf 85' lang='lat' dir='ltr'>municipiorum</span> <span class='ocrx_word' id='word_1_210' title='bbox 1492 1926 1650 1969; x_wconf 89' lang='lat' dir='ltr'>consti-</span> 
     </span>
     <span class='ocr_line' id='line_1_26' title="bbox 103 1994 1651 2054; baseline 0.003 -18"><span class='ocrx_word' id='word_1_211' title='bbox 103 1994 362 2036; x_wconf 90' lang='lat' dir='ltr'>tuendorum</span> <span class='ocrx_word' id='word_1_212' title='bbox 389 2003 639 2051; x_wconf 88' lang='lat' dir='ltr'>potestatem</span> <span class='ocrx_word' id='word_1_213' title='bbox 666 1996 726 2038; x_wconf 91' lang='lat' dir='ltr'>ita</span> <span class='ocrx_word' id='word_1_214' title='bbox 751 2011 998 2038; x_wconf 91' lang='lat' dir='ltr'>concessam</span> <span class='ocrx_word' id='word_1_215' title='bbox 1028 2011 1123 2039; x_wconf 89' lang='lat' dir='ltr'>esse</span> <span class='ocrx_word' id='word_1_216' title='bbox 1149 1998 1422 2054; x_wconf 89' lang='lat' dir='ltr'>putabimus,</span> <span class='ocrx_word' id='word_1_217' title='bbox 1454 2005 1504 2040; x_wconf 90' lang='lat' dir='ltr'>ut</span> <span class='ocrx_word' id='word_1_218' title='bbox 1533 1999 1651 2040; x_wconf 93' lang='lat' dir='ltr'>nullo</span> 
     </span>
     <span class='ocr_line' id='line_1_27' title="bbox 101 2066 1653 2126; baseline 0.003 -19"><span class='ocrx_word' id='word_1_219' title='bbox 101 2066 284 2122; x_wconf 88' lang='lat' dir='ltr'>amplius</span> <span class='ocrx_word' id='word_1_220' title='bbox 315 2075 488 2110; x_wconf 89' lang='lat' dir='ltr'>senatus</span> <span class='ocrx_word' id='word_1_221' title='bbox 519 2068 737 2119; x_wconf 88' lang='lat' dir='ltr'>consulto,</span> <span class='ocrx_word' id='word_1_222' title='bbox 779 2069 896 2110; x_wconf 78' lang='lat' dir='ltr'>nulla¹</span> <span class='ocrx_word' id='word_1_223' title='bbox 924 2069 1021 2125; x_wconf 87' lang='lat' dir='ltr'>lege</span> <span class='ocrx_word' id='word_1_224' title='bbox 1056 2083 1164 2125; x_wconf 84' lang='lat' dir='ltr'>opus</span> <span class='ocrx_word' id='word_1_225' title='bbox 1195 2071 1336 2113; x_wconf 84' lang='lat' dir='ltr'>esset?</span> <span class='ocrx_word' id='word_1_226' title='bbox 1391 2071 1540 2126; x_wconf 81' lang='lat' dir='ltr'>Itaque</span> <span class='ocrx_word' id='word_1_227' title='bbox 1566 2086 1653 2113; x_wconf 92' lang='lat' dir='ltr'>non</span> 
     </span>
     <span class='ocr_line' id='line_1_28' title="bbox 106 2138 1652 2197; baseline 0.003 -17"><span class='ocrx_word' id='word_1_228' title='bbox 106 2138 262 2181; x_wconf 89' lang='lat' dir='ltr'>mirum</span> <span class='ocrx_word' id='word_1_229' title='bbox 289 2139 461 2182; x_wconf 90' lang='lat' dir='ltr'>videtur</span> <span class='ocrx_word' id='word_1_230' title='bbox 485 2154 592 2189; x_wconf 90' lang='lat' dir='ltr'>esse,</span> <span class='ocrx_word' id='word_1_231' title='bbox 625 2141 741 2195; x_wconf 90' lang='lat' dir='ltr'>quod</span> <span class='ocrx_word' id='word_1_232' title='bbox 770 2141 812 2183; x_wconf 91' lang='lat' dir='ltr'>in</span> <span class='ocrx_word' id='word_1_233' title='bbox 831 2141 970 2184; x_wconf 89' lang='lat' dir='ltr'>Taciti</span> <span class='ocrx_word' id='word_1_234' title='bbox 997 2141 1221 2185; x_wconf 88' lang='lat' dir='ltr'>annalibus</span> <span class='ocrx_word' id='word_1_235' title='bbox 1249 2142 1513 2185; x_wconf 84' lang='lat' dir='ltr'>observatur.</span> <span class='ocrx_word' id='word_1_236' title='bbox 1563 2142 1652 2197; x_wconf 83' lang='lat' dir='ltr'>Qui</span> 
     </span>
     <span class='ocr_line' id='line_1_29' title="bbox 104 2211 1652 2270; baseline 0.003 -18"><span class='ocrx_word' id='word_1_237' title='bbox 104 2225 201 2252; x_wconf 89' lang='lat' dir='ltr'>cum</span> <span class='ocrx_word' id='word_1_238' title='bbox 233 2211 563 2267; x_wconf 89' lang='lat' dir='ltr'>diligentissima</span> <span class='ocrx_word' id='word_1_239' title='bbox 601 2227 704 2254; x_wconf 91' lang='lat' dir='ltr'>cura</span> <span class='ocrx_word' id='word_1_240' title='bbox 738 2213 964 2269; x_wconf 89' lang='lat' dir='ltr'>praecipue</span> <span class='ocrx_word' id='word_1_241' title='bbox 994 2214 1039 2255; x_wconf 89' lang='lat' dir='ltr'>in</span> <span class='ocrx_word' id='word_1_242' title='bbox 1067 2213 1229 2256; x_wconf 87' lang='lat' dir='ltr'>Tiberii</span> <span class='ocrx_word' id='word_1_243' title='bbox 1256 2214 1499 2270; x_wconf 88' lang='lat' dir='ltr'>principatu</span> <span class='ocrx_word' id='word_1_244' title='bbox 1529 2229 1652 2256; x_wconf 91' lang='lat' dir='ltr'>enar-</span> 
     </span>
     <span class='ocr_line' id='line_1_30' title="bbox 102 2282 1654 2342; baseline 0.003 -19"><span class='ocrx_word' id='word_1_245' title='bbox 102 2282 238 2324; x_wconf 88' lang='lat' dir='ltr'>rando</span> <span class='ocrx_word' id='word_1_246' title='bbox 267 2283 455 2326; x_wconf 89' lang='lat' dir='ltr'>actiones</span> <span class='ocrx_word' id='word_1_247' title='bbox 486 2292 660 2326; x_wconf 88' lang='lat' dir='ltr'>senatus</span> <span class='ocrx_word' id='word_1_248' title='bbox 691 2292 975 2341; x_wconf 85' lang='lat' dir='ltr'>persequatur</span> <span class='ocrx_word' id='word_1_249' title='bbox 1011 2285 1233 2342; x_wconf 89' lang='lat' dir='ltr'>(nimirum</span> <span class='ocrx_word' id='word_1_250' title='bbox 1262 2285 1389 2336; x_wconf 87' lang='lat' dir='ltr'>haec,</span> <span class='ocrx_word' id='word_1_251' title='bbox 1428 2286 1530 2342; x_wconf 91' lang='lat' dir='ltr'>quia</span> <span class='ocrx_word' id='word_1_252' title='bbox 1559 2293 1654 2329; x_wconf 86' lang='lat' dir='ltr'>acta</span> 
     </span>
     <span class='ocr_line' id='line_1_31' title="bbox 105 2355 1652 2414; baseline 0.003 -19"><span class='ocrx_word' id='word_1_253' title='bbox 105 2361 278 2396; x_wconf 85' lang='lat' dir='ltr'>senatus</span> <span class='ocrx_word' id='word_1_254' title='bbox 305 2355 508 2410; x_wconf 88' lang='lat' dir='ltr'>cognosci</span> <span class='ocrx_word' id='word_1_255' title='bbox 538 2363 757 2412; x_wconf 89' lang='lat' dir='ltr'>poterant,</span> <span class='ocrx_word' id='word_1_256' title='bbox 791 2358 895 2413; x_wconf 91' lang='lat' dir='ltr'>quid</span> <span class='ocrx_word' id='word_1_257' title='bbox 925 2358 1155 2414; x_wconf 88' lang='lat' dir='ltr'>imperator</span> <span class='ocrx_word' id='word_1_258' title='bbox 1184 2357 1403 2400; x_wconf 86' lang='lat' dir='ltr'>statuisset</span> <span class='ocrx_word' id='word_1_259' title='bbox 1433 2358 1502 2401; x_wconf 90' lang='lat' dir='ltr'>vel</span> <span class='ocrx_word' id='word_1_260' title='bbox 1533 2374 1652 2401; x_wconf 91' lang='lat' dir='ltr'>man-</span> 
     </span>
     <span class='ocr_line' id='line_1_32' title="bbox 104 2425 1651 2486; baseline 0.003 -19"><span class='ocrx_word' id='word_1_261' title='bbox 104 2425 263 2475; x_wconf 86' lang='lat' dir='ltr'>dasset,</span> <span class='ocrx_word' id='word_1_262' title='bbox 294 2426 452 2470; x_wconf 88' lang='lat' dir='ltr'>latebat</span> <span class='ocrx_word' id='word_1_263' title='bbox 477 2443 614 2484; x_wconf 91' lang='lat' dir='ltr'>neque</span> <span class='ocrx_word' id='word_1_264' title='bbox 645 2429 699 2471; x_wconf 89' lang='lat' dir='ltr'>ad</span> <span class='ocrx_word' id='word_1_265' title='bbox 725 2444 872 2472; x_wconf 90' lang='lat' dir='ltr'>eorum</span> <span class='ocrx_word' id='word_1_266' title='bbox 899 2430 973 2486; x_wconf 88' lang='lat' dir='ltr'>qui</span> <span class='ocrx_word' id='word_1_267' title='bbox 998 2430 1219 2472; x_wconf 87' lang='lat' dir='ltr'>historiam</span> <span class='ocrx_word' id='word_1_268' title='bbox 1244 2428 1477 2472; x_wconf 85' lang='lat' dir='ltr'>scriberent</span> <span class='ocrx_word' id='word_1_269' title='bbox 1503 2431 1651 2473; x_wconf 90' lang='lat' dir='ltr'>oculos</span> 
     </span>
     <span class='ocr_line' id='line_1_33' title="bbox 103 2497 1653 2558; baseline 0.004 -20"><span class='ocrx_word' id='word_1_270' title='bbox 103 2497 433 2550; x_wconf 82' lang='lat' dir='ltr'>admittebatur,</span> <span class='ocrx_word' id='word_1_271' title='bbox 479 2501 662 2543; x_wconf 87' lang='lat' dir='ltr'>maxima</span> <span class='ocrx_word' id='word_1_272' title='bbox 712 2511 801 2544; x_wconf 88' lang='lat' dir='ltr'>erat</span> <span class='ocrx_word' id='word_1_273' title='bbox 843 2501 1043 2544; x_wconf 87' lang='lat' dir='ltr'>narrandi</span> <span class='ocrx_word' id='word_1_274' title='bbox 1088 2501 1331 2557; x_wconf 85' lang='lat' dir='ltr'>materies),</span> <span class='ocrx_word' id='word_1_275' title='bbox 1381 2516 1479 2545; x_wconf 90' lang='lat' dir='ltr'>cum</span> <span class='ocrx_word' id='word_1_276' title='bbox 1519 2502 1653 2558; x_wconf 86' lang='lat' dir='ltr'>igitur</span> 
     </span>
     <span class='ocr_line' id='line_1_34' title="bbox 104 2570 1652 2630; baseline 0.003 -19"><span class='ocrx_word' id='word_1_277' title='bbox 104 2570 310 2625; x_wconf 83' lang='lat' dir='ltr'>quicquid</span> <span class='ocrx_word' id='word_1_278' title='bbox 334 2571 472 2614; x_wconf 87' lang='lat' dir='ltr'>maius</span> <span class='ocrx_word' id='word_1_279' title='bbox 496 2572 541 2614; x_wconf 91' lang='lat' dir='ltr'>in</span> <span class='ocrx_word' id='word_1_280' title='bbox 571 2581 723 2616; x_wconf 89' lang='lat' dir='ltr'>senatu</span> <span class='ocrx_word' id='word_1_281' title='bbox 749 2581 892 2617; x_wconf 89' lang='lat' dir='ltr'>actum</span> <span class='ocrx_word' id='word_1_282' title='bbox 922 2581 1000 2624; x_wconf 88' lang='lat' dir='ltr'>est,</span> <span class='ocrx_word' id='word_1_283' title='bbox 1024 2574 1253 2630; x_wconf 86' lang='lat' dir='ltr'>diligenter</span> <span class='ocrx_word' id='word_1_284' title='bbox 1277 2573 1454 2617; x_wconf 85' lang='lat' dir='ltr'>Tacitus</span> <span class='ocrx_word' id='word_1_285' title='bbox 1479 2589 1652 2617; x_wconf 87' lang='lat' dir='ltr'>narrare</span> 
     </span>
     <span class='ocr_line' id='line_1_35' title="bbox 107 2642 1651 2702; baseline 0.003 -18"><span class='ocrx_word' id='word_1_286' title='bbox 107 2642 251 2692; x_wconf 86' lang='lat' dir='ltr'>soleat,</span> <span class='ocrx_word' id='word_1_287' title='bbox 282 2642 398 2684; x_wconf 87' lang='lat' dir='ltr'>nulla</span> <span class='ocrx_word' id='word_1_288' title='bbox 424 2658 557 2700; x_wconf 92' lang='lat' dir='ltr'>prope</span> <span class='ocrx_word' id='word_1_289' title='bbox 592 2652 657 2686; x_wconf 91' lang='lat' dir='ltr'>est</span> <span class='ocrx_word' id='word_1_290' title='bbox 686 2646 909 2702; x_wconf 87' lang='lat' dir='ltr'>provincia</span> <span class='ocrx_word' id='word_1_291' title='bbox 938 2646 1172 2696; x_wconf 90' lang='lat' dir='ltr'>senatoria,</span> <span class='ocrx_word' id='word_1_292' title='bbox 1213 2661 1323 2701; x_wconf 88' lang='lat' dir='ltr'>quae</span> <span class='ocrx_word' id='word_1_293' title='bbox 1352 2661 1438 2688; x_wconf 91' lang='lat' dir='ltr'>non</span> <span class='ocrx_word' id='word_1_294' title='bbox 1468 2661 1651 2689; x_wconf 86' lang='lat' dir='ltr'>comme-</span> 
     </span>
     <span class='ocr_line' id='line_1_36' title="bbox 105 2715 1651 2776; baseline 0.004 -21"><span class='ocrx_word' id='word_1_295' title='bbox 105 2721 313 2764; x_wconf 86' lang='lat' dir='ltr'>moretur,</span> <span class='ocrx_word' id='word_1_296' title='bbox 344 2715 463 2757; x_wconf 88' lang='lat' dir='ltr'>velut</span> <span class='ocrx_word' id='word_1_297' title='bbox 489 2715 570 2758; x_wconf 86' lang='lat' dir='ltr'>sub</span> <span class='ocrx_word' id='word_1_298' title='bbox 598 2716 770 2759; x_wconf 89' lang='lat' dir='ltr'>Tiberio</span> <span class='ocrx_word' id='word_1_299' title='bbox 797 2717 964 2761; x_wconf 91' lang='lat' dir='ltr'>Achaia</span> <span class='ocrx_word' id='word_1_300' title='bbox 994 2725 1036 2760; x_wconf 91' lang='lat' dir='ltr'>et</span> <span class='ocrx_word' id='word_1_301' title='bbox 1059 2717 1317 2761; x_wconf 85' lang='lat' dir='ltr'>Macedonia</span> <span class='ocrx_word' id='word_1_302' title='bbox 1346 2717 1481 2776; x_wconf 91' lang='lat' dir='ltr'>(Ann.</span> <span class='ocrx_word' id='word_1_303' title='bbox 1511 2719 1547 2769; x_wconf 95' lang='lat' dir='ltr'>I,</span> <span class='ocrx_word' id='word_1_304' title='bbox 1572 2718 1651 2769; x_wconf 78' lang='lat'>763</span> 
     </span>
     <span class='ocr_line' id='line_1_37' title="bbox 105 2785 1652 2846; baseline 0.004 -19"><span class='ocrx_word' id='word_1_305' title='bbox 105 2785 184 2835; x_wconf 89' lang='lat' dir='ltr'>IV,</span> <span class='ocrx_word' id='word_1_306' title='bbox 217 2787 266 2829; x_wconf 80' lang='lat'>13</span> <span class='ocrx_word' id='word_1_307' title='bbox 294 2793 336 2828; x_wconf 83' lang='lat' dir='ltr'>et</span> <span class='ocrx_word' id='word_1_308' title='bbox 361 2786 449 2842; x_wconf 82' lang='lat'>43),</span> <span class='ocrx_word' id='word_1_309' title='bbox 481 2787 589 2830; x_wconf 90' lang='lat' dir='ltr'>Asia</span> <span class='ocrx_word' id='word_1_310' title='bbox 615 2789 693 2846; x_wconf 91' lang='lat' dir='ltr'>(II,</span> <span class='ocrx_word' id='word_1_311' title='bbox 725 2789 800 2839; x_wconf 81' lang='lat'>473</span> <span class='ocrx_word' id='word_1_312' title='bbox 833 2789 911 2840; x_wconf 92' lang='grc' dir='ltr'>ΙΙΙ,</span> <span class='ocrx_word' id='word_1_313' title='bbox 944 2792 996 2833; x_wconf 86' lang='grc'>58</span> <span class='ocrx_word' id='word_1_314' title='bbox 1025 2798 1067 2833; x_wconf 85' lang='lat' dir='ltr'>et</span> <span class='ocrx_word' id='word_1_315' title='bbox 1094 2790 1167 2840; x_wconf 83' lang='lat'>66;</span> <span class='ocrx_word' id='word_1_316' title='bbox 1197 2789 1276 2840; x_wconf 92' lang='lat' dir='ltr'>IV,</span> <span class='ocrx_word' id='word_1_317' title='bbox 1311 2790 1360 2833; x_wconf 83' lang='lat'>13</span> <span class='ocrx_word' id='word_1_318' title='bbox 1390 2798 1429 2834; x_wconf 87' lang='lat' dir='ltr'>et</span> <span class='ocrx_word' id='word_1_319' title='bbox 1463 2791 1512 2833; x_wconf 83' lang='lat'>15</span> <span class='ocrx_word' id='word_1_320' title='bbox 1539 2797 1580 2834; x_wconf 90' lang='lat' dir='ltr'>et</span> <span class='ocrx_word' id='word_1_321' title='bbox 1599 2790 1652 2833; x_wconf 86' lang='lat'>36</span> 
     </span>
    </p>

    <p class='ocr_par' dir='ltr' id='par_1_3' title="bbox 106 2857 1652 2978">
     <span class='ocr_line' id='line_1_38' title="bbox 106 2857 1652 2919; baseline 0.004 -19"><span class='ocrx_word' id='word_1_322' title='bbox 106 2865 149 2900; x_wconf 89' lang='lat' dir='ltr'>et</span> <span class='ocrx_word' id='word_1_323' title='bbox 177 2858 266 2913; x_wconf 83' lang='lat'>55),</span> <span class='ocrx_word' id='word_1_324' title='bbox 295 2857 445 2901; x_wconf 86' lang='lat' dir='ltr'>Africa</span> <span class='ocrx_word' id='word_1_325' title='bbox 472 2858 574 2916; x_wconf 85' lang='lat'>(111,</span> <span class='ocrx_word' id='word_1_326' title='bbox 605 2860 657 2903; x_wconf 85' lang='lat'>35</span> <span class='ocrx_word' id='word_1_327' title='bbox 685 2868 727 2903; x_wconf 86' lang='lat' dir='ltr'>et</span> <span class='ocrx_word' id='word_1_328' title='bbox 752 2861 840 2917; x_wconf 80' lang='lat'>57),</span> <span class='ocrx_word' id='word_1_329' title='bbox 872 2859 1069 2919; x_wconf 84' lang='lat' dir='ltr'>Cyrenae</span> <span class='ocrx_word' id='word_1_330' title='bbox 1098 2861 1200 2919; x_wconf 88' lang='lat' dir='ltr'>(III,</span> <span class='ocrx_word' id='word_1_331' title='bbox 1228 2862 1316 2917; x_wconf 88' lang='lat'>70),</span> <span class='ocrx_word' id='word_1_332' title='bbox 1351 2863 1526 2906; x_wconf 86' lang='lat' dir='ltr'>Baetica</span> <span class='ocrx_word' id='word_1_333' title='bbox 1552 2862 1652 2918; x_wconf 87' lang='lat' dir='ltr'>(IV,</span> 
     </span>
     <span class='ocr_line' id='line_1_39' title="bbox 1329 2934 1383 2978; baseline -0.037 0"><span class='ocrx_word' id='word_1_334' title='bbox 1329 2934 1383 2978; x_wconf 81' lang='lat'>20</span> 
     </span>
    </p>
   </div>
  </div>
 </body>
</html>
