1846 3100
504 132 506 135 *
565 144 620 176 De
646 142 821 175 dictatoris
850 140 1008 175 Caesaris
1037 140 1239 173 honoribus.
1595 136 1672 180 201

130 252 281 295 Unum
323 258 490 295 tantum
525 258 615 295 erat
653 251 770 308 quod
807 265 906 293 cum
947 249 1422 300 animadvertissemus,
1474 264 1678 305 magnum

131 340 226 368 esse
259 324 495 375 videretur,
529 324 646 380 quod
677 340 701 366 a
727 323 935 380 principio
967 337 1171 365 versuum
1201 323 1472 378 quorundam
1501 322 1679 364 lineolas

131 397 338 454 ascriptas
362 397 628 440 invenimus:
661 411 768 454 quas
787 411 884 438 cum
903 395 1086 452 primum
1108 395 1308 447 vidimus,
1331 396 1492 439 frustra
1513 411 1538 438 a
1554 394 1678 437 nobis

132 477 376 527 susceptam
404 485 498 512 esse
527 469 783 526 putabamus
812 468 921 510 hanc
951 483 1060 525 quae
1090 468 1172 511 iam
1200 468 1357 525 scripta
1392 474 1518 524 atque
1551 467 1679 510 abso-

128 542 220 586 luta
248 549 339 586 erat
366 542 699 599 disputationem
726 542 986 584 universam.
1029 541 1150 594 Quid
1168 540 1280 583 enim
1296 547 1478 596 possunt
1499 540 1679 582 lineolae

129 615 227 658 illae
265 614 508 672 significare
548 631 675 671 quam
714 629 920 658 annorum
961 613 1247 656 divisionem?
1303 613 1427 666 Quae
1471 628 1569 655 cum
1609 612 1676 655 his

129 687 394 744 temporibus
422 694 594 744 propter
621 688 891 731 insolitorum
908 686 1121 729 honorum
1142 685 1460 728 multitudinem
1479 686 1681 728 incertior

131 776 226 803 esse
252 761 579 812 existimaretur,
609 761 662 804 ab
682 761 846 811 eodem,
874 760 948 816 qui
975 760 1158 802 honores
1177 757 1473 815 perscriberet,
1500 759 1678 800 lineolas

131 848 226 876 esse
263 834 474 877 adiectas:
520 834 694 891 publice
722 833 874 889 igitur,
912 833 986 888 qui
1017 847 1187 887 quoque
1218 846 1328 874 anno
1358 831 1514 874 summi
1544 831 1680 887 magi-

132 913 289 950 stratus
317 907 489 958 fuerint,
519 922 617 950 cum
643 905 870 955 indicetur,
897 905 1004 947 illud
1034 920 1170 946 unum
1198 904 1396 960 relinqui,
1427 910 1475 946 ut
1499 903 1679 959 scripto-

129 994 226 1021 rum
262 980 506 1022 testimonia
545 995 642 1022 cum
682 979 755 1021 illa
793 978 1043 1029 auctoritate
1082 977 1382 1028 conciliemus,
1426 978 1479 1019 de
1508 977 1602 1033 ipsa
1639 983 1680 1018 et

130 1051 339 1094 honorum
377 1059 419 1094 et
456 1067 663 1095 annorum
707 1051 816 1094 serie
851 1065 1029 1107 prorsus
1069 1057 1277 1092 constare.
1346 1048 1498 1104 Neque
1538 1048 1680 1091 hercle

132 1123 314 1166 dubium
343 1139 438 1167 esse
467 1131 628 1182 potest,
668 1125 772 1180 quin
800 1123 997 1179 quisquis
1027 1123 1204 1165 lineolas
1239 1122 1428 1173 addidit,
1472 1136 1681 1165 annorum

134 1195 540 1254 distinguendorum
579 1212 708 1240 causa
747 1196 982 1239 addiderit:
1033 1210 1110 1238 nec
1139 1202 1279 1238 tamen
1311 1195 1453 1236 minus
1484 1194 1680 1245 dubium,

131 1268 235 1324 quin
262 1269 372 1312 male
399 1269 627 1312 addiderit.
688 1269 862 1311 Etenim
890 1284 987 1311 cum
1017 1274 1181 1310 constet
1201 1266 1432 1310 Caesarem
1461 1267 1680 1310 consulem

131 1341 328 1396 quintum
359 1357 468 1384 anno
501 1342 568 1391 44,
600 1337 687 1397 quo'
713 1342 882 1385 occisus
909 1348 996 1391 est,
1027 1342 1175 1391 fuisse,
1208 1341 1411 1396 quoniam
1442 1355 1516 1383 sex
1545 1340 1680 1382 lineo-

130 1413 196 1456 lae
224 1414 553 1464 interficiuntur,
585 1413 807 1465 efficietur,
836 1421 885 1456 ut
909 1414 1163 1470 dictaturam
1182 1428 1293 1456 anno
1313 1413 1381 1463 50,
1411 1413 1679 1456 consulatum

131 1487 311 1529 alterum
339 1502 449 1530 anno
479 1486 531 1529 49
564 1486 768 1542 gesserit,
810 1487 926 1543 quod
961 1493 1191 1542 utrumque
1222 1501 1321 1528 cum
1352 1486 1467 1528 omni
1499 1486 1680 1528 chrono-

130 1557 247 1614 logia
277 1566 456 1615 pugnat.
523 1557 669 1612 Quare
703 1567 776 1602 aut
806 1559 880 1615 qui
909 1559 1082 1601 nomina
1119 1558 1310 1614 scripsit,
1352 1559 1547 1614 imperite
1589 1560 1680 1602 sine

130 1629 220 1672 ulla
250 1629 421 1686 publica
449 1631 698 1674 auctoritate
735 1632 912 1674 lineolas
948 1631 1147 1688 ascripsit
1177 1637 1248 1674 aut
1278 1638 1425 1687 postea
1454 1632 1564 1674 alius
1594 1647 1680 1674 non

131 1702 274 1745 minus
299 1702 523 1759 imperitus
551 1703 678 1746 homo
706 1704 883 1747 adiecit:
915 1719 993 1746 nos
1021 1704 1210 1760 quidem,
1237 1705 1361 1760 quasi
1389 1705 1531 1748 nullae
1559 1721 1680 1762 pror·
1737 1748 1740 1751 Α

133 1789 207 1817 sus
247 1789 456 1817 annorum
493 1775 789 1819 distinctiones
828 1777 1115 1833 reperiantur,
1162 1777 1222 1819 ita
1262 1778 1517 1834 scriptorum
1559 1778 1679 1821 testi-

132 1846 275 1889 monia
299 1861 398 1889 cum
426 1847 671 1890 nominibus
693 1849 899 1891 fastorum
923 1848 1259 1892 conciliabimus.
1315 1850 1578 1906 Incipiemus
1603 1865 1679 1891 au-

132 1925 231 1970 tem,
261 1926 310 1961 ut
339 1920 481 1963 omnia
505 1920 654 1963 ordine
684 1931 962 1978 exponamus,
993 1922 1047 1965 ab
1073 1921 1147 1965 illo
1175 1928 1378 1978 tempore,
1405 1937 1491 1978 quo
1519 1922 1679 1965 bellum

133 1991 256 2034 civile
291 1999 491 2049 coeptum
522 2000 599 2035 est.

243 2064 416 2107 Etenim
444 2079 543 2107 cum
563 2063 723 2108 Caesar
747 2066 991 2122 provinciae
1022 2082 1124 2109 suae
1154 2066 1261 2109 fines
1290 2081 1492 2123 egressus
1515 2067 1679 2110 Italiam

131 2141 295 2192 peteret
325 2137 662 2194 Pompeiumque
692 2137 736 2179 in
767 2136 994 2181 Graeciam
1023 2139 1275 2195 expelleret,
1319 2154 1464 2182 omnes
1495 2155 1593 2183 eum
1622 2140 1679 2190 vi,

131 2223 217 2250 non
245 2208 416 2264 legibus
447 2209 590 2265 egisse
617 2225 757 2266 neque
785 2211 873 2252 ulla
899 2218 1131 2267 potestate,
1167 2227 1252 2267 qua
1287 2218 1498 2254 tantarum
1536 2228 1680 2255 rerum

131 2279 302 2322 licentia
329 2281 366 2322 ei
396 2282 725 2337 permitteretur,
762 2283 1004 2339 praeditum
1034 2283 1170 2326 fuisse
1203 2283 1470 2326 confitentur.
1529 2284 1679 2340 Neque

135 2351 228 2407 ipse
257 2352 301 2393 in
330 2355 640 2397 commentariis
673 2355 762 2397 suis
794 2355 847 2397 dc
878 2355 975 2397 bell.
1007 2355 1088 2397 civ.
1115 2356 1149 2406 I,
1179 2356 1202 2398 7
1234 2355 1279 2396 id
1310 2355 1572 2407 dissimulat,
1603 2356 1680 2399 sed

134 2422 403 2466 tribunorum
431 2425 570 2481 plebis
603 2435 790 2484 suaeque
821 2427 1042 2484 dignitatis
1076 2427 1360 2470 necessariam
1389 2428 1679 2471 defensionem

137 2501 387 2549 praetexens
434 2497 559 2540 aliam
602 2499 837 2556 legitimam
884 2515 1057 2542 causam
1101 2499 1181 2542 sibi
1223 2500 1414 2542 defuisse
1455 2500 1679 2556 significat.

126 2565 332 2622 'Expulso
361 2575 503 2611 autem
529 2569 735 2627 Pompeio
760 2579 990 2629 postquam
1011 2570 1173 2614 Caesar
1202 2587 1238 2613 a.
1268 2571 1309 2613 d.
1330 2572 1422 2615 XV
1446 2572 1546 2614 Kal.
1573 2572 1679 2629 Apr.

135 2638 236 2679 anni
266 2638 318 2681 49
357 2638 470 2695 (Cic.
511 2641 566 2684 ad
595 2642 686 2685 Att.
713 2643 807 2694 IX,
852 2645 923 2700 15)
970 2644 1252 2686 Brundisium
1290 2644 1516 2701 occupavit
1551 2644 1680 2687 omis-

138 2725 271 2766 soque
299 2711 468 2754 interim
498 2713 744 2757 adversario
772 2716 954 2759 Romam
983 2716 1131 2772 paucis
1158 2722 1254 2758 ante
1271 2715 1370 2758 Kal.
1387 2714 1496 2772 Apr.
1525 2716 1679 2759 diebus

136 2783 342 2838 pervenit,
371 2798 512 2826 nonne
538 2785 746 2842 imprimis
773 2787 854 2830 hoc
878 2788 1047 2831 efficere
1077 2788 1241 2838 debuit,
1271 2794 1319 2828 ut
1346 2788 1559 2844 reliquum
1587 2788 1680 2831 bel-

136 2854 226 2896 lum
257 2855 340 2897 iam
366 2855 555 2912 legitima
585 2858 726 2914 aliqua
761 2867 968 2915 potestate
1009 2867 1184 2903 ornatus
1224 2860 1520 2903 administrare
1557 2861 1679 2903 vide-
