1846 3100
177 138 256 182 148
609 141 662 174 De
690 141 803 175 Gallia
828 141 1062 175 Romanorum
1092 143 1278 185 provincia.

175 248 397 292 Gordiano
423 249 599 300 vixisse,
629 250 815 306 denique
838 249 890 292 T.
907 250 1046 292 Iulius
1066 250 1284 294 Maximus
1310 253 1580 307 πολυώνυμος
1602 252 1717 308 apud

174 319 309 363 Orell.
328 322 438 365 6490
460 324 661 364 iuridicus
683 325 798 376 Hisp.
827 325 1006 364 citerior.
1032 326 1344 373 Tarraconem„
1373 324 1446 379 qui
1466 323 1528 366 M.
1548 321 1716 367 Aurelii

173 394 300 436 aetati
342 394 598 438 tribuendus
643 401 720 436 est.
788 394 986 436 Totidem
1013 395 1287 451 reperiuntur
1314 396 1486 438 iuridici
1516 396 1717 438 Asturiae

174 473 214 508 et
245 465 507 517 Gallaeciae,
550 467 752 509 nimirum
783 466 836 508 L.
865 466 1031 510 Novius
1061 465 1289 524 Crispinus
1323 467 1533 511 Martialis
1565 468 1716 511 Satur-

172 539 300 581 ninus
339 542 416 593 leg.
456 542 562 593 Aug.
606 541 808 580 iuridicus
843 541 1032 593 Astyre'ae
1069 547 1110 580 et
1143 543 1379 582 Gallaeciae
1423 541 1540 597 apud
1581 540 1717 583 Leon.

171 610 343 653 Renier.
378 611 515 654 Inscr.
555 611 816 654 Lambaesit.
857 627 899 668 p.
931 612 955 654 5
993 628 1035 655 n.
1070 613 1139 664 19,
1184 629 1310 669 quem
1345 620 1387 656 et
1425 628 1479 656 ex
1515 614 1610 670 ipso
1646 613 1717 655 illo

173 683 296 725 titulo
333 690 375 725 et
410 699 463 726 ex
503 685 597 728 aliis
637 683 741 727 ibid.
782 700 823 726 n.
853 685 1034 728 17—20
1063 685 1297 742 imperante
1326 685 1406 728 Pio
1434 686 1476 727 in
1507 685 1719 741 Hispania

170 754 307 798 fuisse
335 755 555 806 discimus,
587 757 638 798 L.
660 756 825 799 Ranius
850 755 1038 813 Optatus
1067 760 1228 812 legatus
1251 760 1432 811 Augusti
1454 764 1495 799 et
1517 759 1718 799 iuride'cus

172 830 363 882 Astyriae
401 835 441 869 et
477 831 713 871 Gallrzecz’ae
750 829 867 884 apud
906 828 1031 874 Grut.
1067 846 1109 886 p.
1139 830 1241 880 463,
1274 830 1319 880 4,
1358 829 1431 884 qui
1462 829 1524 871 Μ.
1551 829 1717 872 Aurelii

172 900 260 943 fere
298 908 435 944 aetate
473 901 599 952 vixit,
640 900 741 944 Sex.
773 902 935 944 Pedius
967 902 1175 944 Hirrutus
1205 902 1404 944 Lucilius
1433 902 1572 944 Pollio
1601 902 1717 959 apud

172 971 307 1015 Orell.
332 989 375 1015 n.
403 974 527 1025 6489,
557 989 683 1030 quem
712 974 921 1030 Borghes.
949 974 991 1016 in
1014 974 1167 1017 Annal.
1197 974 1302 1017 Inst.
1333 974 1448 1016 arch.
1480 975 1579 1017 anni
1612 975 1716 1019 1853

170 1060 212 1100 p.
241 1045 321 1088 205
357 1046 561 1102 appellari
598 1047 723 1088 docet
754 1049 830 1101 leg.
864 1052 975 1100 Aug.
1006 1049 1125 1088 z'urz’d.
1160 1050 1344 1100 (Astur.)
1374 1054 1412 1087 et
1440 1050 1718 1099 Gallaec(iae)

170 1117 409 1173 iisdemque
452 1119 541 1161 fere
583 1118 846 1175 temporibus
886 1119 1083 1161 floruisse
1123 1119 1349 1161 existimat.
1424 1119 1544 1173 Quid
1583 1119 1719 1176 igitur

170 1189 270 1232 hinc
306 1190 587 1247 colligemus?
642 1191 860 1233 Baeticam
895 1191 1157 1249 provinciam
1193 1191 1380 1234 vidimus
1419 1207 1516 1234 cum
1546 1191 1715 1247 legione

170 1261 258 1305 VH
287 1261 436 1313 Gem.‚
479 1262 554 1306 ubi
584 1263 727 1306 Mauri
757 1264 1026 1314 timerentur,
1059 1264 1112 1306 ab
1142 1264 1204 1305 M.
1233 1261 1413 1306 Aurelio
1441 1264 1584 1320 legato
1613 1279 1715 1307 con-

171 1335 303 1378 sulari
341 1350 437 1378 esse
475 1335 695 1378 traditam:
744 1335 1075 1379 Tarraconensis
1118 1335 1333 1391 quomodo
1373 1336 1542 1379 interim
1579 1336 1715 1378 admi-

169 1408 348 1450 nistrata
373 1415 500 1458 esset,
530 1408 818 1451 dubitabatur.
868 1410 958 1451 Iam
987 1425 1086 1452 cum
1111 1409 1206 1465 ipso
1229 1409 1302 1450 illo
1328 1415 1516 1465 tempore
1543 1397 1714 1450 iuridici

170 1487 211 1521 et
235 1478 439 1523 Asturiae
471 1479 798 1536 Gallaeciaeque
831 1489 872 1523 ct
901 1481 1236 1525 Tarraconensis
1276 1481 1522 1537 provinciae
1553 1494 1714 1536 cogno—

171 1559 367 1602 scantur,
414 1554 476 1596 sic
516 1553 804 1609 intelligemus
845 1554 1066 1604 Marcum,
1113 1554 1287 1596 Baetica
1324 1555 1464 1610 legato
1500 1552 1712 1601 mandata,

170 1624 409 1668 seiunxisse
434 1625 797 1668 Tarraconensem
824 1642 1000 1681 eamque
1026 1626 1071 1668 in
1098 1626 1206 1668 duas
1230 1626 1472 1682 provincias
1499 1625 1714 1675 divisi-se,

168 1712 347 1752 quarum
386 1713 513 1740 unam
545 1695 725 1741 Asturia
756 1706 797 1740 et
826 1698 1066 1748 Gallaecia,
1104 1698 1277 1740 alteram
1313 1698 1476 1754 reliqua
1505 1697 1714 1740 Tarraco·

167 1769 313 1812 nensis
352 1770 552 1813 efficeret.
618 1769 765 1827 Atque
804 1771 884 1813 hoc
923 1771 1097 1826 quidem
1135 1770 1368 1820 constabit,
1410 1768 1632 1813 Asturiam
1673 1777 1715 1811 et

169 1841 433 1885 Gallaeciam
464 1857 542 1885 suo
579 1843 744 1899 legato,
785 1844 858 1899 qui
897 1843 949 1886 ab
983 1844 1236 1898 imperatore
1271 1843 1470 1885 mandata
1504 1842 1714 1898 acciperet

168 1928 247 1956 nec
274 1914 503 1970 quicquam
530 1918 626 1957 eum
653 1915 817 1971 reliqua
836 1915 1146 1958 Tarraconensi
1175 1924 1250 1957 aut
1278 1930 1375 1957 cum
1403 1914 1575 1956 Baetica
1601 1928 1712 1955 com-

167 2001 296 2028 mune
324 1985 521 2037 haberet,
558 2002 653 2029 esse
691 1988 908 2038 traditam3
951 2003 1047 2030 nam
1077 1990 1208 2041 legati
1234 1989 1415 2040 Aug-usti
1441 1989 1614 2028 iuridici
1637 2001 1711 2028 no-

168 2059 397 2101 minantur.
471 2059 678 2114 Reliquae
719 2059 1052 2105 Tarraconensis
1094 2059 1293 2101 incertior
1333 2059 1440 2100 ratio
1483 2065 1569 2108 est3
1613 2073 1710 2100 nam

168 2132 369 2172 iurz'dicus
414 2137 601 2182 tantum,
650 2147 735 2173 non
776 2135 936 2185 legatus
978 2134 1160 2185 Augusti
1199 2131 1369 2173 dicitur.
1442 2130 1589 2184 Quare
1632 2129 1711 2172 etsi

166 2202 403 2244 rectissime
430 2211 616 2246 statuere
642 2219 886 2260 possumus,
918 2219 1021 2246 casu
1045 2204 1235 2260 legatum
1253 2201 1447 2259 Augusti
1465 2218 1559 2245 esse
1581 2202 1710 2244 omis-

169 2289 263 2316 sum
294 2274 454 2330 quique
483 2275 694 2319 iuridicus
723 2276 982 2331 appelletur,
1024 2291 1121 2318 eum
1149 2290 1235 2318 non
1262 2275 1424 2317 minore
1453 2275 1547 2317 iure
1576 2275 1711 2316 fuisse

167 2361 296 2402 quam
334 2347 480 2398 illum,
521 2355 660 2390 tamen
698 2363 752 2390 ne
793 2348 901 2390 illud
938 2348 1111 2403 quidem
1150 2363 1243 2389 cum
1285 2347 1561 2396 testimoniis,
1602 2361 1711 2401 quae

168 2426 333 2470 extant,
363 2419 596 2476 pugnabit,
630 2420 665 2462 si
695 2427 864 2476 praeter
890 2419 1113 2462 Asturiam
1145 2427 1186 2462 et
1217 2419 1474 2463 Gallaeciam
1502 2418 1711 2460 Tarraco-

166 2505 364 2541 nensem,
404 2506 514 2547 quae
549 2499 815 2548 superesset,
861 2492 1152 2534 existimemus
1183 2492 1454 2533 coniunctam
1487 2505 1582 2533 esse
1613 2505 1711 2533 cum

168 2563 363 2614 Baetica,
404 2564 474 2606 cui
509 2565 584 2620 qui
619 2572 853 2621 praeesset,
893 2564 1136 2606 Tarracone
1173 2579 1299 2606 suum
1340 2564 1530 2620 legatum
1559 2563 1614 2605 ad
1642 2563 1710 2605 ius

168 2635 398 2678 dicendum
433 2636 704 2692 relinqueret.
767 2635 837 2679 Ac
874 2636 1024 2679 titulus
1064 2637 1135 2678 ille
1174 2636 1225 2678 T.
1259 2636 1359 2678 Iulii
1393 2635 1596 2685 Maximi,
1638 2635 1710 2690 qui

166 2707 376 2750 iuridicus
407 2708 533 2764 Hisp.
574 2708 782 2751 citerioris
814 2707 1148 2750 Tarraconensis
1187 2708 1367 2758 dicitur,
1407 2707 1579 2749 videtur
1611 2706 1710 2748 dili-

168 2786 319 2834 genter
335 2794 430 2822 esse
450 2781 653 2837 scriptus3
681 2781 725 2822 in
742 2780 961 2837 legionum
984 2787 1096 2823 certe
1114 2780 1416 2837 legationibus,
1436 2794 1542 2834 quas
1561 2778 1709 2835 gessit,

167 2850 251 2906 leg.
287 2851 378 2893 1111
421 2852 596 2895 Flaviae
637 2860 679 2894 et
715 2853 735 2894 I
773 2852 1036 2902 Adiutricis,
1083 2851 1277 2909 Augusti
1319 2866 1471 2894 nomen
1511 2850 1711 2892 adiicitur
