1846 3100
465 127 520 159 De
543 125 656 159 Gallia
678 126 911 158 Romanorum
937 125 1111 168 provincia
1137 125 1319 167 appendix.
1586 124 1663 166 193

117 238 202 282 eim
231 238 438 295 exempla,
470 252 569 280 cum
596 235 773 292 profecti
805 249 899 278 esse
931 236 1130 278 consules
1158 241 1396 286 narrantur,
1427 251 1535 292 quae
1565 237 1666 280 licet

119 317 357 367 temporum
397 309 649 353 necessitate
686 308 883 350 excusari
919 308 1054 358 dieat,
1096 309 1235 350 facere
1271 315 1410 352 tamen
1437 309 1664 360 debebant,

117 398 171 426 ne
203 381 367 426 Caesar
405 397 624 438 nunquam
666 380 711 422 id
749 381 908 422 factum
949 395 1043 422 esse
1083 379 1298 424 scriberet.
1362 380 1410 424 Si
1437 382 1550 425 enim
1578 383 1665 424 ulla

117 470 306 511 unquam
351 456 491 498 fuerat
539 454 583 495 in
626 452 846 508 republica
891 453 1147 503 necessitas,
1197 454 1279 495 fuit
1319 453 1429 497 bello
1466 451 1664 496 Caesaris

118 527 248 570 illato.
992 571 997 576 ,

233 599 323 642 Sed
349 598 456 642 haec
479 605 521 641 et
548 598 661 649 talia²
690 612 743 638 ne
774 612 799 639 a
822 596 1042 653 proposito
1073 603 1220 639 nostro
1249 596 1511 649 aberremus,
1541 612 1665 654 prae-

119 659 388 714 termittenda
426 685 521 713 esse
562 675 787 726 putamus:
835 668 944 710 illud
984 675 1130 711 notare
1173 669 1390 722 volebam,
1436 685 1521 726 quo
1563 686 1665 714 con-

117 744 302 787 iecturas
339 758 490 800 parum
526 741 770 798 probabiles
807 742 1106 798 persequendo
1149 743 1436 798 perveniatur.
1501 743 1666 787 Verum

119 832 197 860 cur
231 816 404 858 tandem
442 822 583 858 tantae
618 815 696 856 hae
738 813 889 856 turbae
926 814 1192 856 excitantur?
1245 815 1460 858 Nimirum
1493 822 1541 857 ut
1572 813 1664 858 Cal.

119 889 297 932 Martiae
324 888 492 945 imperii
522 886 721 930 Caesaris
753 886 1054 936 defendantur,
1085 901 1267 942 quarum
1294 902 1380 929 una
1406 887 1511 931 haec
1536 903 1667 931 causa

120 968 197 1012 est,
227 962 344 1017 quod
371 976 470 1004 cum
496 960 635 1016 legem
657 958 871 1002 Vatiniam
900 958 955 1000 ad
973 957 1065 1001 Cal.
1083 959 1211 1001 Mart.
1243 960 1456 1016 pertinere
1487 967 1666 1013 constet,

118 1035 259 1091 legem
279 1033 542 1090 Pompeiam,
574 1047 660 1088 qua
688 1032 869 1074 alterum
894 1022 1092 1074 Caesaris
1120 1031 1300 1088 imperio
1327 1032 1667 1088 quinquennium

119 1107 316 1150 additum
347 1113 435 1156 est,
464 1105 520 1146 ad
551 1104 722 1147 easdam
754 1104 1023 1146 referendam
1055 1119 1150 1147 esse
1182 1103 1438 1146 existimant.
1494 1104 1594 1158 Qua
1623 1105 1666 1147 in

119 1195 164 1222 re
194 1179 422 1236 negligunt
452 1184 716 1220 constantem
745 1177 862 1219 illam
892 1176 1248 1219 consuetudinem
1278 1177 1530 1228 Romanam,
1558 1191 1667 1232 quae

120 1267 245 1309 saepe
276 1268 302 1294 a
328 1252 450 1295 nobis
481 1250 780 1294 animadversa
809 1256 886 1300 est,
917 1249 1101 1306 primum
1130 1255 1179 1290 ut.
1210 1249 1400 1291 omnium
1430 1249 1667 1291 extraordi-

119 1325 337 1367 nariorum
374 1324 648 1380 imperiorum
684 1337 734 1365 ac
766 1329 1024 1378 potestatum
1054 1322 1147 1364 dies
1177 1322 1230 1364 ab
1263 1336 1312 1364 eo
1345 1322 1438 1373 die,
1479 1336 1565 1377 quo
1595 1322 1666 1364 lex

122 1397 176 1439 ‹le
201 1397 252 1439 iis
281 1397 556 1453 perferretur,
590 1402 843 1438 sumeretur.
895 1395 948 1437 Id
977 1396 1022 1436 in
1052 1395 1277 1446 dictatura,
1306 1395 1424 1451 quod
1453 1409 1668 1437 summum

121 1477 186 1512 est
212 1469 343 1512 huius
371 1469 541 1526 generis
569 1468 810 1524 imperium,
844 1467 923 1509 etsi
953 1482 1029 1523 per
1057 1467 1315 1523 scriptorum
1343 1465 1556 1510 silentium
1582 1481 1669 1508 non

119 1549 261 1600 potest
291 1541 595 1591 demonstrari,
627 1547 801 1597 apparet
828 1547 970 1582 tamen
1001 1540 1094 1582 fieri
1123 1539 1351 1590 debuisse3
1393 1539 1438 1580 in
1469 1536 1668 1581 Caesaris

121 1615 296 1672 quidem
323 1614 563 1664 dictaturis,
593 1628 773 1669 quarum
793 1613 1035 1655 memoriam
1053 1613 1295 1655 accuratius
1325 1611 1526 1667 persequi
1554 1610 1668 1661 licet,

121 1688 248 1731 certis
286 1686 540 1730 testimoniis
576 1701 601 1727 a
635 1685 760 1728 nobis
796 1686 907 1727 infra
943 1684 1140 1741 pluribus
1175 1691 1423 1740 exponetur.
1479 1682 1668 1724 Eodem-

122 1775 205 1816 que
235 1760 393 1802 multae
424 1759 529 1802 aliae
558 1764 789 1814 potestates
819 1756 1049 1813 pertinent,
1090 1756 1209 1798 velut
1238 1769 1409 1804 eorum,
1448 1755 1522 1811 qui
1553 1754 1669 1811 agris

124 1831 279 1875 dandis
317 1830 589 1888 assignandis
622 1829 802 1880 fiebant3
847 1829 892 1871 id
930 1829 973 1870 in
1010 1828 1107 1871 XX
1144 1827 1269 1878 viris,
1311 1827 1386 1883 qui
1424 1827 1520 1884 lege
1559 1827 1671 1870 Iulia

125 1903 341 1948 constituti
376 1910 495 1954 sunt,
542 1910 706 1946 certum
742 1902 913 1945 videtur
955 1916 1049 1943 esse
1092 1897 1351 1958 (Comment.
1390 1899 1611 1956 epigraph.
1647 1900 1670 1941 Ι

124 1993 163 2033 p.
198 1976 299 2031 286)
339 1976 646 2032 transferrique
689 1975 818 2017 debet
853 1974 909 2017 ad
942 1972 1125 2016 IIIviros
1163 1972 1273 2028 legis
1312 1970 1588 2027 Semproniae
1629 1978 1671 2014 et

126 2050 172 2091 X
200 2049 330 2099 viros,
356 2063 465 2104 quos
493 2048 564 2090 lex
591 2047 776 2091 Servilia
799 2047 843 2089 in
861 2045 1201 2102 quinquennium
1222 2044 1316 2086 fieri
1338 2043 1515 2086 iubebat
1545 2042 1669 2099 (ibid.

124 2138 166 2179 p.
195 2121 320 2177 272),
361 2127 403 2163 et
428 2121 534 2163 alios
560 2120 740 2169 multos,
774 2119 849 2175 qui
879 2125 975 2161 ante
1007 2131 1057 2160 ea
1084 2125 1275 2173 tempora
1301 2116 1428 2159 simili
1458 2116 1511 2158 de
1541 2131 1672 2158 causa

125 2194 226 2236 facti
254 2200 384 2235 erant.
451 2192 638 2249 Imperia
665 2190 999 2235 extraordinaria
1030 2189 1204 2245 antiquo
1236 2195 1424 2245 tempore
1457 2189 1527 2231 vel
1555 2188 1671 2230 nulla

126 2267 294 2309 fuerant
331 2266 400 2308 vel
436 2264 642 2321 quamdiu
679 2264 882 2320 quodque
920 2262 1191 2319 pertinuerit,
1235 2261 1376 2303 minus
1412 2260 1535 2303 nobis
1570 2267 1671 2303 nota

128 2346 248 2389 sunt,
293 2338 369 2381 sed
407 2353 459 2381 ex
489 2353 574 2393 quo
604 2345 793 2394 tempore
822 2337 994 2379 uberior
1024 2335 1277 2391 scriptorum
1308 2333 1512 2375 memoria
1541 2339 1669 2383 extat,

127 2412 201 2454 illa
235 2426 364 2467 quam
406 2411 496 2452 dixi
536 2409 803 2453 consuetudo
839 2424 924 2451 non
960 2407 1136 2450 difficile
1175 2405 1441 2462 intelligitur.
1498 2403 1671 2446 Etenim

130 2482 210 2526 Cn.
240 2483 472 2539 Pompeius
508 2483 605 2538 lege
636 2480 821 2524 Gabinia
865 2495 963 2523 cum
1002 2479 1211 2522 adversus
1247 2477 1406 2534 piratas
1445 2475 1671 2532 imperium

128 2556 172 2611 in
202 2555 431 2597 triennium
458 2554 682 2609 acciperet,
710 2553 912 2596 continuo
937 2552 1085 2595 habuit
1111 2551 1165 2593 ab
1193 2564 1242 2592 eo
1263 2549 1348 2599 die,
1373 2563 1459 2605 quo
1481 2548 1550 2590 lex
1574 2562 1672 2603 per-

129 2628 214 2670 lata
252 2634 330 2669 est,
403 2626 514 2668 Nam
551 2626 681 2667 latam
721 2640 815 2668 esse
855 2624 997 2681 legem
1036 2623 1195 2666 seimus
1236 2622 1409 2664 ineunte
1453 2634 1563 2661 anno
1604 2619 1672 2670 67,

130 2698 362 2755 Pompeius
391 2705 533 2740 autem
562 2696 723 2739 bellum
751 2703 934 2738 extrema
965 2698 1092 2737 hieme
1118 2696 1359 2748 apparavit,
1391 2695 1559 2733 ineante
1585 2705 1675 2732 vere

131 2772 315 2824 suscepit,
346 2770 480 2810 media
507 2775 662 2810 aestate
688 2771 869 2823 confecit
897 2767 1010 2825 (Cic.
1037 2767 1091 2810 de
1118 2767 1219 2823 imp.
1242 2765 1394 2821 Pomp.
1417 2763 1502 2819 12).
1558 2762 1676 2805 Num

136 2841 269 2898 igitur
294 2841 480 2896 aliquem
507 2841 618 2883 diem
649 2855 752 2883 casu
782 2840 962 2882 electum
994 2854 1088 2882 esse
1117 2837 1382 2895 putabimus,
1421 2851 1446 2879 a
1475 2850 1560 2892 quo
1595 2834 1675 2877 im-

1361 2909 1407 2951 13
