<?xml version="1.0" encoding="UTF-8"?>
<!DOCTYPE html PUBLIC "-//W3C//DTD XHTML 1.0 Transitional//EN"
    "http://www.w3.org/TR/xhtml1/DTD/xhtml1-transitional.dtd">
<html xmlns="http://www.w3.org/1999/xhtml" xml:lang="en" lang="en">
 <head>
  <title>
</title>
<meta http-equiv="Content-Type" content="text/html;charset=utf-8" />
  <meta name='ocr-system' content='tesseract 3.04.00' />
  <meta name='ocr-capabilities' content='ocr_page ocr_carea ocr_par ocr_line ocrx_word'/>
</head>
<body>
  <div class='ocr_page' id='page_1' title='image "./studiaromanasive00zump_0248.png"; bbox 0 0 1846 3100; ppageno 0'>
   <div class='ocr_carea' id='block_1_1' title="bbox 206 165 1311 208">
    <p class='ocr_par' dir='ltr' id='par_1_1' title="bbox 206 165 1311 208">
     <span class='ocr_line' id='line_1_1' title="bbox 206 165 1311 208; baseline 0.004 -9"><span class='ocrx_word' id='word_1_1' title='bbox 206 165 289 208; x_wconf 79' lang='grc'>236</span> <span class='ocrx_word' id='word_1_2' title='bbox 647 169 701 201; x_wconf 86' lang='lat' dir='ltr'>De</span> <span class='ocrx_word' id='word_1_3' title='bbox 729 170 903 202; x_wconf 75' lang='lat' dir='ltr'>dictatoris</span> <span class='ocrx_word' id='word_1_4' title='bbox 929 170 1086 203; x_wconf 79' lang='lat' dir='ltr'>Caesaris</span> <span class='ocrx_word' id='word_1_5' title='bbox 1112 171 1311 204; x_wconf 84' lang='lat' dir='ltr'>honoribus.</span> 
     </span>
    </p>
   </div>
   <div class='ocr_carea' id='block_1_2' title="bbox 202 275 1759 2865">
    <p class='ocr_par' dir='ltr' id='par_1_2' title="bbox 202 275 1759 2865">
     <span class='ocr_line' id='line_1_2' title="bbox 209 275 1752 334; baseline 0.001 -14"><span class='ocrx_word' id='word_1_6' title='bbox 209 275 488 321; x_wconf 87' lang='lat' dir='ltr'>Cavedonius</span> <span class='ocrx_word' id='word_1_7' title='bbox 516 279 561 320; x_wconf 90' lang='lat' dir='ltr'>in</span> <span class='ocrx_word' id='word_1_8' title='bbox 587 278 762 320; x_wconf 87' lang='lat' dir='ltr'>Bullett.</span> <span class='ocrx_word' id='word_1_9' title='bbox 790 278 897 320; x_wconf 90' lang='lat' dir='ltr'>Inst.</span> <span class='ocrx_word' id='word_1_10' title='bbox 936 277 1038 320; x_wconf 72' lang='lat'>1840</span> <span class='ocrx_word' id='word_1_11' title='bbox 1066 293 1106 334; x_wconf 92' lang='lat' dir='ltr'>p.</span> <span class='ocrx_word' id='word_1_12' title='bbox 1135 278 1211 328; x_wconf 81' lang='lat'>39,</span> <span class='ocrx_word' id='word_1_13' title='bbox 1252 278 1328 321; x_wconf 89' lang='lat' dir='ltr'>sed</span> <span class='ocrx_word' id='word_1_14' title='bbox 1358 279 1440 322; x_wconf 92' lang='lat' dir='ltr'>hoc</span> <span class='ocrx_word' id='word_1_15' title='bbox 1471 279 1597 323; x_wconf 82' lang='lat' dir='ltr'>ambo</span> <span class='ocrx_word' id='word_1_16' title='bbox 1626 279 1752 322; x_wconf 87' lang='lat' dir='ltr'>intel-</span> 
     </span>
     <span class='ocr_line' id='line_1_3' title="bbox 206 349 1754 408; baseline 0.001 -17"><span class='ocrx_word' id='word_1_17' title='bbox 206 350 414 406; x_wconf 87' lang='lat' dir='ltr'>ligentes,</span> <span class='ocrx_word' id='word_1_18' title='bbox 462 358 584 393; x_wconf 89' lang='lat' dir='ltr'>notas</span> <span class='ocrx_word' id='word_1_19' title='bbox 624 365 718 392; x_wconf 91' lang='lat' dir='ltr'>esse</span> <span class='ocrx_word' id='word_1_20' title='bbox 757 349 997 392; x_wconf 82' lang='lat' dir='ltr'><strong>numerales</strong></span> <span class='ocrx_word' id='word_1_21' title='bbox 1033 365 1109 406; x_wconf 87' lang='lat' dir='ltr'>pro</span> <span class='ocrx_word' id='word_1_22' title='bbox 1146 365 1195 392; x_wconf 91' lang='lat' dir='ltr'>eo</span> <span class='ocrx_word' id='word_1_23' title='bbox 1229 351 1346 406; x_wconf 92' lang='lat' dir='ltr'>quod</span> <span class='ocrx_word' id='word_1_24' title='bbox 1383 352 1516 408; x_wconf 86' lang='lat' dir='ltr'>vulgo</span> <span class='ocrx_word' id='word_1_25' title='bbox 1553 351 1754 394; x_wconf 81' lang='lat' dir='ltr'>scribitur</span> 
     </span>
     <span class='ocr_line' id='line_1_4' title="bbox 206 422 1754 479; baseline 0.001 -15"><span class='ocrx_word' id='word_1_26' title='bbox 206 422 315 465; x_wconf 87' lang='lat' dir='ltr'>LII:</span> <span class='ocrx_word' id='word_1_27' title='bbox 349 423 420 466; x_wconf 91' lang='lat' dir='ltr'>ille</span> <span class='ocrx_word' id='word_1_28' title='bbox 449 438 608 466; x_wconf 84' lang='lat' dir='ltr'>annum</span> <span class='ocrx_word' id='word_1_29' title='bbox 628 423 777 465; x_wconf 89' lang='lat' dir='ltr'>aetatis</span> <span class='ocrx_word' id='word_1_30' title='bbox 798 422 1203 479; x_wconf 86' lang='lat' dir='ltr'>quinquagesimum</span> <span class='ocrx_word' id='word_1_31' title='bbox 1226 423 1419 474; x_wconf 84' lang='lat' dir='ltr'>alterum,</span> <span class='ocrx_word' id='word_1_32' title='bbox 1446 439 1574 479; x_wconf 87' lang='lat' dir='ltr'>quem</span> <span class='ocrx_word' id='word_1_33' title='bbox 1593 422 1754 467; x_wconf 87' lang='lat' dir='ltr'>Caesar</span> 
     </span>
     <span class='ocr_line' id='line_1_5' title="bbox 205 494 1755 554; baseline 0.001 -15"><span class='ocrx_word' id='word_1_34' title='bbox 205 511 318 539; x_wconf 90' lang='lat' dir='ltr'>anno</span> <span class='ocrx_word' id='word_1_35' title='bbox 350 496 402 539; x_wconf 72' lang='lat'>48</span> <span class='ocrx_word' id='word_1_36' title='bbox 442 494 616 552; x_wconf 87' lang='lat' dir='ltr'>agebat,</span> <span class='ocrx_word' id='word_1_37' title='bbox 657 494 838 537; x_wconf 90' lang='lat' dir='ltr'>indicari</span> <span class='ocrx_word' id='word_1_38' title='bbox 874 494 1073 550; x_wconf 87' lang='lat' dir='ltr'>putabat,</span> <span class='ocrx_word' id='word_1_39' title='bbox 1115 494 1186 537; x_wconf 89' lang='lat' dir='ltr'>hic</span> <span class='ocrx_word' id='word_1_40' title='bbox 1216 496 1414 539; x_wconf 83' lang='lat' dir='ltr'>victorias</span> <span class='ocrx_word' id='word_1_41' title='bbox 1441 497 1755 554; x_wconf 83' lang='lat' dir='ltr'>quinquaginta</span> 
     </span>
     <span class='ocr_line' id='line_1_6' title="bbox 206 565 1753 625; baseline 0.001 -15"><span class='ocrx_word' id='word_1_42' title='bbox 206 568 329 618; x_wconf 84' lang='lat' dir='ltr'>duas,</span> <span class='ocrx_word' id='word_1_43' title='bbox 359 584 466 624; x_wconf 88' lang='lat' dir='ltr'>quas</span> <span class='ocrx_word' id='word_1_44' title='bbox 496 567 549 610; x_wconf 91' lang='lat' dir='ltr'>ab</span> <span class='ocrx_word' id='word_1_45' title='bbox 581 565 767 610; x_wconf 85' lang='lat' dir='ltr'>Caesare</span> <span class='ocrx_word' id='word_1_46' title='bbox 795 567 948 609; x_wconf 87' lang='lat' dir='ltr'>relatas</span> <span class='ocrx_word' id='word_1_47' title='bbox 977 567 1146 610; x_wconf 82' lang='lat' dir='ltr'>Plinius</span> <span class='ocrx_word' id='word_1_48' title='bbox 1172 575 1380 611; x_wconf 82' lang='lat' dir='ltr'>numeret.</span> <span class='ocrx_word' id='word_1_49' title='bbox 1433 568 1586 625; x_wconf 86' lang='lat' dir='ltr'>Neque</span> <span class='ocrx_word' id='word_1_50' title='bbox 1610 576 1753 611; x_wconf 89' lang='lat' dir='ltr'>utrum</span> 
     </span>
     <span class='ocr_line' id='line_1_7' title="bbox 207 639 1753 698; baseline 0.001 -15"><span class='ocrx_word' id='word_1_51' title='bbox 207 641 351 683; x_wconf 81' lang='lat' dir='ltr'>verius</span> <span class='ocrx_word' id='word_1_52' title='bbox 382 641 438 683; x_wconf 88' lang='lat' dir='ltr'>sit</span> <span class='ocrx_word' id='word_1_53' title='bbox 465 641 684 683; x_wconf 84' lang='lat' dir='ltr'>discerno:</span> <span class='ocrx_word' id='word_1_54' title='bbox 718 639 798 681; x_wconf 90' lang='lat' dir='ltr'>etsi</span> <span class='ocrx_word' id='word_1_55' title='bbox 827 639 913 681; x_wconf 92' lang='lat' dir='ltr'>duo</span> <span class='ocrx_word' id='word_1_56' title='bbox 939 639 1042 682; x_wconf 86' lang='lat' dir='ltr'>haec</span> <span class='ocrx_word' id='word_1_57' title='bbox 1074 640 1212 690; x_wconf 88' lang='lat' dir='ltr'>video,</span> <span class='ocrx_word' id='word_1_58' title='bbox 1243 648 1285 683; x_wconf 87' lang='lat' dir='ltr'>et</span> <span class='ocrx_word' id='word_1_59' title='bbox 1309 641 1424 698; x_wconf 87' lang='lat' dir='ltr'>apud</span> <span class='ocrx_word' id='word_1_60' title='bbox 1453 641 1641 683; x_wconf 89' lang='lat' dir='ltr'>Plinium</span> <span class='ocrx_word' id='word_1_61' title='bbox 1669 641 1753 684; x_wconf 88' lang='lat' dir='ltr'>iam</span> 
     </span>
     <span class='ocr_line' id='line_1_8' title="bbox 205 711 1754 767; baseline 0 -13"><span class='ocrx_word' id='word_1_62' title='bbox 205 713 251 755; x_wconf 89' lang='lat' dir='ltr'>in</span> <span class='ocrx_word' id='word_1_63' title='bbox 286 713 598 755; x_wconf 53' lang='lat' dir='ltr'>recentissimaa</span> <span class='ocrx_word' id='word_1_64' title='bbox 621 712 804 755; x_wconf 86' lang='lat' dir='ltr'>editione</span> <span class='ocrx_word' id='word_1_65' title='bbox 844 727 897 754; x_wconf 84' lang='lat' dir='ltr'>ex</span> <span class='ocrx_word' id='word_1_66' title='bbox 928 711 1123 755; x_wconf 90' lang='lat' dir='ltr'>codicum</span> <span class='ocrx_word' id='word_1_67' title='bbox 1154 713 1402 755; x_wconf 88' lang='lat' dir='ltr'>auctoritate</span> <span class='ocrx_word' id='word_1_68' title='bbox 1433 728 1519 755; x_wconf 89' lang='lat' dir='ltr'>non</span> <span class='ocrx_word' id='word_1_69' title='bbox 1550 716 1754 767; x_wconf 83' lang='lat' dir='ltr'>quinqua-</span> 
     </span>
     <span class='ocr_line' id='line_1_9' title="bbox 202 785 1754 841; baseline 0.001 -15"><span class='ocrx_word' id='word_1_70' title='bbox 202 789 320 840; x_wconf 79' lang='lat' dir='ltr'>giens</span> <span class='ocrx_word' id='word_1_71' title='bbox 351 793 391 826; x_wconf 88' lang='lat' dir='ltr'>et</span> <span class='ocrx_word' id='word_1_72' title='bbox 421 786 497 836; x_wconf 86' lang='lat' dir='ltr'>bis,</span> <span class='ocrx_word' id='word_1_73' title='bbox 539 785 616 827; x_wconf 86' lang='lat' dir='ltr'>sed</span> <span class='ocrx_word' id='word_1_74' title='bbox 654 787 954 838; x_wconf 79' lang='lat' dir='ltr'>quinquagiens</span> <span class='ocrx_word' id='word_1_75' title='bbox 986 785 1095 841; x_wconf 86' lang='lat' dir='ltr'>legi,</span> <span class='ocrx_word' id='word_1_76' title='bbox 1135 792 1198 835; x_wconf 88' lang='lat' dir='ltr'>et,</span> <span class='ocrx_word' id='word_1_77' title='bbox 1237 801 1335 828; x_wconf 90' lang='lat' dir='ltr'>cum</span> <span class='ocrx_word' id='word_1_78' title='bbox 1366 785 1528 827; x_wconf 89' lang='lat' dir='ltr'>nummi</span> <span class='ocrx_word' id='word_1_79' title='bbox 1557 785 1640 835; x_wconf 89' lang='lat' dir='ltr'>illi,</span> <span class='ocrx_word' id='word_1_80' title='bbox 1679 786 1754 841; x_wconf 89' lang='lat' dir='ltr'>qui</span> 
     </span>
     <span class='ocr_line' id='line_1_10' title="bbox 205 856 1755 912; baseline 0 -12"><span class='ocrx_word' id='word_1_81' title='bbox 205 858 372 900; x_wconf 90' lang='lat' dir='ltr'>nullum</span> <span class='ocrx_word' id='word_1_82' title='bbox 391 856 589 900; x_wconf 86' lang='lat' dir='ltr'>Caesaris</span> <span class='ocrx_word' id='word_1_83' title='bbox 613 857 818 899; x_wconf 84' lang='lat' dir='ltr'>honorem</span> <span class='ocrx_word' id='word_1_84' title='bbox 838 864 1008 912; x_wconf 86' lang='lat' dir='ltr'>praeter</span> <span class='ocrx_word' id='word_1_85' title='bbox 1025 857 1318 912; x_wconf 89' lang='lat' dir='ltr'>pontificatum</span> <span class='ocrx_word' id='word_1_86' title='bbox 1337 859 1569 901; x_wconf 86' lang='lat' dir='ltr'>maximum</span> <span class='ocrx_word' id='word_1_87' title='bbox 1589 858 1755 901; x_wconf 87' lang='lat' dir='ltr'>dudum</span> 
     </span>
     <span class='ocr_line' id='line_1_11' title="bbox 207 929 1754 987; baseline 0.001 -14"><span class='ocrx_word' id='word_1_88' title='bbox 207 930 260 973; x_wconf 92' lang='lat' dir='ltr'>ab</span> <span class='ocrx_word' id='word_1_89' title='bbox 292 945 342 973; x_wconf 91' lang='lat' dir='ltr'>eo</span> <span class='ocrx_word' id='word_1_90' title='bbox 373 937 544 987; x_wconf 86' lang='lat' dir='ltr'>gestum</span> <span class='ocrx_word' id='word_1_91' title='bbox 573 937 902 972; x_wconf 84' lang='lat' dir='ltr'>commemorent</span> <span class='ocrx_word' id='word_1_92' title='bbox 930 929 998 971; x_wconf 88' lang='lat' dir='ltr'>vel</span> <span class='ocrx_word' id='word_1_93' title='bbox 1025 929 1282 986; x_wconf 86' lang='lat' dir='ltr'>significent,</span> <span class='ocrx_word' id='word_1_94' title='bbox 1313 939 1410 974; x_wconf 92' lang='lat' dir='ltr'>ante</span> <span class='ocrx_word' id='word_1_95' title='bbox 1431 931 1630 974; x_wconf 86' lang='lat' dir='ltr'>victorias</span> <span class='ocrx_word' id='word_1_96' title='bbox 1653 931 1754 974; x_wconf 87' lang='lat' dir='ltr'>belli</span> 
     </span>
     <span class='ocr_line' id='line_1_12' title="bbox 207 1002 1755 1060; baseline 0.001 -14"><span class='ocrx_word' id='word_1_97' title='bbox 207 1004 345 1046; x_wconf 90' lang='lat' dir='ltr'>civilis</span> <span class='ocrx_word' id='word_1_98' title='bbox 372 1003 473 1045; x_wconf 87' lang='lat' dir='ltr'>facti</span> <span class='ocrx_word' id='word_1_99' title='bbox 502 1018 596 1045; x_wconf 89' lang='lat' dir='ltr'>esse</span> <span class='ocrx_word' id='word_1_100' title='bbox 623 1002 864 1052; x_wconf 87' lang='lat' dir='ltr'>videantur,</span> <span class='ocrx_word' id='word_1_101' title='bbox 892 1018 1044 1058; x_wconf 87' lang='lat' dir='ltr'>parum</span> <span class='ocrx_word' id='word_1_102' title='bbox 1069 1003 1296 1046; x_wconf 90' lang='lat' dir='ltr'>convenire</span> <span class='ocrx_word' id='word_1_103' title='bbox 1314 1004 1626 1060; x_wconf 85' lang='lat' dir='ltr'>quinquaginta</span> <span class='ocrx_word' id='word_1_104' title='bbox 1647 1004 1755 1047; x_wconf 90' lang='lat' dir='ltr'>dua-</span> 
     </span>
     <span class='ocr_line' id='line_1_13' title="bbox 206 1075 1754 1132; baseline 0.001 -14"><span class='ocrx_word' id='word_1_105' title='bbox 206 1092 300 1118; x_wconf 92' lang='lat' dir='ltr'>rum</span> <span class='ocrx_word' id='word_1_106' title='bbox 331 1076 605 1118; x_wconf 84' lang='lat' dir='ltr'>victoriarum</span> <span class='ocrx_word' id='word_1_107' title='bbox 636 1090 876 1124; x_wconf 89' lang='lat' dir='ltr'>numerum,</span> <span class='ocrx_word' id='word_1_108' title='bbox 905 1090 990 1130; x_wconf 90' lang='lat' dir='ltr'>quo</span> <span class='ocrx_word' id='word_1_109' title='bbox 1021 1090 1167 1118; x_wconf 89' lang='lat' dir='ltr'>omnes</span> <span class='ocrx_word' id='word_1_110' title='bbox 1197 1083 1405 1132; x_wconf 83' lang='lat' dir='ltr'>quotquot</span> <span class='ocrx_word' id='word_1_111' title='bbox 1433 1083 1475 1119; x_wconf 90' lang='lat' dir='ltr'>et</span> <span class='ocrx_word' id='word_1_112' title='bbox 1502 1076 1546 1118; x_wconf 89' lang='lat' dir='ltr'>in</span> <span class='ocrx_word' id='word_1_113' title='bbox 1575 1075 1754 1119; x_wconf 82' lang='lat' dir='ltr'>Gallicis</span> 
     </span>
     <span class='ocr_line' id='line_1_14' title="bbox 207 1147 1755 1205; baseline 0.001 -16"><span class='ocrx_word' id='word_1_114' title='bbox 207 1155 248 1190; x_wconf 89' lang='lat' dir='ltr'>et</span> <span class='ocrx_word' id='word_1_115' title='bbox 281 1148 326 1189; x_wconf 91' lang='lat' dir='ltr'>in</span> <span class='ocrx_word' id='word_1_116' title='bbox 365 1147 564 1190; x_wconf 89' lang='lat' dir='ltr'>civilibus</span> <span class='ocrx_word' id='word_1_117' title='bbox 602 1147 725 1190; x_wconf 88' lang='lat' dir='ltr'>bellis</span> <span class='ocrx_word' id='word_1_118' title='bbox 770 1154 1007 1204; x_wconf 82' lang='lat' dir='ltr'>reportatae</span> <span class='ocrx_word' id='word_1_119' title='bbox 1052 1155 1152 1190; x_wconf 91' lang='lat' dir='ltr'>sunt</span> <span class='ocrx_word' id='word_1_120' title='bbox 1195 1149 1637 1205; x_wconf 83' lang='lat' dir='ltr'>comprehendantur3</span> <span class='ocrx_word' id='word_1_121' title='bbox 1683 1149 1755 1192; x_wconf 88' lang='lat' dir='ltr'>vix</span> 
     </span>
     <span class='ocr_line' id='line_1_15' title="bbox 209 1218 1756 1275; baseline 0.001 -13"><span class='ocrx_word' id='word_1_122' title='bbox 209 1220 321 1262; x_wconf 90' lang='lat' dir='ltr'>enim</span> <span class='ocrx_word' id='word_1_123' title='bbox 353 1227 465 1263; x_wconf 89' lang='lat' dir='ltr'>recte</span> <span class='ocrx_word' id='word_1_124' title='bbox 490 1218 781 1270; x_wconf 88' lang='lat' dir='ltr'>Cavedonius‚</span> <span class='ocrx_word' id='word_1_125' title='bbox 808 1219 924 1275; x_wconf 89' lang='lat' dir='ltr'>quod</span> <span class='ocrx_word' id='word_1_126' title='bbox 945 1219 1111 1261; x_wconf 79' lang='lat' dir='ltr'>Plinius</span> <span class='ocrx_word' id='word_1_127' title='bbox 1140 1235 1165 1262; x_wconf 88' lang='lat' dir='ltr'>a</span> <span class='ocrx_word' id='word_1_128' title='bbox 1186 1218 1371 1263; x_wconf 85' lang='lat' dir='ltr'>Caesare</span> <span class='ocrx_word' id='word_1_129' title='bbox 1394 1221 1508 1263; x_wconf 89' lang='lat' dir='ltr'>dicat</span> <span class='ocrx_word' id='word_1_130' title='bbox 1528 1236 1756 1266; x_wconf 79' lang='lat' dir='ltr'>numerum</span> 
     </span>
     <span class='ocr_line' id='line_1_16' title="bbox 206 1291 1755 1347; baseline 0.001 -13"><span class='ocrx_word' id='word_1_131' title='bbox 206 1293 425 1335; x_wconf 90' lang='lat' dir='ltr'>hominum</span> <span class='ocrx_word' id='word_1_132' title='bbox 468 1292 591 1334; x_wconf 86' lang='lat' dir='ltr'>bellis</span> <span class='ocrx_word' id='word_1_133' title='bbox 629 1292 830 1335; x_wconf 89' lang='lat' dir='ltr'>civilibus</span> <span class='ocrx_word' id='word_1_134' title='bbox 869 1291 1110 1334; x_wconf 86' lang='lat' dir='ltr'>occisorum</span> <span class='ocrx_word' id='word_1_135' title='bbox 1151 1293 1497 1347; x_wconf 85' lang='lat' dir='ltr'>praetermissum</span> <span class='ocrx_word' id='word_1_136' title='bbox 1537 1308 1657 1344; x_wconf 88' lang='lat' dir='ltr'>esse,</span> <span class='ocrx_word' id='word_1_137' title='bbox 1702 1309 1755 1335; x_wconf 91' lang='lat' dir='ltr'>ne</span> 
     </span>
     <span class='ocr_line' id='line_1_17' title="bbox 208 1363 1755 1421; baseline 0 -13"><span class='ocrx_word' id='word_1_138' title='bbox 208 1366 484 1408; x_wconf 89' lang='lat' dir='ltr'>victoriarum</span> <span class='ocrx_word' id='word_1_139' title='bbox 512 1365 683 1420; x_wconf 87' lang='lat' dir='ltr'>quidem</span> <span class='ocrx_word' id='word_1_140' title='bbox 713 1380 939 1406; x_wconf 89' lang='lat' dir='ltr'>numerum</span> <span class='ocrx_word' id='word_1_141' title='bbox 971 1363 1024 1406; x_wconf 89' lang='lat' dir='ltr'>ab</span> <span class='ocrx_word' id='word_1_142' title='bbox 1055 1379 1104 1406; x_wconf 88' lang='lat' dir='ltr'>eo</span> <span class='ocrx_word' id='word_1_143' title='bbox 1131 1373 1274 1407; x_wconf 86' lang='lat' dir='ltr'>censet</span> <span class='ocrx_word' id='word_1_144' title='bbox 1303 1365 1401 1421; x_wconf 89' lang='lat' dir='ltr'>poni</span> <span class='ocrx_word' id='word_1_145' title='bbox 1426 1365 1509 1408; x_wconf 89' lang='lat' dir='ltr'>nisi</span> <span class='ocrx_word' id='word_1_146' title='bbox 1539 1381 1652 1416; x_wconf 90' lang='lat' dir='ltr'>eum,</span> <span class='ocrx_word' id='word_1_147' title='bbox 1681 1366 1755 1421; x_wconf 91' lang='lat' dir='ltr'>qui</span> 
     </span>
     <span class='ocr_line' id='line_1_18' title="bbox 208 1437 1756 1480; baseline 0 0"><span class='ocrx_word' id='word_1_148' title='bbox 208 1445 328 1480; x_wconf 88' lang='lat' dir='ltr'>extra</span> <span class='ocrx_word' id='word_1_149' title='bbox 365 1437 477 1480; x_wconf 90' lang='lat' dir='ltr'>bella</span> <span class='ocrx_word' id='word_1_150' title='bbox 514 1437 658 1479; x_wconf 88' lang='lat' dir='ltr'>civilia</span> <span class='ocrx_word' id='word_1_151' title='bbox 686 1437 948 1479; x_wconf 88' lang='lat' dir='ltr'>conficiatur.</span> <span class='ocrx_word' id='word_1_152' title='bbox 1008 1437 1299 1479; x_wconf 85' lang='lat' dir='ltr'>Veruntamen</span> <span class='ocrx_word' id='word_1_153' title='bbox 1326 1444 1424 1479; x_wconf 84' lang='lat' dir='ltr'>utut</span> <span class='ocrx_word' id='word_1_154' title='bbox 1450 1438 1523 1480; x_wconf 88' lang='lat' dir='ltr'>illa</span> <span class='ocrx_word' id='word_1_155' title='bbox 1549 1446 1650 1480; x_wconf 82' lang='lat' dir='ltr'>nota</span> <span class='ocrx_word' id='word_1_156' title='bbox 1675 1453 1756 1480; x_wconf 91' lang='lat' dir='ltr'>nu-</span> 
     </span>
     <span class='ocr_line' id='line_1_19' title="bbox 207 1509 1755 1567; baseline -0.001 -14"><span class='ocrx_word' id='word_1_157' title='bbox 207 1510 378 1553; x_wconf 89' lang='lat' dir='ltr'>meralis</span> <span class='ocrx_word' id='word_1_158' title='bbox 415 1510 668 1567; x_wconf 88' lang='lat' dir='ltr'>explicanda</span> <span class='ocrx_word' id='word_1_159' title='bbox 701 1516 789 1560; x_wconf 89' lang='lat' dir='ltr'>est,</span> <span class='ocrx_word' id='word_1_160' title='bbox 825 1509 1089 1560; x_wconf 81' lang='lat' dir='ltr'>Eckhelius,</span> <span class='ocrx_word' id='word_1_161' title='bbox 1132 1510 1206 1566; x_wconf 94' lang='lat' dir='ltr'>qui</span> <span class='ocrx_word' id='word_1_162' title='bbox 1239 1511 1400 1553; x_wconf 84' lang='lat' dir='ltr'>litteras</span> <span class='ocrx_word' id='word_1_163' title='bbox 1439 1525 1533 1553; x_wconf 88' lang='lat' dir='ltr'>esse</span> <span class='ocrx_word' id='word_1_164' title='bbox 1563 1510 1755 1567; x_wconf 84' lang='lat' dir='ltr'>putabat,</span> 
     </span>
     <span class='ocr_line' id='line_1_20' title="bbox 209 1582 1756 1640; baseline -0.001 -14"><span class='ocrx_word' id='word_1_165' title='bbox 209 1583 438 1626; x_wconf 86' lang='lat' dir='ltr'>Caesarem</span> <span class='ocrx_word' id='word_1_166' title='bbox 458 1582 543 1624; x_wconf 91' lang='lat' dir='ltr'>dici</span> <span class='ocrx_word' id='word_1_167' title='bbox 562 1582 832 1624; x_wconf 87' lang='lat' dir='ltr'>existimabat</span> <span class='ocrx_word' id='word_1_168' title='bbox 850 1585 1137 1635; x_wconf 78' lang='lat' dir='ltr'>Imperatorem</span> <span class='ocrx_word' id='word_1_169' title='bbox 1159 1585 1350 1633; x_wconf 72' lang='lat' dir='ltr'>lTerum,</span> <span class='ocrx_word' id='word_1_170' title='bbox 1370 1598 1498 1639; x_wconf 90' lang='lat' dir='ltr'>quam</span> <span class='ocrx_word' id='word_1_171' title='bbox 1514 1583 1756 1640; x_wconf 88' lang='lat' dir='ltr'>opinionem</span> 
     </span>
     <span class='ocr_line' id='line_1_21' title="bbox 207 1654 1755 1705; baseline -0.001 -6"><span class='ocrx_word' id='word_1_172' title='bbox 207 1664 256 1698; x_wconf 92' lang='lat' dir='ltr'>ut</span> <span class='ocrx_word' id='word_1_173' title='bbox 285 1656 577 1705; x_wconf 88' lang='lat' dir='ltr'>confirmaret,</span> <span class='ocrx_word' id='word_1_174' title='bbox 606 1655 709 1697; x_wconf 86' lang='lat' dir='ltr'>fecit</span> <span class='ocrx_word' id='word_1_175' title='bbox 736 1655 1040 1704; x_wconf 87' lang='lat' dir='ltr'>libentissime,</span> <span class='ocrx_word' id='word_1_176' title='bbox 1072 1663 1120 1696; x_wconf 88' lang='lat' dir='ltr'>ut</span> <span class='ocrx_word' id='word_1_177' title='bbox 1145 1655 1331 1698; x_wconf 90' lang='lat' dir='ltr'>Morellii</span> <span class='ocrx_word' id='word_1_178' title='bbox 1363 1655 1417 1698; x_wconf 87' lang='lat' dir='ltr'>de</span> <span class='ocrx_word' id='word_1_179' title='bbox 1444 1670 1618 1698; x_wconf 89' lang='lat' dir='ltr'>nummo</span> <span class='ocrx_word' id='word_1_180' title='bbox 1648 1654 1755 1698; x_wconf 87' lang='lat' dir='ltr'>Gol-</span> 
     </span>
     <span class='ocr_line' id='line_1_22' title="bbox 208 1727 1755 1784; baseline -0.001 -14"><span class='ocrx_word' id='word_1_181' title='bbox 208 1729 350 1770; x_wconf 88' lang='lat' dir='ltr'>tziano</span> <span class='ocrx_word' id='word_1_182' title='bbox 380 1728 542 1770; x_wconf 89' lang='lat' dir='ltr'>iudicio</span> <span class='ocrx_word' id='word_1_183' title='bbox 569 1728 867 1777; x_wconf 86' lang='lat' dir='ltr'>assentiretur,</span> <span class='ocrx_word' id='word_1_184' title='bbox 902 1728 1135 1783; x_wconf 86' lang='lat' dir='ltr'>eademque</span> <span class='ocrx_word' id='word_1_185' title='bbox 1166 1743 1297 1784; x_wconf 88' lang='lat' dir='ltr'>prava</span> <span class='ocrx_word' id='word_1_186' title='bbox 1326 1728 1438 1784; x_wconf 87' lang='lat' dir='ltr'>signi</span> <span class='ocrx_word' id='word_1_187' title='bbox 1471 1728 1587 1770; x_wconf 88' lang='lat' dir='ltr'>illius</span> <span class='ocrx_word' id='word_1_188' title='bbox 1623 1727 1755 1770; x_wconf 88' lang='lat' dir='ltr'>inter-</span> 
     </span>
     <span class='ocr_line' id='line_1_23' title="bbox 208 1799 1755 1857; baseline -0.001 -14"><span class='ocrx_word' id='word_1_189' title='bbox 208 1801 388 1857; x_wconf 89' lang='lat' dir='ltr'>pretatio</span> <span class='ocrx_word' id='word_1_190' title='bbox 417 1799 640 1843; x_wconf 86' lang='lat' dir='ltr'>Goltzium</span> <span class='ocrx_word' id='word_1_191' title='bbox 679 1806 892 1849; x_wconf 88' lang='lat' dir='ltr'>moverat,</span> <span class='ocrx_word' id='word_1_192' title='bbox 934 1807 983 1840; x_wconf 89' lang='lat' dir='ltr'>ut</span> <span class='ocrx_word' id='word_1_193' title='bbox 1021 1807 1062 1841; x_wconf 91' lang='lat' dir='ltr'>et</span> <span class='ocrx_word' id='word_1_194' title='bbox 1097 1800 1217 1841; x_wconf 93' lang='lat' dir='ltr'>illum</span> <span class='ocrx_word' id='word_1_195' title='bbox 1249 1815 1472 1842; x_wconf 89' lang='lat' dir='ltr'>nummum</span> <span class='ocrx_word' id='word_1_196' title='bbox 1502 1800 1684 1856; x_wconf 87' lang='lat' dir='ltr'>fingeret</span> <span class='ocrx_word' id='word_1_197' title='bbox 1713 1807 1755 1842; x_wconf 92' lang='lat' dir='ltr'>et</span> 
     </span>
     <span class='ocr_line' id='line_1_24' title="bbox 209 1870 1756 1929; baseline -0.001 -14"><span class='ocrx_word' id='word_1_198' title='bbox 209 1874 314 1916; x_wconf 86' lang='lat' dir='ltr'>alios</span> <span class='ocrx_word' id='word_1_199' title='bbox 347 1873 602 1929; x_wconf 89' lang='lat' dir='ltr'>complures,</span> <span class='ocrx_word' id='word_1_200' title='bbox 634 1872 688 1914; x_wconf 91' lang='lat' dir='ltr'>de</span> <span class='ocrx_word' id='word_1_201' title='bbox 715 1871 874 1927; x_wconf 90' lang='lat' dir='ltr'>quibus</span> <span class='ocrx_word' id='word_1_202' title='bbox 892 1871 1129 1914; x_wconf 88' lang='lat' dir='ltr'>Eckhelius</span> <span class='ocrx_word' id='word_1_203' title='bbox 1160 1886 1244 1913; x_wconf 90' lang='lat' dir='ltr'>non</span> <span class='ocrx_word' id='word_1_204' title='bbox 1270 1871 1464 1913; x_wconf 89' lang='lat' dir='ltr'>credidit.</span> <span class='ocrx_word' id='word_1_205' title='bbox 1517 1871 1627 1914; x_wconf 87' lang='lat' dir='ltr'>Nam</span> <span class='ocrx_word' id='word_1_206' title='bbox 1648 1870 1756 1915; x_wconf 86' lang='lat' dir='ltr'>Gol-</span> 
     </span>
     <span class='ocr_line' id='line_1_25' title="bbox 209 1943 1756 2000; baseline -0.002 -12"><span class='ocrx_word' id='word_1_207' title='bbox 209 1946 322 1988; x_wconf 88' lang='lat' dir='ltr'>tzius</span> <span class='ocrx_word' id='word_1_208' title='bbox 350 1946 494 1988; x_wconf 89' lang='lat' dir='ltr'>nescio</span> <span class='ocrx_word' id='word_1_209' title='bbox 521 1960 606 2000; x_wconf 92' lang='lat' dir='ltr'>quo</span> <span class='ocrx_word' id='word_1_210' title='bbox 623 1951 750 2000; x_wconf 88' lang='lat' dir='ltr'>pacto</span> <span class='ocrx_word' id='word_1_211' title='bbox 781 1943 1040 2000; x_wconf 87' lang='lat' dir='ltr'>imperatorii</span> <span class='ocrx_word' id='word_1_212' title='bbox 1069 1943 1252 1985; x_wconf 89' lang='lat' dir='ltr'>nominis</span> <span class='ocrx_word' id='word_1_213' title='bbox 1285 1943 1537 1999; x_wconf 88' lang='lat' dir='ltr'>repetitione</span> <span class='ocrx_word' id='word_1_214' title='bbox 1569 1943 1756 1986; x_wconf 82' lang='lat' dir='ltr'>delecta-</span> 
     </span>
     <span class='ocr_line' id='line_1_26' title="bbox 209 2015 1755 2070; baseline -0.003 -9"><span class='ocrx_word' id='word_1_215' title='bbox 209 2019 355 2061; x_wconf 86' lang='lat' dir='ltr'>batur:</span> <span class='ocrx_word' id='word_1_216' title='bbox 390 2018 514 2059; x_wconf 87' lang='lat' dir='ltr'>finxit</span> <span class='ocrx_word' id='word_1_217' title='bbox 543 2021 829 2070; x_wconf 77' lang='lat' dir='ltr'>imperatorem</span> <span class='ocrx_word' id='word_1_218' title='bbox 857 2019 942 2057; x_wconf 87' lang='lat' dir='ltr'><em>llll</em></span> <span class='ocrx_word' id='word_1_219' title='bbox 964 2015 1151 2068; x_wconf 88' lang='lat' dir='ltr'>(Morell.</span> <span class='ocrx_word' id='word_1_220' title='bbox 1182 2015 1282 2056; x_wconf 85' lang='lat' dir='ltr'>fam.</span> <span class='ocrx_word' id='word_1_221' title='bbox 1309 2015 1432 2057; x_wconf 86' lang='lat' dir='ltr'>Rom.</span> <span class='ocrx_word' id='word_1_222' title='bbox 1461 2030 1578 2057; x_wconf 86' lang='lat' dir='ltr'>num.</span> <span class='ocrx_word' id='word_1_223' title='bbox 1606 2015 1755 2058; x_wconf 80' lang='lat' dir='ltr'>incert.</span> 
     </span>
     <span class='ocr_line' id='line_1_27' title="bbox 209 2085 1757 2143; baseline -0.002 -10"><span class='ocrx_word' id='word_1_224' title='bbox 209 2090 294 2133; x_wconf 87' lang='lat' dir='ltr'>tab.</span> <span class='ocrx_word' id='word_1_225' title='bbox 329 2090 451 2132; x_wconf 87' lang='lat' dir='ltr'>XIX</span> <span class='ocrx_word' id='word_1_226' title='bbox 488 2105 529 2130; x_wconf 92' lang='lat' dir='ltr'>n.</span> <span class='ocrx_word' id='word_1_227' title='bbox 558 2089 582 2130; x_wconf 78' lang='lat'><strong>5</strong></span> <span class='ocrx_word' id='word_1_228' title='bbox 615 2096 657 2130; x_wconf 90' lang='lat' dir='ltr'>et</span> <span class='ocrx_word' id='word_1_229' title='bbox 687 2088 733 2143; x_wconf 82' lang='lat'>7)</span> <span class='ocrx_word' id='word_1_230' title='bbox 776 2095 817 2129; x_wconf 91' lang='lat' dir='ltr'>et</span> <span class='ocrx_word' id='word_1_231' title='bbox 856 2091 1139 2141; x_wconf 78' lang='lat' dir='ltr'>imperatorem</span> <span class='ocrx_word' id='word_1_232' title='bbox 1173 2090 1363 2140; x_wconf 79' lang='lat' dir='ltr'>quintum</span> <span class='ocrx_word' id='word_1_233' title='bbox 1401 2085 1524 2143; x_wconf 90' lang='lat' dir='ltr'>(ibid.</span> <span class='ocrx_word' id='word_1_234' title='bbox 1563 2102 1604 2129; x_wconf 90' lang='lat' dir='ltr'>n.</span> <span class='ocrx_word' id='word_1_235' title='bbox 1634 2088 1680 2142; x_wconf 86' lang='lat'>8)</span> <span class='ocrx_word' id='word_1_236' title='bbox 1715 2095 1757 2130; x_wconf 89' lang='lat' dir='ltr'>et</span> 
     </span>
     <span class='ocr_line' id='line_1_28' title="bbox 209 2158 1758 2218; baseline -0.002 -13"><span class='ocrx_word' id='word_1_237' title='bbox 209 2171 317 2212; x_wconf 88' lang='lat' dir='ltr'>tres,</span> <span class='ocrx_word' id='word_1_238' title='bbox 349 2163 422 2218; x_wconf 92' lang='lat' dir='ltr'>qui</span> <span class='ocrx_word' id='word_1_239' title='bbox 451 2169 610 2202; x_wconf 68' lang='lat' dir='ltr'>sextum</span> <span class='ocrx_word' id='word_1_240' title='bbox 639 2164 926 2214; x_wconf 82' lang='lat' dir='ltr'>imperatorem</span> <span class='ocrx_word' id='word_1_241' title='bbox 958 2158 1174 2202; x_wconf 90' lang='lat' dir='ltr'>celebrant</span> <span class='ocrx_word' id='word_1_242' title='bbox 1204 2160 1265 2212; x_wconf 91' lang='lat' dir='ltr'>(n.</span> <span class='ocrx_word' id='word_1_243' title='bbox 1293 2159 1318 2201; x_wconf 89' lang='grc'>6</span> <span class='ocrx_word' id='word_1_244' title='bbox 1348 2166 1389 2201; x_wconf 90' lang='lat' dir='ltr'>et</span> <span class='ocrx_word' id='word_1_245' title='bbox 1423 2159 1472 2201; x_wconf 81' lang='lat'>15</span> <span class='ocrx_word' id='word_1_246' title='bbox 1502 2165 1544 2200; x_wconf 88' lang='lat' dir='ltr'>et</span> <span class='ocrx_word' id='word_1_247' title='bbox 1577 2159 1668 2214; x_wconf 84' lang='lat'>16),</span> <span class='ocrx_word' id='word_1_248' title='bbox 1708 2167 1758 2202; x_wconf 86' lang='lat' dir='ltr'>ut</span> 
     </span>
     <span class='ocr_line' id='line_1_29' title="bbox 208 2230 1755 2290; baseline -0.003 -13"><span class='ocrx_word' id='word_1_249' title='bbox 208 2235 374 2278; x_wconf 83' lang='lat' dir='ltr'>fraudis</span> <span class='ocrx_word' id='word_1_250' title='bbox 413 2233 622 2290; x_wconf 85' lang='lat' dir='ltr'>tegendae</span> <span class='ocrx_word' id='word_1_251' title='bbox 660 2232 798 2289; x_wconf 87' lang='lat' dir='ltr'>gratia</span> <span class='ocrx_word' id='word_1_252' title='bbox 830 2247 966 2274; x_wconf 91' lang='lat' dir='ltr'>unum</span> <span class='ocrx_word' id='word_1_253' title='bbox 1002 2231 1299 2287; x_wconf 84' lang='lat' dir='ltr'>imperatorem</span> <span class='ocrx_word' id='word_1_254' title='bbox 1343 2230 1514 2273; x_wconf 87' lang='lat' dir='ltr'>tertium</span> <span class='ocrx_word' id='word_1_255' title='bbox 1553 2231 1755 2274; x_wconf 82' lang='lat' dir='ltr'>omiserit..</span> 
     </span>
     <span class='ocr_line' id='line_1_30' title="bbox 211 2302 1757 2361; baseline -0.002 -12"><span class='ocrx_word' id='word_1_256' title='bbox 211 2307 335 2361; x_wconf 81' lang='lat' dir='ltr'>Quae</span> <span class='ocrx_word' id='word_1_257' title='bbox 372 2321 468 2348; x_wconf 91' lang='lat' dir='ltr'>cum</span> <span class='ocrx_word' id='word_1_258' title='bbox 503 2306 563 2348; x_wconf 89' lang='lat' dir='ltr'>ita</span> <span class='ocrx_word' id='word_1_259' title='bbox 602 2305 709 2353; x_wconf 91' lang='lat' dir='ltr'>sint,</span> <span class='ocrx_word' id='word_1_260' title='bbox 747 2302 908 2346; x_wconf 89' lang='lat' dir='ltr'>Caesar</span> <span class='ocrx_word' id='word_1_261' title='bbox 934 2303 989 2346; x_wconf 91' lang='lat' dir='ltr'>ab</span> <span class='ocrx_word' id='word_1_262' title='bbox 1018 2302 1328 2346; x_wconf 89' lang='lat' dir='ltr'>consuetudine</span> <span class='ocrx_word' id='word_1_263' title='bbox 1359 2302 1614 2345; x_wconf 89' lang='lat' dir='ltr'>numerandi</span> <span class='ocrx_word' id='word_1_264' title='bbox 1644 2303 1757 2346; x_wconf 89' lang='lat' dir='ltr'>tituli</span> 
     </span>
     <span class='ocr_line' id='line_1_31' title="bbox 208 2375 1756 2436; baseline -0.003 -14"><span class='ocrx_word' id='word_1_265' title='bbox 208 2379 470 2436; x_wconf 90' lang='lat' dir='ltr'>imperatorii</span> <span class='ocrx_word' id='word_1_266' title='bbox 506 2378 679 2420; x_wconf 89' lang='lat' dir='ltr'>videtur</span> <span class='ocrx_word' id='word_1_267' title='bbox 714 2376 994 2419; x_wconf 87' lang='lat' dir='ltr'>abstinuisse:</span> <span class='ocrx_word' id='word_1_268' title='bbox 1039 2382 1231 2430; x_wconf 89' lang='lat' dir='ltr'>coeptam</span> <span class='ocrx_word' id='word_1_269' title='bbox 1269 2390 1363 2417; x_wconf 88' lang='lat' dir='ltr'>eam</span> <span class='ocrx_word' id='word_1_270' title='bbox 1393 2390 1488 2418; x_wconf 91' lang='lat' dir='ltr'>esse</span> <span class='ocrx_word' id='word_1_271' title='bbox 1518 2390 1672 2418; x_wconf 88' lang='lat' dir='ltr'>censeo</span> <span class='ocrx_word' id='word_1_272' title='bbox 1702 2375 1756 2418; x_wconf 86' lang='lat' dir='ltr'>ab</span> 
     </span>
     <span class='ocr_line' id='line_1_32' title="bbox 210 2447 1759 2506; baseline -0.004 -12"><span class='ocrx_word' id='word_1_273' title='bbox 210 2451 472 2501; x_wconf 87' lang='lat' dir='ltr'>Octaviano,</span> <span class='ocrx_word' id='word_1_274' title='bbox 513 2450 588 2506; x_wconf 91' lang='lat' dir='ltr'>qui</span> <span class='ocrx_word' id='word_1_275' title='bbox 629 2464 727 2492; x_wconf 89' lang='lat' dir='ltr'>cum</span> <span class='ocrx_word' id='word_1_276' title='bbox 762 2448 996 2490; x_wconf 90' lang='lat' dir='ltr'>hereditate</span> <span class='ocrx_word' id='word_1_277' title='bbox 1032 2447 1300 2504; x_wconf 87' lang='lat' dir='ltr'>imperatoris</span> <span class='ocrx_word' id='word_1_278' title='bbox 1338 2462 1493 2490; x_wconf 90' lang='lat' dir='ltr'>nomen</span> <span class='ocrx_word' id='word_1_279' title='bbox 1523 2447 1759 2504; x_wconf 85' lang='lat' dir='ltr'>accepisset</span> 
     </span>
     <span class='ocr_line' id='line_1_33' title="bbox 208 2519 1758 2579; baseline -0.003 -13"><span class='ocrx_word' id='word_1_280' title='bbox 208 2524 354 2579; x_wconf 89' lang='lat' dir='ltr'>idque,</span> <span class='ocrx_word' id='word_1_281' title='bbox 380 2530 429 2564; x_wconf 92' lang='lat' dir='ltr'>ut</span> <span class='ocrx_word' id='word_1_282' title='bbox 449 2523 518 2565; x_wconf 92' lang='lat' dir='ltr'>ius</span> <span class='ocrx_word' id='word_1_283' title='bbox 539 2521 788 2564; x_wconf 87' lang='lat' dir='ltr'>hereditatis</span> <span class='ocrx_word' id='word_1_284' title='bbox 812 2527 1051 2569; x_wconf 89' lang='lat' dir='ltr'>testaretur,</span> <span class='ocrx_word' id='word_1_285' title='bbox 1079 2519 1227 2562; x_wconf 86' lang='lat' dir='ltr'>crebro</span> <span class='ocrx_word' id='word_1_286' title='bbox 1247 2527 1487 2577; x_wconf 86' lang='lat' dir='ltr'>usurparet,</span> <span class='ocrx_word' id='word_1_287' title='bbox 1517 2535 1568 2561; x_wconf 85' lang='lat' dir='ltr'>ne</span> <span class='ocrx_word' id='word_1_288' title='bbox 1585 2519 1758 2562; x_wconf 87' lang='lat' dir='ltr'>laudem</span> 
     </span>
     <span class='ocr_line' id='line_1_34' title="bbox 208 2591 1757 2652; baseline -0.003 -14"><span class='ocrx_word' id='word_1_289' title='bbox 208 2595 523 2652; x_wconf 86' lang='lat' dir='ltr'>imperatoriam</span> <span class='ocrx_word' id='word_1_290' title='bbox 563 2594 822 2649; x_wconf 84' lang='lat' dir='ltr'>negligeret,</span> <span class='ocrx_word' id='word_1_291' title='bbox 870 2592 1031 2648; x_wconf 90' lang='lat' dir='ltr'>primus</span> <span class='ocrx_word' id='word_1_292' title='bbox 1072 2591 1124 2634; x_wconf 87' lang='lat' dir='ltr'>ab</span> <span class='ocrx_word' id='word_1_293' title='bbox 1161 2591 1282 2634; x_wconf 88' lang='lat' dir='ltr'>initio</span> <span class='ocrx_word' id='word_1_294' title='bbox 1319 2591 1527 2633; x_wconf 91' lang='lat' dir='ltr'>bellorum</span> <span class='ocrx_word' id='word_1_295' title='bbox 1566 2591 1757 2634; x_wconf 87' lang='lat' dir='ltr'>civilium</span> 
     </span>
     <span class='ocr_line' id='line_1_35' title="bbox 210 2660 1755 2719; baseline -0.003 -9"><span class='ocrx_word' id='word_1_296' title='bbox 210 2667 411 2710; x_wconf 88' lang='lat' dir='ltr'>victorias</span> <span class='ocrx_word' id='word_1_297' title='bbox 440 2680 664 2708; x_wconf 88' lang='lat' dir='ltr'>numerare</span> <span class='ocrx_word' id='word_1_298' title='bbox 689 2663 934 2713; x_wconf 86' lang='lat' dir='ltr'>instituerit,</span> <span class='ocrx_word' id='word_1_299' title='bbox 962 2678 1090 2718; x_wconf 86' lang='lat' dir='ltr'>quem</span> <span class='ocrx_word' id='word_1_300' title='bbox 1116 2664 1178 2706; x_wconf 91' lang='lat' dir='ltr'>M.</span> <span class='ocrx_word' id='word_1_301' title='bbox 1197 2663 1427 2713; x_wconf 88' lang='lat' dir='ltr'>Antonius,</span> <span class='ocrx_word' id='word_1_302' title='bbox 1460 2660 1506 2705; x_wconf 88' lang='lat' dir='ltr'>S.</span> <span class='ocrx_word' id='word_1_303' title='bbox 1523 2663 1755 2719; x_wconf 89' lang='lat' dir='ltr'>Pompeius</span> 
     </span>
     <span class='ocr_line' id='line_1_36' title="bbox 211 2733 1757 2795; baseline -0.003 -14"><span class='ocrx_word' id='word_1_304' title='bbox 211 2739 367 2794; x_wconf 89' lang='lat' dir='ltr'>aliique</span> <span class='ocrx_word' id='word_1_305' title='bbox 403 2738 588 2795; x_wconf 79' lang='lat' dir='ltr'>partium</span> <span class='ocrx_word' id='word_1_306' title='bbox 621 2737 755 2779; x_wconf 89' lang='lat' dir='ltr'>duces</span> <span class='ocrx_word' id='word_1_307' title='bbox 785 2735 936 2777; x_wconf 81' lang='lat' dir='ltr'>imitati</span> <span class='ocrx_word' id='word_1_308' title='bbox 965 2742 1076 2777; x_wconf 90' lang='lat' dir='ltr'>sunt.</span> <span class='ocrx_word' id='word_1_309' title='bbox 1139 2733 1300 2778; x_wconf 79' lang='lat' dir='ltr'>Caesar</span> <span class='ocrx_word' id='word_1_310' title='bbox 1329 2735 1504 2792; x_wconf 90' lang='lat' dir='ltr'>quidem</span> <span class='ocrx_word' id='word_1_311' title='bbox 1533 2735 1625 2792; x_wconf 90' lang='lat' dir='ltr'>ipse</span> <span class='ocrx_word' id='word_1_312' title='bbox 1655 2749 1757 2777; x_wconf 91' lang='lat' dir='ltr'>con-</span> 
     </span>
     <span class='ocr_line' id='line_1_37' title="bbox 210 2806 1754 2865; baseline -0.001 -13"><span class='ocrx_word' id='word_1_313' title='bbox 210 2819 353 2854; x_wconf 89' lang='lat' dir='ltr'>tentus</span> <span class='ocrx_word' id='word_1_314' title='bbox 391 2818 480 2853; x_wconf 89' lang='lat' dir='ltr'>erat</span> <span class='ocrx_word' id='word_1_315' title='bbox 514 2810 688 2865; x_wconf 88' lang='lat' dir='ltr'>antiquo</span> <span class='ocrx_word' id='word_1_316' title='bbox 726 2808 799 2850; x_wconf 91' lang='lat' dir='ltr'>illo</span> <span class='ocrx_word' id='word_1_317' title='bbox 836 2808 1103 2863; x_wconf 88' lang='lat' dir='ltr'>imperatoris</span> <span class='ocrx_word' id='word_1_318' title='bbox 1145 2808 1315 2850; x_wconf 90' lang='lat' dir='ltr'>nomine</span> <span class='ocrx_word' id='word_1_319' title='bbox 1325 2839 1337 2858; x_wconf 86' lang='lat'>,</span> <span class='ocrx_word' id='word_1_320' title='bbox 1379 2806 1496 2863; x_wconf 90' lang='lat' dir='ltr'>quod</span> <span class='ocrx_word' id='word_1_321' title='bbox 1525 2806 1648 2849; x_wconf 91' lang='lat' dir='ltr'>multi</span> <span class='ocrx_word' id='word_1_322' title='bbox 1678 2806 1754 2850; x_wconf 84' lang='lat' dir='ltr'>ha-</span> 
     </span>
    </p>
   </div>
  </div>
 </body>
</html>
