1846 3100
532 135 587 167 De
611 134 858 176 propagatione
883 133 1027 165 civitatis
1051 132 1239 164 Romanae.
1576 127 1656 170 327

109 247 341 303 imperator
375 245 477 287 item
520 248 688 285 vetusta
720 239 1031 284 consuetudine
1070 238 1151 282 sibi
1192 245 1444 295 sumpserat,
1481 237 1658 280 Tacitus

111 319 267 361 Annal.
280 318 389 367 XII,
409 317 432 359 4
463 330 573 358 anno
594 314 645 357 49
674 321 817 356 narrat
844 327 920 369 pro
948 317 1155 368 potestate
1177 311 1370 353 censoria
1389 310 1471 352 hoc
1490 310 1659 360 fecisse,

110 399 159 433 ut
184 390 238 432 L.
271 388 466 432 Silanum
499 393 651 429 senatu
680 392 893 428 moveret:
923 399 1009 439 qua
1033 383 1077 424 in
1109 398 1155 425 re
1187 383 1267 425 etsi
1297 382 1554 425 abutebatur
1583 397 1659 439 po-

110 469 262 506 testate
307 461 544 516 meritoque
586 459 640 501 ab
685 458 836 500 Tacito
879 456 1165 512 vituperatur,
1206 462 1473 511 praetextum
1519 462 1660 497 tamen

112 551 223 585 eum,
256 548 385 590 quem
414 531 616 581 diximus,
648 530 821 572 videtur
851 528 1069 570 habuisse.
1126 526 1400 583 Quamquam
1436 527 1545 569 illud
1575 542 1660 569 non

111 607 337 650 ferendum
365 611 442 654 est,
471 602 588 658 quod
619 602 732 643 idem
759 601 812 643 L.
829 600 1030 643 Vitellius
1057 599 1101 641 in
1132 614 1308 641 nummo
1336 599 1453 655 apud
1478 599 1660 642 Eokhel.

110 681 168 722 D.
190 679 244 722 N.
270 678 337 720 VI
366 693 405 732 p.
437 675 516 718 313
550 689 701 717 censor
730 675 774 716 ΙΙ
805 673 1053 730 appellatur,
1106 672 1243 714 Nemo
1273 672 1385 714 enim
1409 678 1506 714 ante
1529 670 1661 714 Clau-

112 752 232 793 dium
261 763 441 791 censura
472 762 569 789 eum
607 747 805 788 functum
834 760 928 788 esse
960 744 1121 794 scribit,
1149 751 1299 803 postea
1328 751 1469 786 autem
1499 759 1553 786 ne
1585 759 1662 799 po-

113 823 195 865 tuit
222 821 412 878 quidem,
442 819 544 875 quia
565 826 778 862 extremae
811 817 1043 860 senectutis
1073 824 1163 859 erat
1183 816 1305 872 (Tac.
1326 816 1441 858 Ann.
1459 816 1568 867 XII,
1588 816 1662 872 42)

111 909 161 937 ac
190 908 290 936 mox
319 892 519 934 decessit.

223 965 276 1008 In
320 964 400 1006 hac
445 963 580 1020 igitur
621 977 803 1004 censura
846 977 944 1004 cum
990 969 1163 1004 senatus
1209 961 1427 1017 legeretur
1460 964 1663 1014 primores

113 1040 278 1080 Galliae
311 1038 503 1079 Comatae
517 1036 699 1086 foedera
728 1041 767 1075 et
796 1037 1004 1075 civitatem
1037 1036 1271 1074 Romanam
1299 1035 1460 1086 pridem
1490 1035 1666 1073 assecuti

111 1111 412 1167 imperatorem
439 1105 672 1149 Claudium
708 1107 919 1156 adierunt,
955 1106 1024 1147 ius
1065 1105 1275 1147 honorum
1304 1111 1511 1161 petentes.
1573 1103 1663 1157 Qui

114 1190 214 1225 sunt
245 1181 307 1223 illi
338 1179 578 1238 primores?
634 1178 704 1220 De
733 1177 890 1234 quibus
917 1178 1105 1234 primum
1131 1177 1326 1233 intelligo
1358 1177 1556 1219 Tacitum
1583 1177 1664 1218 mi-

112 1269 195 1296 nus
225 1259 423 1296 accurate
453 1251 610 1302 dicere,
643 1252 758 1307 quod
789 1266 861 1293 eos
892 1250 950 1292 ait
976 1250 1149 1292 foedera
1178 1265 1272 1292 esse
1300 1257 1535 1292 assecutos.
1584 1250 1665 1292 Est

116 1326 228 1368 enim
261 1332 409 1367 contra
437 1339 600 1367 morem
618 1324 861 1366 Romanum
889 1338 1029 1378 neque
1056 1338 1246 1378 unquam
1269 1324 1446 1374 factum,
1475 1330 1525 1364 ut
1546 1323 1664 1379 quis-

114 1412 243 1453 quam
274 1411 387 1439 unus
421 1397 491 1439 vel
527 1404 575 1438 ut
605 1396 800 1438 homines
834 1396 1075 1451 complures
1111 1396 1286 1438 foedere
1317 1411 1415 1438 cum
1444 1395 1665 1451 republica

113 1469 309 1512 Romana
339 1469 677 1526 coniungantur:
707 1468 857 1524 populi
878 1476 978 1510 sunt
996 1468 1204 1510 foederati
1223 1484 1272 1511 ac
1294 1468 1488 1512 civitates
1506 1469 1665 1525 quique

115 1549 181 1584 est
212 1557 266 1585 ex
292 1542 451 1599 populo
481 1541 713 1590 foederato,
750 1540 851 1582 item
880 1540 973 1596 ipse
1003 1541 1321 1595 quodammodo
1347 1548 1489 1597 potest
1517 1541 1665 1583 foede-

114 1621 231 1657 ratus
275 1614 491 1670 appellari.
561 1613 709 1666 Quare
754 1612 863 1654 illud
906 1614 1058 1664 elucet,
1100 1628 1197 1656 cum
1237 1613 1414 1656 Tacitus
1455 1613 1665 1670 primores

114 1686 290 1729 foedera
307 1694 528 1729 assecutos
554 1685 752 1741 appellet,
772 1686 971 1739 quamvis
996 1685 1137 1727 minus
1163 1685 1334 1742 proprie
1353 1686 1566 1741 loquatur,
1584 1685 1667 1727 hoc

116 1774 215 1801 eum
241 1758 398 1807 dicere,
428 1758 637 1814 primores
668 1757 765 1798 illos
796 1756 932 1799 fuisse
965 1757 1182 1799 civitatum
1205 1759 1532 1800 foederatarum.
1577 1755 1666 1800 Sed

116 1830 354 1873 rectissime
384 1830 505 1873 addit
523 1831 689 1884 pridem
719 1843 792 1871 eos
824 1829 1039 1871 civitatem
1067 1844 1162 1872 esse
1187 1838 1422 1872 assecutos.
1478 1829 1666 1872 Omnino

117 1903 230 1945 enim
269 1903 443 1945 foedera
477 1902 561 1944 nisi
602 1916 687 1957 quo
724 1901 906 1957 quisque
942 1902 1128 1958 populus
1158 1909 1349 1958 tempore
1383 1902 1571 1958 primum
1599 1917 1666 1943 re·
1720 1903 1724 1907 '

118 1975 274 2031 cipitur
313 1983 440 2031 atque
477 1974 657 2030 imperio
691 1974 886 2016 Romano
925 1973 1143 2024 adiicitur,
1179 1989 1264 2016 non
1303 1974 1440 2016 solent
1477 1974 1666 2016 concedi.

115 2047 184 2090 Ita
218 2062 327 2102 quae
366 2048 411 2089 in
441 2046 625 2090 Graecia
659 2061 815 2102 magna
854 2047 1025 2088 fuerant
1063 2046 1257 2089 civitates
1293 2046 1552 2096 foederatae,
1581 2061 1666 2101 quo

119 2126 308 2175 tempore
337 2119 411 2160 illa
447 2118 567 2174 regio
598 2118 643 2159 in
679 2118 973 2160 Romanorum
1007 2117 1220 2160 dicionem
1250 2119 1381 2169 venit,
1417 2118 1665 2168 extiterant3

117 2191 177 2233 ita
216 2191 261 2232 in
291 2190 439 2233 Sicilia
467 2206 575 2246 quae
605 2189 848 2232 foederatae
878 2190 1008 2233 urbes
1038 2191 1226 2241 fuerunt,
1254 2198 1428 2247 propter
1457 2190 1667 2233 bellorum

116 2263 380 2305 Punicorum
413 2262 564 2305 merita
593 2262 763 2313 foedus,
799 2277 884 2318 quo
915 2262 1020 2318 quid
1054 2270 1332 2319 praestarent,
1363 2262 1469 2318 quid
1499 2262 1668 2318 accipe-

117 2343 224 2385 rent,
256 2335 554 2385 definiebatur,
586 2342 840 2378 consecutae
870 2342 1010 2385 erant3
1044 2334 1104 2377 ita
1133 2335 1178 2376 in
1206 2335 1417 2391 Hispania
1447 2333 1667 2384 Gaditani,

117 2415 345 2464 antequam
383 2408 605 2463 provincia
646 2408 862 2464 Hispania
903 2406 1137 2449 constituta
1179 2414 1264 2456 est,
1308 2406 1480 2448 foedere
1523 2406 1668 2448 donati

118 2487 238 2522 erant
282 2477 396 2535 (Cic.
432 2494 472 2534 p.
503 2479 625 2521 Balb.
660 2479 852 2534 15);—ita
890 2477 1109 2528 Athenae,
1151 2493 1249 2521 cum
1288 2479 1511 2534 provincia
1547 2479 1668 2521 fieret

118 2551 296 2600 Achaia,
336 2551 395 2593 ita
432 2551 586 2606 reliqui
623 2566 784 2603 omnes,
824 2552 898 2608 qui
929 2566 1111 2608 usquam
1142 2551 1350 2593 foederati
1386 2551 1667 2607 appellantur,

118 2638 169 2666 eo
199 2631 389 2678 tempore
422 2622 695 2678 reperiuntur
722 2624 877 2667 foedus
911 2624 1143 2685 accepisse,
1171 2639 1257 2678 quo
1289 2623 1474 2680 primum
1503 2623 1559 2665 ad
1587 2623 1668 2665 im-

120 2696 286 2752 perium
322 2695 612 2737 Romanorum
654 2704 964 2751 pervenerunt,
1003 2710 1143 2751 neque
1188 2695 1277 2737 ulla
1315 2710 1421 2750 gens
1458 2694 1668 2737 nominari

118 2766 287 2823 poterit,
306 2781 414 2822 quae
432 2773 656 2823 postquam
679 2767 945 2824 aliquamdiu
963 2768 1045 2810 alio
1066 2767 1158 2810 iure
1176 2782 1257 2810 usa
1282 2773 1357 2818 est,
1381 2767 1475 2808 'tum
1495 2773 1670 2823 propter

121 2840 272 2883 merita
301 2840 444 2894 aliqua
469 2839 624 2882 foedus
656 2857 681 2883 a
711 2841 869 2898 populo
897 2841 1090 2883 Romano
1129 2839 1340 2896 acceperit
1369 2838 1668 2895 foederataque
