1846 3100
547 151 601 183 De
627 149 875 192 propagatione
902 147 1047 180 civitatis
1072 147 1259 179 Romanae.
1593 142 1671 186 347

125 261 344 304 Romanae
380 258 705 314 consequendae
743 257 925 300 facultas
964 254 1158 305 dabatur,
1192 255 1268 297 sed
1298 255 1386 297 duo
1414 254 1676 311 praescripta

125 333 261 375 fuisse
289 331 445 375 Livius
465 331 690 388 significat,
721 329 904 385 primum
936 336 985 369 ut
1012 343 1065 369 ne
1088 327 1184 382 quis
1215 326 1258 368 in
1286 326 1436 370 urbem
1457 327 1674 382 migraret,

124 404 271 460 ibique
302 404 565 446 domicilium
598 418 722 445 suum
757 401 994 450 collocaret,
1024 400 1107 442 nisi
1125 399 1199 454 qui
1221 399 1396 455 stirpem
1419 414 1472 441 ex
1494 414 1539 442 se
1559 399 1674 441 domi

125 477 385 532 relinqueret
424 475 488 533 (id
529 475 638 517 enim
676 473 900 529 integritas
933 472 1191 528 oppidorum
1232 471 1435 527 poscebat
1475 480 1600 527 atque
1630 472 1674 513 in

127 549 302 591 coloniis
349 548 475 590 etiam
517 547 599 589 alia
639 535 834 589 instituta
870 545 1006 586 fuisse
1046 544 1256 594 existimo,
1298 545 1455 599 quibus
1496 544 1675 586 sortium

127 621 323 664 confusio
351 619 684 677 prohiberetur),
713 618 883 667 deinde,
914 624 962 659 ut
987 616 1060 671 qui
1089 616 1355 666 transissent,
1384 617 1544 659 Romae
1575 631 1675 658 cen-

130 700 338 742 serentur,
369 707 454 748 qua
483 692 536 734 de
569 707 615 733 re
648 698 797 746 postea
827 691 949 745 plura
979 689 1185 730 dicemus.
1244 687 1503 745 Perpetuam
1532 698 1674 731 autem

126 765 243 808 illam
271 766 413 822 legem
447 765 581 806 fuisse
611 771 741 819 negat
770 762 1024 818 Madvigius
1056 761 1237 803 maxime
1268 767 1443 816 propter
1473 776 1535 811 ea,
1565 775 1675 816 quae

125 837 242 894 apud
266 837 366 880 Liv.
387 836 620 887 XXXIX,
637 835 660 877 3
687 842 925 878 narrantur.
957 833 1261 888 Querebantur
1279 848 1389 875 anno
1415 833 1489 876 ’187
1512 849 1549 875 a.
1571 831 1674 875 Chr.

125 909 271 953 Latini
293 924 491 962 magnum
513 910 822 950 multitudinem
844 910 993 948 civium
1010 921 1176 947 suorum
1199 909 1372 947 Romam
1393 909 1676 960 commigrasse

125 989 163 1024 et
186 983 245 1023 ibi
269 997 403 1023 censos
419 996 517 1030 esse3
549 988 639 1022 tum
666 983 710 1027 Q.
736 983 926 1022 Terentio
948 981 1135 1022 Culleoni
1151 982 1340 1032 praetori
1366 982 1574 1031 negotium
1605 980 1675 1019 du-

127 1062 214 1096 tum
235 1061 306 1104 est,
334 1061 382 1095 ut
401 1069 463 1095 eos
482 1057 739 1106 conquireret
759 1059 800 1093 et
816 1068 930 1106 quem
955 1054 996 1095 G.
1024 1053 1195 1094 Claudio
1227 1054 1285 1094 M.
1304 1054 1424 1093 Livio
1448 1052 1675 1093 censoribus

126 1128 258 1183 (anno
289 1126 389 1180 204)
425 1132 563 1180 postve
602 1141 664 1166 eos
702 1140 880 1166 censores
913 1127 1044 1178 zpsum
1077 1130 1340 1176 parentemve
1376 1129 1462 1164 ez'us
1492 1127 1608 1178 apud
1637 1141 1677 1166 se

127 1214 289 1240 censum
319 1214 396 1239 esse
416 1199 658 1251 probassent
686 1200 796 1245 socii,
824 1204 870 1237 ut
901 1198 1033 1238 redire
1062 1211 1105 1237 eo
1124 1202 1295 1248 cogeret,
1317 1196 1389 1236 ubi
1406 1199 1518 1237 censi
1534 1205 1674 1239 essent.

128 1271 245 1313 Hinc
281 1271 416 1327 igitur
454 1270 521 1313 vir
557 1270 711 1312 doctus
750 1269 833 1312 hoc
863 1269 1037 1324 quidem
1075 1284 1185 1310 anno
1221 1269 1384 1326 colligit
1424 1285 1510 1312 non
1539 1271 1675 1312 fuisse

124 1343 280 1399 legem,
319 1351 369 1385 ut
406 1343 481 1398 qui
511 1342 657 1385 Latini
695 1342 872 1384 Romam
911 1341 1182 1397 migrassent,
1215 1343 1429 1385 civitatem
1463 1343 1675 1399 adipisce-

128 1423 295 1458 rentur:
333 1431 465 1471 quare
497 1430 593 1458 cum
625 1430 735 1456 anno
772 1415 846 1458 177
876 1415 1018 1470 legem
1049 1431 1142 1458 eam
1171 1416 1307 1458 fuisse
1337 1416 1476 1458 tradat
1506 1415 1676 1465 Livius,

126 1504 302 1533 necesse
333 1496 398 1532 est
426 1489 508 1531 hoc
538 1490 688 1531 decem
720 1503 929 1531 annorum
961 1488 1095 1545 spatio
1125 1489 1195 1531 lex
1227 1489 1301 1531 illa
1329 1496 1370 1531 et
1399 1490 1485 1531 lata
1512 1497 1552 1531 et
1573 1488 1676 1531 abo-

126 1562 201 1604 lita
230 1561 298 1612 sit,
328 1561 374 1603 id
405 1562 523 1617 quod
553 1577 632 1604 nec
663 1561 845 1604 traditur
875 1576 954 1603 nec
989 1577 1067 1618 per
1095 1576 1141 1603 se
1174 1562 1316 1617 ipsum
1346 1562 1568 1618 probabile
1598 1569 1675 1604 est.

127 1634 217 1677 Nos
244 1635 419 1690 quidem
443 1635 562 1677 Livii
592 1634 842 1677 auctoritate
870 1649 955 1676 non
984 1635 1042 1676 ita
1072 1633 1311 1683 abutemur,
1342 1649 1422 1676 nec
1447 1634 1676 1690 quicquam

126 1707 181 1749 ab
209 1721 271 1757 e0,
313 1707 430 1762 quod
468 1707 604 1749 fuisse
637 1707 752 1748 illam
780 1707 922 1762 legem
956 1707 1114 1748 nullam
1149 1707 1358 1756 ostendat,
1389 1706 1499 1748 tradi
1529 1706 1676 1749 existi-

128 1794 307 1822 mamus.
369 1779 542 1821 Etenim
574 1779 611 1821 si
639 1786 731 1821 erat·
756 1779 826 1820 lex
853 1778 999 1820 Latini
1030 1779 1228 1829 nominis,
1258 1786 1320 1829 ut,
1352 1779 1426 1834 qui
1453 1779 1497 1820 in
1522 1779 1676 1821 urbem

128 1853 370 1908 migrasset,
403 1866 536 1893 censu
566 1851 781 1893 civitatem
811 1850 1044 1893 Romanam
1076 1852 1299 1907 acciperet,
1338 1867 1442 1893 num
1471 1851 1573 1893 item
1606 1851 1677 1892 lex

128 1932 231 1975 erat,
260 1939 370 1980 quae
400 1923 576 1965 Latinos
595 1923 841 1979 quicunque
868 1924 912 1964 in
932 1923 1083 1966 urbem
1101 1924 1347 1980 migrarent,
1375 1923 1507 1979 recipi
1529 1923 1677 1979 utique

129 2004 256 2053 atque
292 1996 459 2038 admitti
494 1996 693 2038 iuberet?
753 1995 800 2038 Si
834 1996 930 2051 quis
962 2004 1073 2038 esset
1103 2006 1301 2053 receptus
1341 2003 1382 2039 et
1411 1996 1573 2038 Romae
1600 1996 1676 2038 ha-

132 2069 282 2112 bitaret
307 2076 349 2110 et
377 2068 538 2110 tribum
565 2068 754 2118 haberet,
783 2069 980 2123 quamvis
1003 2068 1181 2111 Latinae
1210 2069 1388 2125 originis
1416 2076 1543 2118 esset,
1572 2068 1677 2124 quin

128 2140 234 2182 civis
265 2147 392 2188 esset,
429 2154 516 2182 non
549 2148 638 2182 erat
669 2140 863 2190 dubium,
897 2141 974 2182 sed
1005 2156 1090 2183 non
1121 2129 1298 2183 necesse
1328 2149 1431 2191 erat,
1461 2141 1602 2196 quivis
1631 2141 1677 2182 in

129 2211 280 2254 urbem
308 2211 616 2253 admitteretur.
673 2211 819 2253 Veluti
853 2212 933 2254 hac
966 2220 1101 2255 aetate
1133 2214 1248 2269 apud
1279 2228 1372 2264 nos,
1404 2213 1478 2268 qui
1508 2214 1676 2255 nullum

133 2284 317 2326 civitatis
353 2283 583 2326 discrimen
613 2284 827 2334 novimus,
858 2285 954 2340 lege
985 2285 1084 2326 licet
1112 2284 1310 2327 omnibus
1339 2285 1383 2327 in
1417 2301 1676 2341 quocunque

129 2356 285 2412 oppido
305 2355 438 2397 velint
453 2355 689 2406 considere,
709 2363 836 2412 atque
856 2372 908 2398 ex
927 2372 1011 2398 uno
1027 2357 1185 2413 oppido
1205 2358 1250 2399 in
1269 2358 1448 2400 alterum
1464 2358 1649 2414 migrare
1665 2374 1676 2407 ς

130 2427 207 2470 sed
239 2443 289 2470 ea
317 2427 388 2469 lex
417 2442 501 2468 non
534 2427 679 2478 efficit,
710 2436 772 2478 ut,
799 2429 1043 2484 quicunque
1074 2430 1118 2470 in
1139 2430 1296 2485 oppido
1319 2430 1451 2472 velint
1470 2431 1676 2480 habitare,

131 2500 215 2542 sint
253 2499 402 2554 utique
441 2499 675 2554 recipiendi
711 2508 838 2556 atque
883 2502 925 2542 in
966 2516 1120 2543 novam
1157 2502 1370 2544 civitatem
1411 2502 1676 2545 admittendi.

129 2571 326 2613 Eandem
363 2570 430 2612 vel
471 2570 651 2614 similem
687 2573 941 2615 Latinorum
980 2573 1274 2615 condicionem
1304 2575 1348 2615 in
1378 2574 1571 2617 Romana
1604 2589 1673 2616 re-

129 2641 301 2698 publica
335 2642 470 2685 fuisse
515 2642 585 2684 hic
619 2643 735 2686 Livii
776 2645 898 2687 locus
936 2660 1021 2687 non
1058 2644 1240 2688 obscure
1278 2647 1476 2688 ostendit.
1534 2646 1673 2689 Vetus

128 2715 199 2757 lex
230 2720 332 2764 erat,
362 2729 448 2770 qua
477 2714 656 2766 Latinis,
684 2715 720 2758 si
748 2716 792 2758 in
820 2717 972 2759 urbem
993 2717 1262 2772 migrassent,
1292 2719 1442 2761 civitas
1471 2718 1672 2768 dabatur3

129 2801 261 2841 quare
294 2801 391 2828 cum
425 2787 547 2828 multi
575 2787 756 2830 Romam
790 2789 1060 2844 migrassent,
1093 2789 1183 2831 sine
1219 2788 1484 2832 dubitatione
1522 2806 1547 2832 a
1574 2805 1673 2833 cen-

132 2857 303 2900 soribus
336 2858 649 2915 recipiebantur
677 2860 720 2902 in
748 2861 900 2912 tribus,
933 2875 1041 2917 quos
1072 2870 1146 2902 aut
1171 2862 1323 2904 stultos
1352 2871 1425 2904 aut
1441 2862 1675 2905 admodum
