1846 3100
179 129 261 173 358
597 134 650 166 De
673 135 920 176 propagatione
949 136 1094 168 civitatis
1118 137 1306 171 Romanae.

173 248 315 296 patres
357 244 606 296 legerentur,
655 249 895 296 conquestus
941 250 1048 293 esset,
1084 236 1285 298 'explendi
1320 253 1486 288 senatus
1524 262 1651 290 causa
1687 249 1730 298 set

178 315 385 368 iungendi
409 316 546 355 artius
579 316 731 355 Latine·
756 318 936 357 nominis
969 331 1062 358 cum
1084 320 1236 370 populo
1266 320 1454 360 Romano
1483 334 1728 374 magnopere

178 401 216 426 se
236 388 406 427 suadere
435 387 555 436 delcit,
583 394 631 427 ut
658 402 708 428 ex
735 390 911 441 singulis
934 391 1098 442 populis
1117 392 1368 430 Latinorum
1399 391 1506 432 binis
1529 395 1728 433 senatori-

177 458 260 508 bus,
293 461 331 499 si
360 465 502 512 patres
540 461 723 500 Romani
757 464 1016 510 censuissent,
1054 463 1198 502 civitas
1227 464 1399 503 daretur
1431 470 1552 516 atque
1583 466 1628 505 in
1664 465 1727 505 de-

178 537 433 572 mortuorum
465 534 597 573 locum
628 534 675 571 in
707 539 893 573 senatum
926 535 1170 586 legerentur.
1230 533 1330 587 Quo
1358 534 1453 577 loeo
1485 535 1725 578 cavendum

179 610 258 652 est,
292 618 346 646 ne
384 603 441 644 ita
470 603 710 654 abutamur,
742 611 792 646 ut
826 604 1078 647 Latinorum
1108 613 1298 647 veterum
1333 606 1587 649 decuriones
1620 607 1725 650 civi-

176 682 260 717 tate
290 675 485 718 Romana
513 691 691 732 prorsus
724 676 914 719 caruisse
949 684 1174 733 putemus:
1206 693 1292 733 quo
1321 678 1357 720 si
1384 679 1622 722 caruissent
1650 679 1724 729 illi,

176 762 254 790 cur
296 763 349 789 ex
393 747 700 791 decurionibus
743 748 1014 805 potissimum
1050 749 1095 790 in
1135 757 1327 792 senatum
1366 750 1606 794 Romanum
1639 751 1727 809 legi

175 819 366 871 iubebat,
407 836 493 863 non
539 836 592 863 ex
635 821 805 878 oppidis
846 821 1046 863 omnino?
1103 821 1232 864 Nunc
1273 822 1528 866 decuriones
1575 823 1727 866 ceteris

175 891 344 935 Latinis
380 893 524 949 aliquo
562 894 669 944 iure,
710 901 885 950 propter
914 894 1028 949 quod
1061 901 1212 936 senatu
1243 894 1436 937 Romano
1473 895 1594 952 digni
1631 911 1726 939 esse

175 964 439 1016 viderentur,
470 966 736 1022 praestitisse
765 966 1026 1022 putabimus.
1069 966 1265 1023 Eamque
1295 967 1350 1009 ob
1379 982 1550 1010 causam
1572 967 1726 1011 Livius

176 1036 350 1087 civium,
383 1053 435 1079 ex
461 1037 619 1094 quibus
649 1039 692 1080 in
724 1046 919 1080 senatum
947 1039 1035 1094 legi
1063 1046 1224 1094 posset,
1252 1040 1511 1096 paucitatem
1538 1055 1634 1083 esse
1654 1041 1726 1091 ait,

175 1109 419 1166 intelligens
458 1110 574 1152 cives
616 1110 741 1171 etiam
770 1125 879 1160 esse,
918 1125 971 1152 ex
1008 1111 1167 1167 quibus
1205 1112 1249 1153 in
1287 1120 1481 1155 senatum
1518 1113 1605 1170 legi
1641 1128 1726 1156 non

179 1181 339 1223 liceret.
394 1182 486 1224 Nec
516 1183 559 1224 in
589 1183 771 1226 civitatis
799 1183 1012 1226 vocabulo
1040 1183 1326 1235 haerebimus,
1350 1200 1436 1240 quo
1465 1185 1620 1228 Livius
1639 1200 1743 1236 eos„

179 1254 252 1308 qui
282 1254 448 1310 privata
477 1255 601 1311 quasi
630 1256 723 1298 eius
752 1263 872 1312 parte
897 1263 1066 1298 utentes
1095 1256 1313 1312 publicam
1343 1264 1509 1300 tantum
1536 1273 1620 1300 non
1650 1258 1725 1300 ha-

177 1326 339 1376 berent,
370 1326 593 1383 designat3
637 1344 735 1370 nam
766 1343 891 1384 saepe
932 1328 1112 1371 eandem
1147 1336 1363 1385 tamquam
1398 1329 1727 1372 inconstantiam

127 1416 133 1422 ·
174 1399 291 1455 apud
324 1406 491 1442 veteres
523 1401 753 1457 scriptores
792 1400 1029 1456 reperimus
1062 1401 1277 1458 (Madvig.
1311 1401 1364 1444 de
1396 1402 1530 1444 colon.
1559 1402 1652 1444 iure
1680 1402 1725 1443 in

135 1485 137 1487 ·
175 1471 368 1527 opuscul.
395 1472 516 1514 acad.
544 1473 567 1515 I
606 1488 648 1529 p.
676 1473 791 1528 238).
849 1472 948 1515 Hoc
981 1473 1153 1528 quidem
1182 1474 1277 1516 loco
1308 1489 1358 1516 eo
1386 1474 1528 1516 minus
1556 1480 1725 1530 pertur-

177 1542 387 1595 babimur,
417 1545 535 1600 quod
561 1545 816 1588 decuriones
848 1545 973 1588 etiam
1003 1546 1144 1588 minus
1174 1546 1348 1603 proprio
1377 1554 1620 1590 senatorum
1646 1561 1725 1588 no-

176 1615 290 1659 mine
319 1625 463 1673 auget.
510 1617 657 1671 Quare
689 1618 751 1660 sic
783 1624 1036 1668 statuemus,
1065 1619 1319 1662 decuriones
1348 1620 1542 1670 Latinos,
1566 1618 1724 1674 quibus

175 1686 393 1732 Carvilius
423 1690 493 1745 ius
519 1690 732 1733 honorum
759 1690 851 1733 dari
883 1689 1068 1740 volebat,
1098 1690 1232 1734 fuisse
1264 1692 1374 1742 illos,
1403 1691 1477 1747 qui
1504 1706 1603 1734 cum
1634 1706 1724 1733 ma-

175 1761 429 1818 gistratibus
470 1762 802 1819 municipalibus
846 1762 1048 1819 gerendis
1086 1771 1248 1818 partem
1288 1763 1496 1820 privatam
1541 1759 1724 1806 civitatis

174 1833 393 1877 Romanae
432 1835 597 1877 dudum
634 1835 914 1892 accepissent,
954 1850 1122 1877 summo
1156 1843 1296 1878 tamen
1328 1835 1421 1878 iure
1451 1837 1495 1878 in
1530 1843 1725 1879 senatum

174 1906 417 1949 Romanum
446 1907 726 1963 perveniendi
760 1915 972 1950 carerent:
1007 1909 1278 1951 consentiunt
1308 1908 1444 1965 igitur
1472 1909 1575 1951 haec
1601 1922 1724 1965 pror-

174 1994 249 2021 sus
279 1994 378 2021 cum
405 1980 472 2030 iis,
504 1996 613 2035 quae
641 1996 772 2037 supra
802 1981 856 2023 de
884 1981 1054 2024 civitate
1083 1982 1276 2024 Romana
1302 1982 1543 2038 principum
1575 1981 1724 2026 Gallo·

171 2067 268 2094 rum
311 2052 528 2095 intellecta
571 2061 672 2096 sunt
713 2068 763 2095 ac
813 2054 940 2108 longe
981 2053 1206 2110 repetitum
1251 2069 1345 2097 esse
1391 2055 1567 2105 docent,
1608 2054 1724 2110 quod

174 2131 279 2166 tunc
331 2125 633 2181 usurpabatur.
705 2125 797 2168 Nec
846 2141 948 2169 vero
996 2124 1071 2182 Sp.
1115 2124 1332 2169 Carvilius
1372 2127 1416 2168 in
1467 2126 1595 2169 tantis
1643 2126 1723 2168 im-

175 2197 280 2253 perii
317 2198 528 2253 angustiis
569 2213 619 2240 ea
657 2198 909 2240 liberalitate
948 2198 1161 2249 utebatur,
1203 2213 1311 2254 quae
1346 2206 1498 2254 postea
1530 2199 1574 2240 in
1612 2198 1723 2241 bello

171 2269 360 2312 Marsico
391 2269 583 2312 adhibita
610 2278 674 2312 est
704 2271 960 2321 necessario,
995 2278 1044 2312 ut
1074 2271 1316 2326 promiscue
1336 2270 1535 2313 omnibus
1550 2269 1719 2312 Latinis

175 2341 377 2397 optimam
427 2341 642 2384 civitatem
681 2342 917 2399 impertiret
927 2358 938 2393 3
980 2358 1078 2384 nam
1118 2343 1303 2398 primum
1345 2357 1418 2384 eos
1461 2341 1610 2398 elegit,
1648 2341 1722 2397 qui

174 2413 382 2468 privatam
417 2414 602 2457 civitatis
641 2415 858 2457 Romanae
890 2422 1052 2470 partem
1089 2415 1174 2456 iam
1207 2415 1426 2465 haberent,
1458 2414 1614 2456 deinde
1642 2414 1721 2456 ho-

174 2500 271 2527 rum
301 2486 492 2542 ipsorum
522 2487 646 2529 binos
674 2501 727 2529 ex
750 2487 932 2542 singulis
961 2488 1130 2544 populis
1160 2488 1321 2530 iudicio
1354 2494 1526 2530 senatus
1555 2486 1721 2529 admitti

172 2558 312 2608 iussit,
351 2566 443 2600 tum
483 2558 596 2600 binis
626 2558 711 2601 illis
746 2559 950 2601 emortuis
990 2559 1130 2602 nullos
1166 2560 1270 2602 alios
1306 2559 1596 2615 sublegendos
1625 2573 1720 2602 esse

172 2630 388 2680 censebat,
415 2637 464 2671 ut
491 2644 577 2672 non
604 2630 672 2672 ius
700 2630 851 2681 ullum,
872 2631 948 2672 sed
977 2632 1219 2688 exemplum
1245 2638 1422 2681 tantum,
1441 2646 1527 2686 quo
1547 2638 1719 2672 senatus

171 2702 206 2744 si
234 2702 273 2744 ei
303 2701 522 2744 videretur
542 2702 606 2744 uti
624 2709 783 2758 posset,
804 2702 1082 2745 constitutum
1101 2719 1195 2746 esse
1220 2703 1522 2759 intelligamus.
1555 2701 1719 2756 Quam-

170 2790 297 2830 quam
330 2790 383 2817 ne
415 2774 520 2816 haec
553 2774 728 2830 quidem
760 2773 938 2816 Carvilii
966 2775 1192 2817 mediocris
1228 2789 1278 2817 ac
1306 2775 1558 2817 necessitate
1589 2789 1719 2830 prope

174 2862 379 2903 expressa
419 2846 651 2890 liberalitas
692 2846 962 2890 senatoribus
1003 2846 1223 2902 antiquum
1253 2861 1413 2889 morem
1448 2846 1720 2903 pertinaciter
