1846 3100
0 2806 2 2810 ’
0 2682 14 2780 ’‘ss⁷·-
0 2658 6 2676 ··-
0 2626 12 2647 :⁸-

8 694 17 716 ,η

476 137 530 168 De
555 135 670 169 Gallia
693 135 927 167 Romanorum
952 134 1128 176 provincia
1151 133 1333 175 appendix.
1600 129 1677 173 169

132 249 232 291 dato
260 247 576 304 quaestionem,
603 246 647 287 in
676 259 760 299 qua
788 243 850 285 sic
877 243 1172 285 ratiocinatur:
1212 241 1406 298 Pompeii
1435 242 1676 298 imperium,

131 320 247 375 quod
274 318 484 363 Crassum
514 318 718 374 collegam
749 316 840 358 eius
866 330 1011 358 mense
1038 314 1272 357 Novembri
1299 315 1398 357 anni
1423 315 1475 358 55
1505 314 1549 356 in
1579 329 1677 370 pro-

131 392 314 435 vinciam
343 393 484 436 exisse
516 397 694 440 constet,
726 394 925 444 coeptum
954 402 1048 430 esse
1081 395 1177 430 ante
1207 386 1299 429 Cal.
1326 387 1454 429 Mart.
1486 387 1585 428 anni
1611 387 1678 436 54,

131 465 247 506 unde
286 465 468 508 alterum
499 462 698 506 Caesaris
735 460 1075 515 quinquennium
1115 459 1312 509 deducit,
1358 460 1457 509 sed,
1501 467 1549 500 ut
1585 460 1678 502 eius

130 538 320 592 potentia
352 536 525 580 Caesari
565 539 896 588 exaequaretur,
940 532 1052 574 ultra
1088 531 1276 586 quinque
1310 546 1443 573 annos
1476 532 1678 587 vulgares

132 609 187 651 ad
217 610 389 652 easdem
421 606 514 651 Cal.
543 607 670 649 Mart.
701 604 800 647 anni
828 604 903 654 45³,
938 604 1096 659 quibus
1125 602 1286 646 Caesar
1316 610 1549 654 coercetur,
1582 619 1677 646 esse

131 689 427 737 propagatum.
475 677 830 733 Quinquennium
855 683 998 718 autem
1024 676 1187 718 etiamsi
1213 676 1318 731 quid
1348 683 1467 717 extra
1489 676 1678 732 quinque

132 767 265 795 annos
296 753 492 802 accedat,
530 758 670 793 tamen
700 748 903 806 appellari
933 748 1001 790 III
1031 748 1220 790 virorum
1247 748 1352 804 reip.
1379 756 1513 790 const.
1535 763 1680 790 exem-

131 825 223 880 p10,
267 825 385 880 quod
421 839 498 867 nos
526 823 571 865 in
602 819 1027 865 commentationibus
1061 820 1348 876 epigraphicis
1380 820 1477 862 Vol.
1507 820 1529 862 I
1559 835 1601 875 p.
1627 819 1680 862 24

133 897 430 954 exposuimus,
474 894 672 938 ostendit.
741 891 903 936 Contra
941 892 1046 934 haec
1082 893 1216 935 multa
1245 892 1452 949 disputari
1485 898 1680 948 possunt,

136 969 212 1010 sed
243 969 351 1011 duas
380 983 449 1010 res
480 968 631 1010 afferre
659 965 761 1009 satis
792 966 884 1008 erit.
930 965 1124 1020 Primum
1148 963 1236 1005 Dio
1254 963 1490 1014 XXXIX,
1516 965 1568 1007 36
1594 979 1681 1005 uno

11 1032 13 1034 ¹
77 1080 82 1084 .
134 1041 203 1083 die
234 1048 276 1083 et
303 1057 328 1083 a
357 1039 408 1083 C.
429 1039 643 1083 Trebonio
671 1039 725 1080 de
744 1038 940 1094 Pompeii
962 1034 1195 1091 Crassique
1221 1036 1414 1092 imperio,
1447 1043 1488 1077 et
1509 1052 1534 1078 a
1551 1036 1681 1078 Pom-

131 1113 228 1169 peio
267 1111 512 1168 Crassoque
556 1111 609 1153 de
651 1109 851 1153 Caesaris
898 1110 1030 1151 altero
1075 1108 1366 1164 quinquennio
1407 1108 1542 1150 latum
1587 1123 1681 1150 esse

133 1185 303 1236 scribit,
344 1184 499 1227 deinde
529 1183 736 1239 Pompeio
776 1198 828 1224 ex
871 1182 1096 1224 consulatu
1137 1182 1261 1223 tertio
1299 1188 1578 1237 prorogatum
1618 1188 1683 1223 est

131 1258 358 1314 imperium
386 1272 466 1299 nec
495 1256 663 1306 mirum,
695 1255 731 1297 si
761 1255 806 1296 id
837 1254 971 1296 multo
996 1254 1170 1310 longius
1198 1268 1327 1308 quam
1355 1251 1554 1295 Caesaris
1585 1268 1681 1309 per-

134 1330 309 1373 tinebat.
367 1330 434 1372 Ita
463 1336 549 1371 tota
573 1329 679 1370 haec
705 1327 898 1382 quaestio
924 1326 1007 1368 alia
1033 1326 1093 1367 fit.

245 1403 448 1445 Diximus
479 1402 533 1443 de
562 1415 649 1442 uno
678 1399 956 1441 fundamento
987 1397 1289 1453 disputationis
1322 1397 1681 1447 Hofmannianae,

131 1475 248 1530 quod
276 1490 375 1518 cum
401 1472 695 1522 everterimus,
723 1486 776 1513 ne
802 1486 911 1526 quae
944 1477 1266 1525 consequuntur
1290 1470 1478 1524 quidem,
1510 1470 1683 1526 probari

131 1554 343 1604 poterunt.
397 1545 486 1589 Sed
515 1543 789 1601 persequitur
818 1543 889 1585 ille
913 1543 1056 1586 omnia
1074 1543 1200 1586 etiam
1225 1542 1396 1583 minima
1421 1541 1682 1598 singillatim,

131 1619 340 1676 incipiens
380 1634 405 1661 a
438 1617 633 1673 Pompeii
672 1616 895 1658 consulatu
935 1616 1059 1657 tertio
1096 1615 1123 1656 i.
1159 1629 1195 1656 e.
1233 1628 1343 1656 anno
1382 1613 1457 1663 52,
1505 1614 1559 1656 de
1596 1629 1682 1669 quo

134 1691 238 1732 dum
266 1690 470 1747 disputat,
502 1689 710 1745 imprimis
739 1688 880 1744 legem
905 1687 1021 1730 illam
1053 1688 1202 1729 decem
1230 1685 1499 1728 tribunorum
1528 1686 1683 1742 plebis,

133 1778 218 1818 qua
254 1763 348 1818 ipso
387 1761 594 1817 Pompeio
631 1760 877 1802 adiuvante.
900 1757 1077 1801 Caesari
1117 1759 1263 1801 datum
1304 1766 1390 1808 est,
1432 1765 1481 1799 ut
1518 1757 1683 1801 absenti

135 1835 405 1877 consulatum
434 1840 578 1889 petere
606 1832 767 1881 liceret,
799 1832 996 1873 illustrat.
1055 1830 1330 1886 Quamquam
1360 1831 1512 1872 vellem
1541 1831 1684 1874 hercle

135 1907 277 1948 denuo
300 1905 498 1962 pluribus
526 1905 631 1960 quid
651 1904 696 1946 in
718 1919 766 1946 63
785 1904 920 1946 fuisse
944 1910 1150 1953 censeret,
1178 1903 1469 1959 exposuisset:
1502 1904 1683 1945 fortasse

135 1978 189 2020 ad
222 1978 431 2020 veriorem
473 1977 723 2020 sententiam
762 1984 874 2018 esset
913 1976 1142 2017 deductus.
1206 1974 1333 2016 Nunc
1363 1981 1588 2016 contentus
1619 1981 1684 2016 est

134 2051 188 2093 iis
221 2065 329 2105 quae
359 2050 413 2092 de
446 2049 624 2091 Sueton.
655 2047 780 2091 Caes.
813 2063 849 2090 c.
876 2048 930 2090 26
961 2047 1093 2097 dixit,
1132 2062 1240 2102 quae
1271 2048 1412 2089 minus
1443 2045 1589 2088 subtili
1617 2046 1684 2087 in-

136 2123 435 2179 terpretatione
465 2129 555 2164 orta
583 2136 677 2164 esse
705 2136 836 2177 supra
864 2136 905 2176 p.
940 2120 1017 2162 15⁶2
1049 2119 1299 2169 docuimus,
1333 2119 1554 2174 creditque
1585 2117 1684 2159 anni

137 2195 189 2237 50
218 2194 516 2237 consularibus
547 2194 728 2236 comitiis
756 2193 794 2235 ei
821 2192 986 2234 absenti
1009 2192 1257 2248 petitionem
1278 2191 1421 2233 datam
1440 2206 1547 2232 esse.
1595 2189 1685 2231 Sed

136 2275 280 2308 contra
322 2266 432 2308 hanc
471 2281 599 2321 quam
637 2272 760 2321 putat
800 2265 940 2319 legem
981 2263 1234 2319 Pompeium
1277 2264 1336 2304 ait
1377 2268 1577 2316 quattuor
1615 2276 1685 2303 res

139 2338 343 2380 insidiose
374 2337 575 2393 gessisse.
635 2337 798 2379 Earum
826 2336 964 2392 prima
993 2336 1036 2377 in
1067 2350 1180 2378 nova
1208 2336 1318 2389 lege,
1351 2349 1479 2390 quam
1508 2334 1561 2375 de
1591 2334 1684 2376 iure

138 2410 465 2466 magistratuum
493 2409 602 2459 tulit,
635 2409 880 2451 collocatur.
936 2408 1004 2449 De
1032 2422 1117 2462 qua
1141 2407 1239 2463 lege
1266 2407 1482 2456 universa,
1513 2406 1549 2448 si
1576 2421 1685 2461 quae

137 2498 179 2538 p.
207 2482 260 2524 24
292 2488 334 2524 et
364 2482 416 2523 25
455 2489 576 2530 sunt,
619 2481 833 2530 conferas,
874 2480 1015 2522 minus
1054 2488 1169 2521 recte
1206 2480 1478 2520 Hofmannus
1514 2477 1686 2519 videtur

137 2553 350 2602 iudicare;
395 2567 490 2594 nam
531 2567 618 2594 una
655 2553 968 2608 praescriptum
1009 2567 1103 2594 esse
1139 2559 1282 2607 putat,
1325 2558 1373 2592 ut
1408 2549 1684 2605 magistratus

137 2624 430 2681 quinquennio
464 2630 563 2679 post
600 2631 771 2666 exactos
801 2624 984 2666 honores
1014 2623 1257 2680 provincias
1287 2622 1560 2670 sortirentur,
1603 2620 1686 2662 alia

140 2704 182 2739 et
213 2697 405 2746 diversa,
444 2710 498 2737 ne
532 2694 729 2738 absentes
760 2703 967 2752 peterent.
1023 2696 1115 2737 Imo
1148 2711 1234 2737 una
1264 2694 1498 2749 eademque
1527 2693 1598 2735 lex
1630 2693 1685 2735 de

138 2769 232 2811 iure
266 2768 593 2824 magistratuum
630 2768 716 2810 lata
750 2774 982 2823 utrumque
1016 2767 1211 2809 habebat.
1269 2766 1561 2808 Veruntamen
1602 2765 1685 2808 hoc

141 2839 282 2882 minus
322 2840 377 2883 ad
418 2839 528 2882 hanc
561 2839 852 2894 quaestionem
893 2840 1087 2896 pertinet.
1150 2838 1337 2881 Insidias
1374 2845 1516 2880 autem
1550 2837 1594 2880 in
1634 2852 1684 2881 eo
