1846 3100
187 161 237 205 18
631 165 685 196 De
710 162 822 196 Gallia
845 164 1077 197 Romanorum
1098 167 1280 209 provincia.

183 273 482 316 necessitatem
509 273 640 316 ullam
681 271 896 314 sancitam.
955 271 1176 324 Permisit,
1212 276 1386 332 opinor,
1424 274 1474 319 C.
1507 275 1729 319 Gracchus

186 345 351 388 senatui
389 346 634 402 populoque
679 345 896 394 Romano,
944 344 979 386 si
1021 361 1089 388 res
1135 347 1196 388 ita
1235 349 1384 398 ferret,
1430 356 1647 404 praetores
1686 348 1730 389 in

184 416 292 459 urbe
329 418 538 468 retinere,
577 426 666 459 tum
707 425 855 458 exacto
886 417 1161 472 magistratus
1193 435 1303 462 anno
1341 420 1576 477 provinciis
1607 435 1730 476 prae-

183 489 339 540 ficere3
377 490 453 532 sed
493 489 612 545 quod
651 488 832 530 licuerat
858 488 1000 538 initio,
1043 489 1088 531 id
1131 498 1304 548 propter
1331 493 1601 548 negotiorum
1629 506 1730 548 pro-

184 562 508 617 vinciarumque
545 560 863 603 multitudinem
900 562 1104 617 paulatim
1133 563 1177 604 in
1206 577 1303 606 eum
1341 579 1501 606 morem
1539 564 1667 613 abiit,
1706 579 1733 606 a

186 649 272 690 quo
301 649 522 689 nunquam
551 632 838 675 recederetur.
894 630 983 675 Sed
1021 633 1125 676 haec
1162 642 1390 691 postquam
1421 637 1607 680 breviter
1634 635 1732 678 atti-

186 707 351 762 gimus,
397 720 572 748 cursum
617 705 919 760 disputationis
953 713 1123 748 nostrae
1160 721 1480 762 persequamur.
1550 707 1733 750 Biennio

183 778 317 834 igitur
342 778 607 833 insequenti,
647 776 764 832 quod
802 784 866 819 est
893 777 1015 819 annis
1048 778 1126 820 122
1167 786 1209 821 et
1242 780 1313 822 121
1347 797 1384 823 a.
1414 779 1542 831 Chr.,
1577 780 1732 823 alteros

186 865 239 893 ex
284 849 553 900 consulibus,
600 848 680 891 Cn.
715 849 957 891 Domitium
995 850 1334 893 Ahenobarbum
1379 860 1421 894 et
1457 853 1512 907 Q.
1551 852 1734 895 Fabium

184 923 427 965 Maximum
458 922 800 978 Allobrogicum,
828 921 872 963 in
905 921 1047 965 Gallia
1073 922 1356 979 Transalpina
1382 939 1601 980 pugnasse
1632 939 1733 966 con-

187 1002 270 1037 stat
300 993 414 1048 (Cic.
450 1010 490 1051 p.
517 995 699 1037 Fonteio
730 1009 765 1036 c.
791 994 876 1049 12),
905 995 1092 1051 collegas
1124 1010 1286 1047 eorum,
1319 994 1369 1038 C.
1386 996 1599 1038 Fannium
1614 995 1734 1038 Stra-

187 1066 338 1110 bonem
369 1075 410 1110 et
430 1067 482 1109 L.
505 1066 728 1123 Opimium
755 1067 799 1108 in
834 1066 941 1109 urbe
972 1075 1185 1118 versatos3
1214 1068 1291 1110 sed
1320 1068 1422 1123 quia
1446 1076 1615 1124 praeter
1647 1065 1747 1117 eos,

185 1155 293 1195 quos
325 1139 370 1181 in
400 1139 543 1182 Gallia
583 1139 719 1181 fuisse
758 1140 883 1181 modo
924 1139 1137 1190 diximus,
1176 1139 1336 1182 ibidem
1374 1140 1616 1196 superiores
1645 1155 1730 1182 cos.

185 1219 414 1268 prorogato
443 1212 623 1268 imperio
652 1219 949 1254 remanserunt
977 1214 1095 1268 (nam
1123 1227 1234 1254 anno
1269 1211 1347 1254 122
1375 1210 1425 1253 C.
1454 1211 1629 1254 Sextius
1658 1227 1736 1268 pro

186 1284 362 1326 consule
380 1299 535 1326 novam
551 1284 760 1326 coloniam
770 1284 921 1340 Aquas
940 1283 1108 1326 Sextias
1127 1283 1318 1326 condidit
1335 1284 1453 1339 (Liv.
1471 1284 1570 1340 epit.
1588 1283 1735 1339 LXI),

185 1371 295 1398 anno
336 1356 408 1398 121
446 1354 526 1397 Cn.
554 1356 771 1398 Domitius
814 1371 893 1413 pro
932 1371 1018 1398 cos.
1053 1370 1150 1398 cum
1181 1354 1494 1411 Allobrogibus
1531 1371 1735 1412 prospere

187 1427 408 1471 dimicavit
444 1428 563 1483 (Liv.
605 1428 705 1484 cpit.
735 1429 870 1482 LXI)
911 1435 953 1470 et
989 1427 1161 1470 demum
1199 1442 1311 1469 anno
1356 1428 1432 1470 118
1471 1428 1736 1484 triumphum

186 1500 317 1556 egit),
358 1516 412 1543 ne
444 1501 545 1543 hinc
574 1501 748 1556 quidem
782 1501 914 1542 ullam
946 1508 1050 1541 tunc
1078 1499 1344 1556 provinciam
1382 1498 1565 1542 Galliam
1600 1500 1735 1542 fuisse

186 1573 454 1628 colligemus.
500 1573 617 1615 Anni
642 1572 717 1615 120
749 1587 859 1628 quae
893 1571 1140 1614 consulares
1172 1572 1419 1628 provinciae
1446 1572 1619 1622 fuerint,
1650 1585 1735 1613 non

186 1645 383 1696 traditur,
422 1645 498 1687 sed
534 1660 631 1687 cum
661 1644 865 1700 deinceps
897 1644 1007 1686 hanc
1034 1644 1287 1700 plerumque
1314 1644 1570 1686 divisionem
1598 1643 1735 1685 fuisse

186 1717 369 1767 videam,
399 1725 448 1759 ut
477 1732 591 1760 unus
625 1716 848 1759 consulum
882 1723 1097 1758 externam
1126 1716 1403 1773 provinciam,
1434 1715 1540 1758 alter
1567 1715 1735 1758 Italiam

186 1790 412 1846 acciperet,
439 1790 489 1832 P.
510 1789 736 1832 Manilium
766 1788 908 1838 alicui,
938 1787 1062 1830 cuius
1093 1803 1247 1830 nomen
1273 1787 1458 1844 perierit,
1489 1786 1733 1843 provinciae

187 1862 442 1918 praefuisse,
473 1860 524 1904 C.
541 1861 763 1917 Papirium
795 1858 1039 1903 Carbonem
1068 1860 1111 1905 in
1131 1860 1255 1902 Italia
1281 1860 1489 1902 mansisse
1519 1858 1734 1914 suspicor3

186 1935 302 1977 hunc
332 1935 443 1977 enim
462 1942 504 1976 et
531 1934 575 1976 in
600 1934 695 1989 ipso
724 1933 976 1987 magistratu
1006 1947 1177 1974 causam
1203 1946 1279 1987 pro
1297 1932 1348 1974 L.
1369 1931 1542 1987 Opimio
1574 1931 1735 1973 dixisse

187 2005 301 2062 (Cic.
334 2007 387 2048 de
419 2013 520 2048 orat.
545 2006 606 2054 ΙΙ,
636 2005 709 2058 25)
741 2012 783 2046 et
809 2019 919 2046 anno
952 2011 1050 2059 post
1079 2019 1176 2046 cum
1207 2003 1433 2045 consulatu
1461 2003 1733 2052 decessisset,

185 2094 211 2120 a
238 2078 479 2120 L.Licinio
510 2075 670 2119 Crasso
699 2083 948 2118 accusatum
981 2090 1074 2117 esse
1106 2082 1283 2117 constat.
1334 2076 1460 2117 Anno
1483 2072 1623 2118 autem
1658 2076 1734 2117 111)

188 2151 242 2192 L.
266 2148 498 2192 Caecilium
519 2148 745 2190 Metellum
764 2147 1056 2190 Delmaticum
1086 2162 1171 2190 cos.
1190 2147 1486 2197 Macedoniae,
1516 2147 1571 2189 L.
1593 2147 1734 2189 Aure-

186 2223 292 2264 lium
331 2220 523 2270 Cottam,
569 2220 776 2275 collegam
815 2220 931 2268 cius,
971 2219 1117 2262 ltaliae
1156 2220 1389 2275 imperasse
1425 2220 1652 2262 docuimus
1690 2219 1735 2261 in

187 2293 427 2337 Comment.
457 2292 675 2347 epigraph.
705 2291 800 2334 Vol.
829 2292 875 2333 II
906 2307 946 2348 p.
974 2292 1051 2335 116
1080 2291 1350 2346 eundemque
1369 2290 1553 2340 Cottam,
1584 2306 1734 2346 quam-

188 2366 255 2408 vis
284 2365 433 2408 Italiae
473 2371 712 2420 praeesset,
749 2364 794 2404 in
827 2362 969 2406 Gallia
1004 2371 1145 2406 tamen
1182 2361 1340 2405 bellum
1369 2362 1558 2419 gessisse
1587 2362 1736 2405 scribit

190 2440 301 2494 App.
324 2437 443 2492 Illyr.
462 2437 524 2477 10.
566 2433 856 2490 Similiterque
887 2450 998 2477 anno
1033 2436 1110 2478 118
1140 2435 1202 2476 M.
1217 2435 1399 2477 Porcius
1416 2432 1525 2476 Cato
1543 2434 1734 2476 Africam

188 2509 365 2552 sortitus
393 2515 458 2550 est
496 2506 631 2564 (Gell.
658 2507 781 2549 Noct.
817 2509 904 2548 Att.
931 2507 1069 2556 XIII,
1097 2507 1168 2556 19,
1207 2507 1296 2562 10),
1334 2505 1389 2560 Q.
1424 2506 1615 2548 Marcius
1640 2506 1734 2548 Rex

185 2581 309 2623 Italia
338 2587 511 2636 accepta
538 2580 583 2621 in
612 2579 755 2622 Gallia
786 2577 991 2629 Stoenos,
1021 2585 1190 2633 gentem
1218 2578 1446 2634 Alpinam,
1484 2578 1587 2620 vicit
1615 2578 1733 2635 (Liv.

187 2653 288 2710 epit.
319 2653 491 2708 LXII).
543 2652 658 2694 Tum
686 2666 797 2693 anno
824 2654 835 2692 1
854 2652 898 2694 17
933 2657 1114 2706 uterque
1145 2651 1370 2693 consulum
1400 2651 1443 2691 in
1460 2650 1583 2692 Italia
1612 2649 1734 2691 vide-

187 2733 258 2767 tur
297 2724 506 2767 mansisse
518 2740 528 2774 ;
577 2739 676 2764 nam
716 2723 768 2764 L.
803 2722 1035 2765 Caecilium
1076 2722 1301 2764 Metellum
1343 2722 1648 2765 Diadematum
1689 2721 1732 2762 in

186 2796 311 2838 Italia
344 2796 459 2838 viam
502 2795 709 2837 Salariam
753 2795 954 2836 refecisse
995 2795 1120 2836 docet
1165 2795 1431 2851 Borghesius
1474 2794 1517 2836 in
1558 2793 1731 2834 Bullett.

186 2868 292 2911 Inst.
320 2868 436 2911 arch.
463 2867 561 2911 anni
595 2867 700 2910 1833
730 2883 770 2923 p.
804 2867 897 2918 103,
934 2881 1014 2909 nec
1044 2866 1099 2920 Q.
1128 2866 1325 2909 Mucium
1354 2866 1605 2909 Scaevolam
1632 2879 1732 2921 pro-
