<?xml version="1.0" encoding="UTF-8"?>
<!DOCTYPE html PUBLIC "-//W3C//DTD XHTML 1.0 Transitional//EN"
    "http://www.w3.org/TR/xhtml1/DTD/xhtml1-transitional.dtd">
<html xmlns="http://www.w3.org/1999/xhtml" xml:lang="en" lang="en">
 <head>
  <title>
</title>
<meta http-equiv="Content-Type" content="text/html;charset=utf-8" />
  <meta name='ocr-system' content='tesseract 3.04.00' />
  <meta name='ocr-capabilities' content='ocr_page ocr_carea ocr_par ocr_line ocrx_word'/>
</head>
<body>
  <div class='ocr_page' id='page_1' title='image "./studiaromanasive00zump_0276.png"; bbox 0 0 1846 3100; ppageno 0'>
   <div class='ocr_carea' id='block_1_1' title="bbox 178 127 1278 172">
    <p class='ocr_par' dir='ltr' id='par_1_1' title="bbox 178 127 1278 172">
     <span class='ocr_line' id='line_1_1' title="bbox 178 127 1278 172; baseline -0.001 -5"><span class='ocrx_word' id='word_1_1' title='bbox 178 127 259 172; x_wconf 82' lang='lat'>264</span> <span class='ocrx_word' id='word_1_2' title='bbox 619 132 675 164; x_wconf 88' lang='lat' dir='ltr'>De</span> <span class='ocrx_word' id='word_1_3' title='bbox 701 132 872 165; x_wconf 86' lang='lat' dir='ltr'>dictatoris</span> <span class='ocrx_word' id='word_1_4' title='bbox 897 131 1055 166; x_wconf 75' lang='lat' dir='ltr'>Caesaris</span> <span class='ocrx_word' id='word_1_5' title='bbox 1080 132 1278 166; x_wconf 83' lang='lat' dir='ltr'>honoribus.</span> 
     </span>
    </p>
   </div>
   <div class='ocr_carea' id='block_1_2' title="bbox 174 238 1728 2907">
    <p class='ocr_par' dir='ltr' id='par_1_2' title="bbox 174 238 1728 2907">
     <span class='ocr_line' id='line_1_2' title="bbox 179 238 1726 298; baseline 0.003 -17"><span class='ocrx_word' id='word_1_6' title='bbox 179 238 323 281; x_wconf 84' lang='lat' dir='ltr'>Unam</span> <span class='ocrx_word' id='word_1_7' title='bbox 349 239 483 295; x_wconf 88' lang='lat' dir='ltr'>igitur</span> <span class='ocrx_word' id='word_1_8' title='bbox 507 239 760 282; x_wconf 83' lang='lat' dir='ltr'>tribuniciae</span> <span class='ocrx_word' id='word_1_9' title='bbox 785 240 1007 296; x_wconf 88' lang='lat' dir='ltr'>potestatis</span> <span class='ocrx_word' id='word_1_10' title='bbox 1034 246 1195 296; x_wconf 89' lang='lat' dir='ltr'>partem</span> <span class='ocrx_word' id='word_1_11' title='bbox 1217 240 1307 283; x_wconf 88' lang='lat' dir='ltr'>sine</span> <span class='ocrx_word' id='word_1_12' title='bbox 1330 241 1507 298; x_wconf 89' lang='lat' dir='ltr'>reliquis</span> <span class='ocrx_word' id='word_1_13' title='bbox 1525 241 1726 285; x_wconf 81' lang='lat' dir='ltr'>tributam</span> 
     </span>
     <span class='ocr_line' id='line_1_3' title="bbox 179 309 1727 372; baseline 0.004 -19"><span class='ocrx_word' id='word_1_14' title='bbox 179 327 275 354; x_wconf 91' lang='lat' dir='ltr'>esse</span> <span class='ocrx_word' id='word_1_15' title='bbox 317 319 506 368; x_wconf 86' lang='lat' dir='ltr'>apparet.</span> <span class='ocrx_word' id='word_1_16' title='bbox 564 310 653 354; x_wconf 85' lang='lat' dir='ltr'>Sed</span> <span class='ocrx_word' id='word_1_17' title='bbox 692 318 841 369; x_wconf 88' lang='lat' dir='ltr'>postea</span> <span class='ocrx_word' id='word_1_18' title='bbox 870 309 1103 368; x_wconf 90' lang='lat' dir='ltr'>Augustus</span> <span class='ocrx_word' id='word_1_19' title='bbox 1142 312 1329 369; x_wconf 88' lang='lat' dir='ltr'>collegas</span> <span class='ocrx_word' id='word_1_20' title='bbox 1368 314 1620 358; x_wconf 80' lang='lat' dir='ltr'>tribuniciae</span> <span class='ocrx_word' id='word_1_21' title='bbox 1649 330 1727 372; x_wconf 91' lang='lat' dir='ltr'>po-</span> 
     </span>
     <span class='ocr_line' id='line_1_4' title="bbox 179 383 1727 446; baseline 0.005 -21"><span class='ocrx_word' id='word_1_22' title='bbox 179 384 346 426; x_wconf 89' lang='lat' dir='ltr'>testatis</span> <span class='ocrx_word' id='word_1_23' title='bbox 386 383 674 441; x_wconf 77' lang='lat' dir='ltr'>assumpsisse</span> <span class='ocrx_word' id='word_1_24' title='bbox 713 390 924 426; x_wconf 82' lang='lat' dir='ltr'>narratur.</span> <span class='ocrx_word' id='word_1_25' title='bbox 978 384 1151 427; x_wconf 85' lang='lat' dir='ltr'>Etenim</span> <span class='ocrx_word' id='word_1_26' title='bbox 1184 385 1371 442; x_wconf 88' lang='lat' dir='ltr'>primum</span> <span class='ocrx_word' id='word_1_27' title='bbox 1406 387 1468 430; x_wconf 96' lang='lat' dir='ltr'>M.</span> <span class='ocrx_word' id='word_1_28' title='bbox 1506 387 1727 446; x_wconf 83' lang='lat' dir='ltr'>Agrippae</span> 
     </span>
     <span class='ocr_line' id='line_1_5' title="bbox 179 454 1724 516; baseline 0.003 -18"><span class='ocrx_word' id='word_1_29' title='bbox 179 471 291 499; x_wconf 91' lang='lat' dir='ltr'>anno</span> <span class='ocrx_word' id='word_1_30' title='bbox 323 457 372 500; x_wconf 84' lang='grc'>19</span> <span class='ocrx_word' id='word_1_31' title='bbox 404 472 441 498; x_wconf 87' lang='lat' dir='ltr'>a.</span> <span class='ocrx_word' id='word_1_32' title='bbox 475 454 577 499; x_wconf 86' lang='lat' dir='ltr'>Chr.</span> <span class='ocrx_word' id='word_1_33' title='bbox 611 456 718 498; x_wconf 83' lang='grc' dir='ltr'>ἄλλα</span> <span class='ocrx_word' id='word_1_34' title='bbox 745 472 788 498; x_wconf 88' lang='grc' dir='ltr'>τε</span> <span class='ocrx_word' id='word_1_35' title='bbox 816 457 855 503; x_wconf 74' lang='grc' dir='ltr'>ἐξ</span> <span class='ocrx_word' id='word_1_36' title='bbox 887 457 975 498; x_wconf 83' lang='grc' dir='ltr'>ἰ’σου</span> <span class='ocrx_word' id='word_1_37' title='bbox 1006 475 1060 513; x_wconf 83' lang='grc' dir='ltr'>πη</span> <span class='ocrx_word' id='word_1_38' title='bbox 1095 459 1230 514; x_wconf 78' lang='grc' dir='ltr'>ἑαυτῷ</span> <span class='ocrx_word' id='word_1_39' title='bbox 1259 460 1325 500; x_wconf 78' lang='grc' dir='ltr'>καὶ</span> <span class='ocrx_word' id='word_1_40' title='bbox 1349 460 1418 514; x_wconf 86' lang='grc' dir='ltr'>τὴν</span> <span class='ocrx_word' id='word_1_41' title='bbox 1444 460 1627 506; x_wconf 75' lang='grc' dir='ltr'>ἐξουσίαν</span> <span class='ocrx_word' id='word_1_42' title='bbox 1655 463 1724 516; x_wconf 81' lang='grc' dir='ltr'>τὴν</span> 
     </span>
     <span class='ocr_line' id='line_1_6' title="bbox 179 529 1724 586; baseline 0.005 -17"><span class='ocrx_word' id='word_1_43' title='bbox 179 530 432 585; x_wconf 80' lang='grc' dir='ltr'>δημαρχικὴν</span> <span class='ocrx_word' id='word_1_44' title='bbox 463 529 503 574; x_wconf 88' lang='grc' dir='ltr'>ἐς</span> <span class='ocrx_word' id='word_1_45' title='bbox 532 530 598 570; x_wconf 83' lang='grc' dir='ltr'>τὸν</span> <span class='ocrx_word' id='word_1_46' title='bbox 633 529 752 571; x_wconf 76' lang='grc' dir='ltr'>αὐτὸν</span> <span class='ocrx_word' id='word_1_47' title='bbox 784 529 930 586; x_wconf 77' lang='grc' dir='ltr'>χρόνον</span> <span class='ocrx_word' id='word_1_48' title='bbox 963 529 1108 580; x_wconf 83' lang='grc' dir='ltr'><strong>ἔδωκε,</strong></span> <span class='ocrx_word' id='word_1_49' title='bbox 1140 537 1189 572; x_wconf 88' lang='grc'>111</span> <span class='ocrx_word' id='word_1_50' title='bbox 1216 530 1303 572; x_wconf 91' lang='lat' dir='ltr'>Dio</span> <span class='ocrx_word' id='word_1_51' title='bbox 1333 530 1452 583; x_wconf 90' lang='lat' dir='ltr'><strong>LIV,</strong></span> <span class='ocrx_word' id='word_1_52' title='bbox 1478 533 1526 575; x_wconf 79' lang='lat'>12</span> <span class='ocrx_word' id='word_1_53' title='bbox 1561 532 1724 584; x_wconf 85' lang='lat' dir='ltr'>scribit,</span> 
     </span>
     <span class='ocr_line' id='line_1_7' title="bbox 180 599 1728 661; baseline 0.003 -17"><span class='ocrx_word' id='word_1_54' title='bbox 180 616 359 658; x_wconf 85' lang='lat' dir='ltr'>eamque</span> <span class='ocrx_word' id='word_1_55' title='bbox 391 599 665 644; x_wconf 84' lang='lat' dir='ltr'>tribuniciam</span> <span class='ocrx_word' id='word_1_56' title='bbox 693 608 947 658; x_wconf 88' lang='lat' dir='ltr'>potestatem</span> <span class='ocrx_word' id='word_1_57' title='bbox 976 617 1087 645; x_wconf 86' lang='lat' dir='ltr'>anno</span> <span class='ocrx_word' id='word_1_58' title='bbox 1112 603 1160 646; x_wconf 81' lang='lat'>13</span> <span class='ocrx_word' id='word_1_59' title='bbox 1187 602 1230 644; x_wconf 92' lang='lat' dir='ltr'>in</span> <span class='ocrx_word' id='word_1_60' title='bbox 1253 603 1368 645; x_wconf 85' lang='lat' dir='ltr'>aliud</span> <span class='ocrx_word' id='word_1_61' title='bbox 1386 604 1728 661; x_wconf 87' lang='lat' dir='ltr'>quinquennium</span> 
     </span>
     <span class='ocr_line' id='line_1_8' title="bbox 177 673 1725 735; baseline 0.003 -19"><span class='ocrx_word' id='word_1_62' title='bbox 177 673 442 731; x_wconf 86' lang='lat' dir='ltr'>prorogavit.</span> <span class='ocrx_word' id='word_1_63' title='bbox 469 673 582 716; x_wconf 90' lang='lat' dir='ltr'>Tum</span> <span class='ocrx_word' id='word_1_64' title='bbox 598 673 774 717; x_wconf 90' lang='lat' dir='ltr'>Tiberio</span> <span class='ocrx_word' id='word_1_65' title='bbox 797 675 995 732; x_wconf 88' lang='lat' dir='ltr'>privigno</span> <span class='ocrx_word' id='word_1_66' title='bbox 1013 690 1123 717; x_wconf 91' lang='lat' dir='ltr'>anno</span> <span class='ocrx_word' id='word_1_67' title='bbox 1142 675 1167 718; x_wconf 90' lang='grc'>6</span> <span class='ocrx_word' id='word_1_68' title='bbox 1188 690 1224 717; x_wconf 87' lang='lat' dir='ltr'>a.</span> <span class='ocrx_word' id='word_1_69' title='bbox 1239 673 1342 718; x_wconf 89' lang='lat' dir='ltr'>Chr.</span> <span class='ocrx_word' id='word_1_70' title='bbox 1359 677 1632 721; x_wconf 82' lang='lat' dir='ltr'>tribuniciam</span> <span class='ocrx_word' id='word_1_71' title='bbox 1647 693 1725 735; x_wconf 92' lang='lat' dir='ltr'>po-</span> 
     </span>
     <span class='ocr_line' id='line_1_9' title="bbox 175 746 1725 805; baseline 0.003 -17"><span class='ocrx_word' id='word_1_72' title='bbox 175 753 372 789; x_wconf 86' lang='lat' dir='ltr'>testatem</span> <span class='ocrx_word' id='word_1_73' title='bbox 397 746 442 787; x_wconf 91' lang='lat' dir='ltr'>in</span> <span class='ocrx_word' id='word_1_74' title='bbox 464 746 806 802; x_wconf 87' lang='lat' dir='ltr'>quinquennium</span> <span class='ocrx_word' id='word_1_75' title='bbox 827 748 1038 790; x_wconf 87' lang='lat' dir='ltr'>concessit</span> <span class='ocrx_word' id='word_1_76' title='bbox 1055 747 1163 802; x_wconf 90' lang='lat' dir='ltr'>(Dio</span> <span class='ocrx_word' id='word_1_77' title='bbox 1179 747 1276 798; x_wconf 92' lang='lat' dir='ltr'>LV,</span> <span class='ocrx_word' id='word_1_78' title='bbox 1297 748 1344 799; x_wconf 83' lang='lat'>93</span> <span class='ocrx_word' id='word_1_79' title='bbox 1370 747 1490 791; x_wconf 89' lang='lat' dir='ltr'>Suet.</span> <span class='ocrx_word' id='word_1_80' title='bbox 1507 749 1603 793; x_wconf 89' lang='lat' dir='ltr'>Tib.</span> <span class='ocrx_word' id='word_1_81' title='bbox 1617 765 1652 793; x_wconf 88' lang='lat' dir='ltr'>c.</span> <span class='ocrx_word' id='word_1_82' title='bbox 1665 751 1725 805; x_wconf 85' lang='lat'>9),</span> 
     </span>
     <span class='ocr_line' id='line_1_10' title="bbox 179 808 1725 879; baseline 0.004 -19"><span class='ocrx_word' id='word_1_83' title='bbox 179 808 451 874; x_wconf 81' lang='lat' dir='ltr'>eundemque</span> <span class='ocrx_word' id='word_1_84' title='bbox 478 833 590 861; x_wconf 86' lang='lat' dir='ltr'>anno</span> <span class='ocrx_word' id='word_1_85' title='bbox 613 819 637 861; x_wconf 82' lang='lat'>4</span> <span class='ocrx_word' id='word_1_86' title='bbox 663 836 704 876; x_wconf 90' lang='lat' dir='ltr'>p.</span> <span class='ocrx_word' id='word_1_87' title='bbox 722 817 825 862; x_wconf 85' lang='lat' dir='ltr'>Chr.</span> <span class='ocrx_word' id='word_1_88' title='bbox 846 820 995 862; x_wconf 89' lang='lat' dir='ltr'>eadem</span> <span class='ocrx_word' id='word_1_89' title='bbox 1018 828 1224 877; x_wconf 86' lang='lat' dir='ltr'>potestate</span> <span class='ocrx_word' id='word_1_90' title='bbox 1241 820 1285 862; x_wconf 90' lang='lat' dir='ltr'>in</span> <span class='ocrx_word' id='word_1_91' title='bbox 1302 821 1450 863; x_wconf 89' lang='lat' dir='ltr'>decem</span> <span class='ocrx_word' id='word_1_92' title='bbox 1469 837 1603 865; x_wconf 88' lang='lat' dir='ltr'>annos</span> <span class='ocrx_word' id='word_1_93' title='bbox 1619 823 1725 879; x_wconf 92' lang='lat' dir='ltr'>(Dio</span> 
     </span>
     <span class='ocr_line' id='line_1_11' title="bbox 177 890 1724 948; baseline 0.003 -14"><span class='ocrx_word' id='word_1_94' title='bbox 177 891 275 941; x_wconf 90' lang='lat' dir='ltr'>LV,</span> <span class='ocrx_word' id='word_1_95' title='bbox 294 890 378 946; x_wconf 81' lang='lat'>13),</span> <span class='ocrx_word' id='word_1_96' title='bbox 403 906 514 933; x_wconf 89' lang='lat' dir='ltr'>anno</span> <span class='ocrx_word' id='word_1_97' title='bbox 533 892 581 934; x_wconf 83' lang='grc'>13</span> <span class='ocrx_word' id='word_1_98' title='bbox 607 892 650 934; x_wconf 89' lang='grc'>111</span> <span class='ocrx_word' id='word_1_99' title='bbox 675 893 830 935; x_wconf 89' lang='lat' dir='ltr'>alteros</span> <span class='ocrx_word' id='word_1_100' title='bbox 856 892 1001 935; x_wconf 88' lang='lat' dir='ltr'>decem</span> <span class='ocrx_word' id='word_1_101' title='bbox 1026 907 1160 935; x_wconf 90' lang='lat' dir='ltr'>annos</span> <span class='ocrx_word' id='word_1_102' title='bbox 1187 892 1354 935; x_wconf 83' lang='lat' dir='ltr'>ornavit</span> <span class='ocrx_word' id='word_1_103' title='bbox 1378 894 1487 948; x_wconf 89' lang='lat' dir='ltr'>(Dio</span> <span class='ocrx_word' id='word_1_104' title='bbox 1511 894 1630 945; x_wconf 88' lang='lat' dir='ltr'>LVI,</span> <span class='ocrx_word' id='word_1_105' title='bbox 1646 895 1699 938; x_wconf 81' lang='lat'>‘28</span> <span class='ocrx_word' id='word_1_106' title='bbox 1713 911 1724 946; x_wconf 93' lang='lat'>;</span> 
     </span>
     <span class='ocr_line' id='line_1_12' title="bbox 179 962 1724 1023; baseline 0.003 -17"><span class='ocrx_word' id='word_1_107' title='bbox 179 962 300 1006; x_wconf 89' lang='lat' dir='ltr'>Suet.</span> <span class='ocrx_word' id='word_1_108' title='bbox 318 962 416 1005; x_wconf 89' lang='lat' dir='ltr'>Tib.</span> <span class='ocrx_word' id='word_1_109' title='bbox 437 978 472 1006; x_wconf 91' lang='lat' dir='ltr'>c.</span> <span class='ocrx_word' id='word_1_110' title='bbox 496 964 580 1020; x_wconf 84' lang='lat'>16).</span> <span class='ocrx_word' id='word_1_111' title='bbox 625 964 747 1007; x_wconf 89' lang='lat' dir='ltr'>Haec</span> <span class='ocrx_word' id='word_1_112' title='bbox 776 965 911 1022; x_wconf 85' lang='lat' dir='ltr'>igitur</span> <span class='ocrx_word' id='word_1_113' title='bbox 934 980 1043 1021; x_wconf 89' lang='lat' dir='ltr'>quae</span> <span class='ocrx_word' id='word_1_114' title='bbox 1068 964 1301 1008; x_wconf 86' lang='lat' dir='ltr'>heredibus</span> <span class='ocrx_word' id='word_1_115' title='bbox 1331 966 1497 1023; x_wconf 88' lang='lat' dir='ltr'>imperii</span> <span class='ocrx_word' id='word_1_116' title='bbox 1529 966 1724 1018; x_wconf 87' lang='lat' dir='ltr'>dabatur,</span> 
     </span>
     <span class='ocr_line' id='line_1_13' title="bbox 176 1035 1726 1096; baseline 0.003 -19"><span class='ocrx_word' id='word_1_117' title='bbox 176 1035 407 1078; x_wconf 88' lang='lat' dir='ltr'>tribunicia</span> <span class='ocrx_word' id='word_1_118' title='bbox 420 1043 604 1093; x_wconf 87' lang='lat' dir='ltr'>potestas</span> <span class='ocrx_word' id='word_1_119' title='bbox 623 1037 855 1093; x_wconf 89' lang='lat' dir='ltr'>quaeritur,</span> <span class='ocrx_word' id='word_1_120' title='bbox 874 1053 979 1080; x_wconf 90' lang='lat' dir='ltr'>num</span> <span class='ocrx_word' id='word_1_121' title='bbox 1000 1037 1149 1080; x_wconf 91' lang='lat' dir='ltr'>eadem</span> <span class='ocrx_word' id='word_1_122' title='bbox 1166 1038 1309 1088; x_wconf 85' lang='lat' dir='ltr'>fuerit,</span> <span class='ocrx_word' id='word_1_123' title='bbox 1330 1053 1455 1094; x_wconf 86' lang='lat' dir='ltr'>quam</span> <span class='ocrx_word' id='word_1_124' title='bbox 1476 1038 1568 1095; x_wconf 90' lang='lat' dir='ltr'>ipse</span> <span class='ocrx_word' id='word_1_125' title='bbox 1591 1039 1726 1096; x_wconf 88' lang='lat' dir='ltr'>impe—</span> 
     </span>
     <span class='ocr_line' id='line_1_14' title="bbox 174 1107 1725 1166; baseline 0.003 -16"><span class='ocrx_word' id='word_1_126' title='bbox 174 1116 290 1150; x_wconf 88' lang='lat' dir='ltr'>rator</span> <span class='ocrx_word' id='word_1_127' title='bbox 306 1107 502 1151; x_wconf 85' lang='lat' dir='ltr'>habebat.</span> <span class='ocrx_word' id='word_1_128' title='bbox 524 1108 660 1151; x_wconf 90' lang='lat' dir='ltr'>Nobis</span> <span class='ocrx_word' id='word_1_129' title='bbox 674 1125 759 1152; x_wconf 93' lang='lat' dir='ltr'>non</span> <span class='ocrx_word' id='word_1_130' title='bbox 774 1110 960 1161; x_wconf 85' lang='lat' dir='ltr'>videtur,</span> <span class='ocrx_word' id='word_1_131' title='bbox 977 1125 1061 1152; x_wconf 94' lang='lat' dir='ltr'>non</span> <span class='ocrx_word' id='word_1_132' title='bbox 1079 1110 1195 1166; x_wconf 90' lang='lat' dir='ltr'>quod</span> <span class='ocrx_word' id='word_1_133' title='bbox 1209 1126 1396 1166; x_wconf 91' lang='lat' dir='ltr'>unquam</span> <span class='ocrx_word' id='word_1_134' title='bbox 1413 1111 1618 1154; x_wconf 86' lang='lat' dir='ltr'>minorem</span> <span class='ocrx_word' id='word_1_135' title='bbox 1633 1127 1725 1154; x_wconf 85' lang='lat' dir='ltr'>eam</span> 
     </span>
     <span class='ocr_line' id='line_1_15' title="bbox 177 1181 1726 1239; baseline 0.003 -16"><span class='ocrx_word' id='word_1_136' title='bbox 177 1182 382 1238; x_wconf 89' lang='lat' dir='ltr'>appellari</span> <span class='ocrx_word' id='word_1_137' title='bbox 411 1181 649 1233; x_wconf 88' lang='lat' dir='ltr'>videamus,</span> <span class='ocrx_word' id='word_1_138' title='bbox 684 1182 759 1225; x_wconf 91' lang='lat' dir='ltr'>sed</span> <span class='ocrx_word' id='word_1_139' title='bbox 796 1183 913 1239; x_wconf 90' lang='lat' dir='ltr'>quod</span> <span class='ocrx_word' id='word_1_140' title='bbox 946 1184 1128 1226; x_wconf 88' lang='lat' dir='ltr'>maxime</span> <span class='ocrx_word' id='word_1_141' title='bbox 1158 1184 1227 1225; x_wconf 91' lang='lat' dir='ltr'>ius</span> <span class='ocrx_word' id='word_1_142' title='bbox 1255 1198 1416 1239; x_wconf 90' lang='lat' dir='ltr'>poenae</span> <span class='ocrx_word' id='word_1_143' title='bbox 1448 1183 1726 1227; x_wconf 85' lang='lat' dir='ltr'>remittendae</span> 
     </span>
     <span class='ocr_line' id='line_1_16' title="bbox 176 1254 1726 1312; baseline 0.002 -16"><span class='ocrx_word' id='word_1_144' title='bbox 176 1254 485 1310; x_wconf 88' lang='lat' dir='ltr'>iudicandique</span> <span class='ocrx_word' id='word_1_145' title='bbox 525 1254 579 1296; x_wconf 92' lang='lat' dir='ltr'>de</span> <span class='ocrx_word' id='word_1_146' title='bbox 619 1254 973 1311; x_wconf 84' lang='lat' dir='ltr'>appellationibus</span> <span class='ocrx_word' id='word_1_147' title='bbox 1011 1271 1063 1299; x_wconf 91' lang='lat' dir='ltr'>ex</span> <span class='ocrx_word' id='word_1_148' title='bbox 1102 1271 1152 1299; x_wconf 92' lang='lat' dir='ltr'>eo</span> <span class='ocrx_word' id='word_1_149' title='bbox 1194 1270 1351 1312; x_wconf 88' lang='lat' dir='ltr'>genere</span> <span class='ocrx_word' id='word_1_150' title='bbox 1383 1270 1478 1298; x_wconf 89' lang='lat' dir='ltr'>esse</span> <span class='ocrx_word' id='word_1_151' title='bbox 1509 1256 1726 1299; x_wconf 89' lang='lat' dir='ltr'>existima-</span> 
     </span>
     <span class='ocr_line' id='line_1_17' title="bbox 176 1327 1725 1384; baseline 0.001 -15"><span class='ocrx_word' id='word_1_152' title='bbox 176 1342 287 1379; x_wconf 88' lang='lat' dir='ltr'>mus,</span> <span class='ocrx_word' id='word_1_153' title='bbox 316 1327 434 1383; x_wconf 89' lang='lat' dir='ltr'>quod</span> <span class='ocrx_word' id='word_1_154' title='bbox 464 1342 578 1370; x_wconf 90' lang='lat' dir='ltr'>unus</span> <span class='ocrx_word' id='word_1_155' title='bbox 607 1334 770 1370; x_wconf 84' lang='lat' dir='ltr'>tantum</span> <span class='ocrx_word' id='word_1_156' title='bbox 800 1335 943 1370; x_wconf 89' lang='lat' dir='ltr'>tenere</span> <span class='ocrx_word' id='word_1_157' title='bbox 973 1328 1120 1384; x_wconf 75' lang='lat' dir='ltr'>possit.</span> <span class='ocrx_word' id='word_1_158' title='bbox 1173 1327 1282 1370; x_wconf 89' lang='lat' dir='ltr'>Nam</span> <span class='ocrx_word' id='word_1_159' title='bbox 1312 1343 1411 1371; x_wconf 91' lang='lat' dir='ltr'>cum</span> <span class='ocrx_word' id='word_1_160' title='bbox 1438 1328 1544 1371; x_wconf 89' lang='lat' dir='ltr'>alter</span> <span class='ocrx_word' id='word_1_161' title='bbox 1575 1329 1725 1371; x_wconf 92' lang='lat' dir='ltr'>eodem</span> 
     </span>
     <span class='ocr_line' id='line_1_18' title="bbox 175 1399 1726 1456; baseline 0.001 -14"><span class='ocrx_word' id='word_1_162' title='bbox 175 1399 269 1442; x_wconf 92' lang='lat' dir='ltr'>iure</span> <span class='ocrx_word' id='word_1_163' title='bbox 308 1406 495 1450; x_wconf 86' lang='lat' dir='ltr'>ornatur,</span> <span class='ocrx_word' id='word_1_164' title='bbox 536 1415 649 1442; x_wconf 90' lang='lat' dir='ltr'>nova</span> <span class='ocrx_word' id='word_1_165' title='bbox 686 1400 878 1442; x_wconf 86' lang='lat' dir='ltr'>nascitur</span> <span class='ocrx_word' id='word_1_166' title='bbox 913 1401 1159 1456; x_wconf 87' lang='lat' dir='ltr'>provocatio</span> <span class='ocrx_word' id='word_1_167' title='bbox 1197 1415 1417 1455; x_wconf 90' lang='lat' dir='ltr'>unumque</span> <span class='ocrx_word' id='word_1_168' title='bbox 1449 1400 1598 1456; x_wconf 91' lang='lat' dir='ltr'>utique</span> <span class='ocrx_word' id='word_1_169' title='bbox 1630 1416 1726 1443; x_wconf 88' lang='lat' dir='ltr'>esse</span> 
     </span>
     <span class='ocr_line' id='line_1_19' title="bbox 176 1472 1725 1529; baseline 0 -14"><span class='ocrx_word' id='word_1_170' title='bbox 176 1479 344 1529; x_wconf 86' lang='lat' dir='ltr'>oportet</span> <span class='ocrx_word' id='word_1_171' title='bbox 372 1472 621 1529; x_wconf 89' lang='lat' dir='ltr'>principem,</span> <span class='ocrx_word' id='word_1_172' title='bbox 649 1472 695 1514; x_wconf 90' lang='lat' dir='ltr'>in</span> <span class='ocrx_word' id='word_1_173' title='bbox 724 1473 848 1515; x_wconf 91' lang='lat' dir='ltr'>cuius</span> <span class='ocrx_word' id='word_1_174' title='bbox 879 1473 1039 1515; x_wconf 90' lang='lat' dir='ltr'>iudicio</span> <span class='ocrx_word' id='word_1_175' title='bbox 1069 1473 1380 1528; x_wconf 84' lang='lat' dir='ltr'>acquiescatur.</span> <span class='ocrx_word' id='word_1_176' title='bbox 1434 1472 1585 1529; x_wconf 89' lang='lat' dir='ltr'>Neque</span> <span class='ocrx_word' id='word_1_177' title='bbox 1616 1488 1725 1529; x_wconf 88' lang='lat' dir='ltr'>opus</span> 
     </span>
     <span class='ocr_line' id='line_1_20' title="bbox 177 1544 1726 1601; baseline -0.001 -14"><span class='ocrx_word' id='word_1_178' title='bbox 177 1552 242 1587; x_wconf 91' lang='lat' dir='ltr'>est</span> <span class='ocrx_word' id='word_1_179' title='bbox 283 1551 450 1587; x_wconf 90' lang='lat' dir='ltr'>tantum</span> <span class='ocrx_word' id='word_1_180' title='bbox 487 1544 636 1587; x_wconf 90' lang='lat' dir='ltr'>heredi</span> <span class='ocrx_word' id='word_1_181' title='bbox 676 1545 827 1596; x_wconf 89' lang='lat' dir='ltr'>tribui,</span> <span class='ocrx_word' id='word_1_182' title='bbox 868 1545 937 1588; x_wconf 91' lang='lat' dir='ltr'>cui</span> <span class='ocrx_word' id='word_1_183' title='bbox 974 1544 1050 1587; x_wconf 90' lang='lat' dir='ltr'>ubi</span> <span class='ocrx_word' id='word_1_184' title='bbox 1078 1545 1208 1588; x_wconf 88' lang='lat' dir='ltr'>fidem</span> <span class='ocrx_word' id='word_1_185' title='bbox 1244 1546 1373 1589; x_wconf 88' lang='lat' dir='ltr'>habet</span> <span class='ocrx_word' id='word_1_186' title='bbox 1409 1545 1653 1601; x_wconf 87' lang='lat' dir='ltr'>imperator,</span> <span class='ocrx_word' id='word_1_187' title='bbox 1684 1551 1726 1587; x_wconf 89' lang='lat' dir='ltr'>et</span> 
     </span>
     <span class='ocr_line' id='line_1_21' title="bbox 177 1617 1727 1675; baseline 0 -16"><span class='ocrx_word' id='word_1_188' title='bbox 177 1618 484 1675; x_wconf 86' lang='lat' dir='ltr'>appellationes</span> <span class='ocrx_word' id='word_1_189' title='bbox 514 1633 599 1660; x_wconf 91' lang='lat' dir='ltr'>non</span> <span class='ocrx_word' id='word_1_190' title='bbox 639 1618 780 1661; x_wconf 90' lang='lat' dir='ltr'>minus</span> <span class='ocrx_word' id='word_1_191' title='bbox 810 1633 938 1674; x_wconf 89' lang='lat' dir='ltr'>quam</span> <span class='ocrx_word' id='word_1_192' title='bbox 967 1619 1182 1674; x_wconf 83' lang='lat' dir='ltr'>praefecto</span> <span class='ocrx_word' id='word_1_193' title='bbox 1211 1618 1310 1661; x_wconf 88' lang='lat' dir='ltr'>urbi</span> <span class='ocrx_word' id='word_1_194' title='bbox 1348 1617 1547 1674; x_wconf 88' lang='lat' dir='ltr'>delegare</span> <span class='ocrx_word' id='word_1_195' title='bbox 1585 1624 1727 1674; x_wconf 92' lang='lat' dir='ltr'>potest</span> 
     </span>
     <span class='ocr_line' id='line_1_22' title="bbox 177 1689 1727 1743; baseline -0.001 -10"><span class='ocrx_word' id='word_1_196' title='bbox 177 1698 219 1733; x_wconf 91' lang='lat' dir='ltr'>et</span> <span class='ocrx_word' id='word_1_197' title='bbox 246 1691 459 1734; x_wconf 89' lang='lat' dir='ltr'>orationes</span> <span class='ocrx_word' id='word_1_198' title='bbox 494 1706 594 1733; x_wconf 89' lang='lat' dir='ltr'>suas</span> <span class='ocrx_word' id='word_1_199' title='bbox 623 1691 666 1733; x_wconf 91' lang='lat' dir='ltr'>in</span> <span class='ocrx_word' id='word_1_200' title='bbox 699 1698 850 1734; x_wconf 90' lang='lat' dir='ltr'>senatu</span> <span class='ocrx_word' id='word_1_201' title='bbox 880 1690 1121 1734; x_wconf 88' lang='lat' dir='ltr'>recitandas</span> <span class='ocrx_word' id='word_1_202' title='bbox 1151 1691 1332 1733; x_wconf 86' lang='lat' dir='ltr'>tradere.</span> <span class='ocrx_word' id='word_1_203' title='bbox 1386 1689 1512 1743; x_wconf 78' lang='lat' dir='ltr'>Quae</span> <span class='ocrx_word' id='word_1_204' title='bbox 1541 1705 1639 1732; x_wconf 91' lang='lat' dir='ltr'>cum</span> <span class='ocrx_word' id='word_1_205' title='bbox 1666 1689 1727 1732; x_wconf 86' lang='lat' dir='ltr'>ita</span> 
     </span>
     <span class='ocr_line' id='line_1_23' title="bbox 180 1760 1725 1820; baseline -0.001 -15"><span class='ocrx_word' id='word_1_206' title='bbox 180 1763 278 1815; x_wconf 88' lang='lat' dir='ltr'>sint,</span> <span class='ocrx_word' id='word_1_207' title='bbox 316 1778 400 1806; x_wconf 94' lang='lat' dir='ltr'>non</span> <span class='ocrx_word' id='word_1_208' title='bbox 431 1763 663 1814; x_wconf 86' lang='lat' dir='ltr'>Romanae,</span> <span class='ocrx_word' id='word_1_209' title='bbox 696 1763 771 1807; x_wconf 90' lang='lat' dir='ltr'>sed</span> <span class='ocrx_word' id='word_1_210' title='bbox 809 1764 946 1805; x_wconf 90' lang='lat' dir='ltr'>omnis</span> <span class='ocrx_word' id='word_1_211' title='bbox 978 1763 1151 1806; x_wconf 90' lang='lat' dir='ltr'>omnino</span> <span class='ocrx_word' id='word_1_212' title='bbox 1188 1763 1448 1820; x_wconf 89' lang='lat' dir='ltr'>reipublicae</span> <span class='ocrx_word' id='word_1_213' title='bbox 1480 1762 1640 1805; x_wconf 85' lang='lat' dir='ltr'>ratione</span> <span class='ocrx_word' id='word_1_214' title='bbox 1669 1760 1725 1804; x_wconf 86' lang='lat' dir='ltr'>ad</span> 
     </span>
     <span class='ocr_line' id='line_1_24' title="bbox 177 1834 1725 1891; baseline -0.001 -13"><span class='ocrx_word' id='word_1_215' title='bbox 177 1836 232 1878; x_wconf 89' lang='lat' dir='ltr'>ad</span> <span class='ocrx_word' id='word_1_216' title='bbox 271 1851 364 1878; x_wconf 90' lang='lat' dir='ltr'>eam</span> <span class='ocrx_word' id='word_1_217' title='bbox 404 1835 695 1880; x_wconf 88' lang='lat' dir='ltr'>coniecturam</span> <span class='ocrx_word' id='word_1_218' title='bbox 732 1836 1010 1886; x_wconf 86' lang='lat' dir='ltr'>deducimur,</span> <span class='ocrx_word' id='word_1_219' title='bbox 1054 1844 1104 1877; x_wconf 93' lang='lat' dir='ltr'>ut</span> <span class='ocrx_word' id='word_1_220' title='bbox 1138 1835 1279 1877; x_wconf 90' lang='lat' dir='ltr'>minus</span> <span class='ocrx_word' id='word_1_221' title='bbox 1317 1835 1384 1878; x_wconf 89' lang='lat' dir='ltr'>ius</span> <span class='ocrx_word' id='word_1_222' title='bbox 1423 1834 1644 1891; x_wconf 85' lang='lat' dir='ltr'>Agrippae</span> <span class='ocrx_word' id='word_1_223' title='bbox 1685 1843 1725 1876; x_wconf 88' lang='lat' dir='ltr'>et</span> 
     </span>
     <span class='ocr_line' id='line_1_25' title="bbox 177 1907 1726 1965; baseline -0.001 -15"><span class='ocrx_word' id='word_1_224' title='bbox 177 1907 352 1951; x_wconf 89' lang='lat' dir='ltr'>Tiberio</span> <span class='ocrx_word' id='word_1_225' title='bbox 380 1914 421 1950; x_wconf 91' lang='lat' dir='ltr'>et</span> <span class='ocrx_word' id='word_1_226' title='bbox 446 1908 540 1951; x_wconf 89' lang='lat' dir='ltr'>aliis</span> <span class='ocrx_word' id='word_1_227' title='bbox 571 1908 740 1965; x_wconf 89' lang='lat' dir='ltr'>imperii</span> <span class='ocrx_word' id='word_1_228' title='bbox 772 1909 1004 1952; x_wconf 75' lang='lat' dir='ltr'>heredibus</span> <span class='ocrx_word' id='word_1_229' title='bbox 1031 1907 1176 1949; x_wconf 89' lang='lat' dir='ltr'>datum</span> <span class='ocrx_word' id='word_1_230' title='bbox 1206 1922 1301 1950; x_wconf 90' lang='lat' dir='ltr'>esse</span> <span class='ocrx_word' id='word_1_231' title='bbox 1329 1922 1579 1950; x_wconf 85' lang='lat' dir='ltr'>censeamus</span> <span class='ocrx_word' id='word_1_232' title='bbox 1597 1921 1726 1963; x_wconf 89' lang='lat' dir='ltr'>quam</span> 
     </span>
     <span class='ocr_line' id='line_1_26' title="bbox 177 1979 1724 2038; baseline -0.001 -16"><span class='ocrx_word' id='word_1_233' title='bbox 177 1981 412 2037; x_wconf 84' lang='lat' dir='ltr'>Augustus</span> <span class='ocrx_word' id='word_1_234' title='bbox 439 1980 801 2037; x_wconf 89' lang='lat' dir='ltr'>imperatoresque</span> <span class='ocrx_word' id='word_1_235' title='bbox 832 1981 915 2038; x_wconf 90' lang='lat' dir='ltr'>ipsi</span> <span class='ocrx_word' id='word_1_236' title='bbox 932 1980 1159 2023; x_wconf 84' lang='lat' dir='ltr'>habebant.</span> <span class='ocrx_word' id='word_1_237' title='bbox 1204 1979 1389 2029; x_wconf 86' lang='lat' dir='ltr'>Etenim,</span> <span class='ocrx_word' id='word_1_238' title='bbox 1420 1979 1455 2021; x_wconf 91' lang='lat' dir='ltr'>si</span> <span class='ocrx_word' id='word_1_239' title='bbox 1482 1979 1536 2022; x_wconf 89' lang='lat' dir='ltr'>ab</span> <span class='ocrx_word' id='word_1_240' title='bbox 1554 1979 1724 2022; x_wconf 81' lang='lat' dir='ltr'>duabus</span> 
     </span>
     <span class='ocr_line' id='line_1_27' title="bbox 177 2051 1724 2108; baseline -0.002 -12"><span class='ocrx_word' id='word_1_241' title='bbox 177 2052 323 2103; x_wconf 89' lang='lat' dir='ltr'>rebus,</span> <span class='ocrx_word' id='word_1_242' title='bbox 351 2068 459 2108; x_wconf 90' lang='lat' dir='ltr'>quas</span> <span class='ocrx_word' id='word_1_243' title='bbox 490 2052 694 2104; x_wconf 87' lang='lat' dir='ltr'>diximus,</span> <span class='ocrx_word' id='word_1_244' title='bbox 726 2053 1014 2102; x_wconf 89' lang='lat' dir='ltr'>discedamus,</span> <span class='ocrx_word' id='word_1_245' title='bbox 1046 2051 1302 2107; x_wconf 86' lang='lat' dir='ltr'>relinquitur</span> <span class='ocrx_word' id='word_1_246' title='bbox 1323 2057 1411 2093; x_wconf 85' lang='lat' dir='ltr'>tota</span> <span class='ocrx_word' id='word_1_247' title='bbox 1430 2051 1504 2093; x_wconf 87' lang='lat' dir='ltr'>illa</span> <span class='ocrx_word' id='word_1_248' title='bbox 1523 2057 1724 2107; x_wconf 87' lang='lat' dir='ltr'>potestas,</span> 
     </span>
     <span class='ocr_line' id='line_1_28' title="bbox 180 2122 1724 2182; baseline -0.002 -14"><span class='ocrx_word' id='word_1_249' title='bbox 180 2141 309 2182; x_wconf 90' lang='lat' dir='ltr'>quam</span> <span class='ocrx_word' id='word_1_250' title='bbox 332 2125 515 2168; x_wconf 87' lang='lat' dir='ltr'>dictator</span> <span class='ocrx_word' id='word_1_251' title='bbox 532 2122 693 2167; x_wconf 87' lang='lat' dir='ltr'>Caesar</span> <span class='ocrx_word' id='word_1_252' title='bbox 709 2126 872 2177; x_wconf 84' lang='lat' dir='ltr'>habuit,</span> <span class='ocrx_word' id='word_1_253' title='bbox 894 2132 943 2167; x_wconf 90' lang='lat' dir='ltr'>ut</span> <span class='ocrx_word' id='word_1_254' title='bbox 964 2123 1130 2181; x_wconf 89' lang='lat' dir='ltr'>imperii</span> <span class='ocrx_word' id='word_1_255' title='bbox 1149 2123 1272 2165; x_wconf 91' lang='lat' dir='ltr'>heres</span> <span class='ocrx_word' id='word_1_256' title='bbox 1293 2138 1517 2166; x_wconf 87' lang='lat' dir='ltr'>commune</span> <span class='ocrx_word' id='word_1_257' title='bbox 1534 2123 1724 2166; x_wconf 91' lang='lat' dir='ltr'>omnium</span> 
     </span>
     <span class='ocr_line' id='line_1_29' title="bbox 179 2195 1725 2254; baseline -0.001 -14"><span class='ocrx_word' id='word_1_258' title='bbox 179 2197 448 2240; x_wconf 82' lang='lat' dir='ltr'>tribunorum</span> <span class='ocrx_word' id='word_1_259' title='bbox 480 2197 619 2254; x_wconf 89' lang='lat' dir='ltr'>plebis</span> <span class='ocrx_word' id='word_1_260' title='bbox 650 2198 732 2249; x_wconf 90' lang='lat' dir='ltr'>ius,</span> <span class='ocrx_word' id='word_1_261' title='bbox 764 2198 841 2240; x_wconf 90' lang='lat' dir='ltr'>sed</span> <span class='ocrx_word' id='word_1_262' title='bbox 870 2205 1140 2254; x_wconf 89' lang='lat' dir='ltr'>perpetuum,</span> <span class='ocrx_word' id='word_1_263' title='bbox 1167 2202 1209 2238; x_wconf 88' lang='lat' dir='ltr'>et</span> <span class='ocrx_word' id='word_1_264' title='bbox 1235 2196 1424 2252; x_wconf 88' lang='lat' dir='ltr'>corporis</span> <span class='ocrx_word' id='word_1_265' title='bbox 1455 2195 1725 2238; x_wconf 86' lang='lat' dir='ltr'>securitatem</span> 
     </span>
     <span class='ocr_line' id='line_1_30' title="bbox 179 2267 1727 2327; baseline -0.002 -14"><span class='ocrx_word' id='word_1_266' title='bbox 179 2270 486 2327; x_wconf 88' lang='lat' dir='ltr'>amplissimam</span> <span class='ocrx_word' id='word_1_267' title='bbox 516 2270 632 2313; x_wconf 89' lang='lat' dir='ltr'>illam</span> <span class='ocrx_word' id='word_1_268' title='bbox 662 2286 790 2327; x_wconf 90' lang='lat' dir='ltr'>quam</span> <span class='ocrx_word' id='word_1_269' title='bbox 814 2269 1093 2327; x_wconf 86' lang='lat' dir='ltr'>exposuimus</span> <span class='ocrx_word' id='word_1_270' title='bbox 1115 2267 1337 2324; x_wconf 86' lang='lat' dir='ltr'>acciperet.</span> <span class='ocrx_word' id='word_1_271' title='bbox 1381 2268 1449 2310; x_wconf 88' lang='lat' dir='ltr'>Ae</span> <span class='ocrx_word' id='word_1_272' title='bbox 1467 2267 1727 2310; x_wconf 86' lang='lat' dir='ltr'>conveniunt</span> 
     </span>
     <span class='ocr_line' id='line_1_31' title="bbox 180 2339 1725 2399; baseline -0.003 -14"><span class='ocrx_word' id='word_1_273' title='bbox 180 2358 278 2385; x_wconf 92' lang='lat' dir='ltr'>cum</span> <span class='ocrx_word' id='word_1_274' title='bbox 307 2343 551 2386; x_wconf 85' lang='lat' dir='ltr'>coniectura</span> <span class='ocrx_word' id='word_1_275' title='bbox 581 2350 739 2394; x_wconf 88' lang='lat' dir='ltr'>nostra,</span> <span class='ocrx_word' id='word_1_276' title='bbox 771 2358 880 2399; x_wconf 88' lang='lat' dir='ltr'>quae</span> <span class='ocrx_word' id='word_1_277' title='bbox 909 2343 962 2384; x_wconf 89' lang='lat' dir='ltr'>de</span> <span class='ocrx_word' id='word_1_278' title='bbox 988 2340 1162 2383; x_wconf 78' lang='lat' dir='ltr'>Tiberio</span> <span class='ocrx_word' id='word_1_279' title='bbox 1192 2340 1433 2382; x_wconf 84' lang='lat' dir='ltr'>traduntur.</span> <span class='ocrx_word' id='word_1_280' title='bbox 1478 2339 1588 2383; x_wconf 87' lang='lat' dir='ltr'>Nam</span> <span class='ocrx_word' id='word_1_281' title='bbox 1609 2339 1725 2396; x_wconf 89' lang='lat' dir='ltr'>quod</span> 
     </span>
     <span class='ocr_line' id='line_1_32' title="bbox 180 2412 1724 2469; baseline -0.002 -12"><span class='ocrx_word' id='word_1_282' title='bbox 180 2413 301 2458; x_wconf 88' lang='lat' dir='ltr'>Suet.</span> <span class='ocrx_word' id='word_1_283' title='bbox 338 2430 373 2457; x_wconf 85' lang='lat' dir='ltr'>c.</span> <span class='ocrx_word' id='word_1_284' title='bbox 409 2417 452 2457; x_wconf 89' lang='grc'>11</span> <span class='ocrx_word' id='word_1_285' title='bbox 495 2430 593 2458; x_wconf 91' lang='lat' dir='ltr'>eum</span> <span class='ocrx_word' id='word_1_286' title='bbox 631 2422 795 2466; x_wconf 87' lang='lat' dir='ltr'>narrat,</span> <span class='ocrx_word' id='word_1_287' title='bbox 833 2431 931 2457; x_wconf 88' lang='lat' dir='ltr'>cum</span> <span class='ocrx_word' id='word_1_288' title='bbox 971 2413 1116 2456; x_wconf 87' lang='lat' dir='ltr'>Rhodi</span> <span class='ocrx_word' id='word_1_289' title='bbox 1152 2428 1176 2454; x_wconf 88' lang='lat' dir='ltr'>a</span> <span class='ocrx_word' id='word_1_290' title='bbox 1210 2412 1392 2469; x_wconf 88' lang='lat' dir='ltr'>quodam</span> <span class='ocrx_word' id='word_1_291' title='bbox 1429 2413 1573 2455; x_wconf 90' lang='lat' dir='ltr'>laesus</span> <span class='ocrx_word' id='word_1_292' title='bbox 1612 2419 1724 2455; x_wconf 90' lang='lat' dir='ltr'>esset</span> 
     </span>
     <span class='ocr_line' id='line_1_33' title="bbox 180 2484 1725 2545; baseline -0.003 -15"><span class='ocrx_word' id='word_1_293' title='bbox 180 2487 389 2538; x_wconf 88' lang='lat' dir='ltr'>convicio,</span> <span class='ocrx_word' id='word_1_294' title='bbox 418 2502 495 2545; x_wconf 85' lang='lat' dir='ltr'>pro</span> <span class='ocrx_word' id='word_1_295' title='bbox 526 2488 619 2531; x_wconf 91' lang='lat' dir='ltr'>iure</span> <span class='ocrx_word' id='word_1_296' title='bbox 645 2488 898 2530; x_wconf 89' lang='lat' dir='ltr'>tribuniciae</span> <span class='ocrx_word' id='word_1_297' title='bbox 927 2485 1148 2544; x_wconf 86' lang='lat' dir='ltr'>potestatis</span> <span class='ocrx_word' id='word_1_298' title='bbox 1171 2485 1500 2527; x_wconf 85' lang='lat' dir='ltr'>conviciatorem</span> <span class='ocrx_word' id='word_1_299' title='bbox 1527 2484 1618 2540; x_wconf 88' lang='lat' dir='ltr'>rapi</span> <span class='ocrx_word' id='word_1_300' title='bbox 1635 2484 1725 2526; x_wconf 87' lang='lat' dir='ltr'>ius-</span> 
     </span>
     <span class='ocr_line' id='line_1_34' title="bbox 181 2556 1724 2618; baseline -0.003 -16"><span class='ocrx_word' id='word_1_301' title='bbox 181 2559 289 2602; x_wconf 88' lang='lat' dir='ltr'>sisse</span> <span class='ocrx_word' id='word_1_302' title='bbox 329 2559 373 2602; x_wconf 93' lang='lat' dir='ltr'>in</span> <span class='ocrx_word' id='word_1_303' title='bbox 415 2575 642 2611; x_wconf 88' lang='lat' dir='ltr'>carcerem,</span> <span class='ocrx_word' id='word_1_304' title='bbox 683 2567 826 2618; x_wconf 87' lang='lat' dir='ltr'>aperte</span> <span class='ocrx_word' id='word_1_305' title='bbox 861 2559 916 2601; x_wconf 84' lang='lat' dir='ltr'>ad</span> <span class='ocrx_word' id='word_1_306' title='bbox 957 2558 1228 2602; x_wconf 84' lang='lat' dir='ltr'>securitatem</span> <span class='ocrx_word' id='word_1_307' title='bbox 1262 2557 1495 2599; x_wconf 88' lang='lat' dir='ltr'>sanctitatis</span> <span class='ocrx_word' id='word_1_308' title='bbox 1529 2556 1724 2614; x_wconf 86' lang='lat' dir='ltr'>pertinet.</span> 
     </span>
     <span class='ocr_line' id='line_1_35' title="bbox 181 2627 1725 2687; baseline -0.003 -13"><span class='ocrx_word' id='word_1_309' title='bbox 181 2630 312 2687; x_wconf 82' lang='lat' dir='ltr'>Quod</span> <span class='ocrx_word' id='word_1_310' title='bbox 343 2631 520 2675; x_wconf 87' lang='lat' dir='ltr'>Tacitus</span> <span class='ocrx_word' id='word_1_311' title='bbox 548 2632 704 2676; x_wconf 85' lang='lat' dir='ltr'>Annal.</span> <span class='ocrx_word' id='word_1_312' title='bbox 734 2633 769 2683; x_wconf 92' lang='lat'>1,</span> <span class='ocrx_word' id='word_1_313' title='bbox 787 2633 811 2675; x_wconf 89' lang='grc'><strong>7</strong></span> <span class='ocrx_word' id='word_1_314' title='bbox 845 2631 1030 2674; x_wconf 87' lang='lat' dir='ltr'>extincto</span> <span class='ocrx_word' id='word_1_315' title='bbox 1058 2631 1263 2686; x_wconf 89' lang='lat' dir='ltr'>Augusto</span> <span class='ocrx_word' id='word_1_316' title='bbox 1293 2629 1516 2672; x_wconf 89' lang='lat' dir='ltr'>Tiberium</span> <span class='ocrx_word' id='word_1_317' title='bbox 1545 2628 1603 2671; x_wconf 89' lang='lat' dir='ltr'>ait</span> <span class='ocrx_word' id='word_1_318' title='bbox 1634 2627 1725 2670; x_wconf 91' lang='lat' dir='ltr'>edi-</span> 
     </span>
     <span class='ocr_line' id='line_1_36' title="bbox 181 2700 1725 2761; baseline -0.003 -15"><span class='ocrx_word' id='word_1_319' title='bbox 181 2711 298 2746; x_wconf 89' lang='lat' dir='ltr'>ctum</span> <span class='ocrx_word' id='word_1_320' title='bbox 326 2719 411 2760; x_wconf 91' lang='lat' dir='ltr'>quo</span> <span class='ocrx_word' id='word_1_321' title='bbox 445 2711 636 2748; x_wconf 89' lang='lat' dir='ltr'>senatum</span> <span class='ocrx_word' id='word_1_322' title='bbox 664 2703 858 2761; x_wconf 86' lang='lat' dir='ltr'>cogebat,</span> <span class='ocrx_word' id='word_1_323' title='bbox 882 2702 1134 2745; x_wconf 89' lang='lat' dir='ltr'>tribuniciae</span> <span class='ocrx_word' id='word_1_324' title='bbox 1152 2702 1375 2760; x_wconf 85' lang='lat' dir='ltr'>potestatis</span> <span class='ocrx_word' id='word_1_325' title='bbox 1392 2700 1725 2758; x_wconf 88' lang='lat' dir='ltr'>praescriptione</span> 
     </span>
     <span class='ocr_line' id='line_1_37' title="bbox 178 2771 1725 2833; baseline -0.003 -15"><span class='ocrx_word' id='word_1_326' title='bbox 178 2777 474 2833; x_wconf 86' lang='lat' dir='ltr'>proposuisse,</span> <span class='ocrx_word' id='word_1_327' title='bbox 503 2778 641 2820; x_wconf 88' lang='lat' dir='ltr'>cuivis</span> <span class='ocrx_word' id='word_1_328' title='bbox 666 2777 838 2820; x_wconf 91' lang='lat' dir='ltr'>tribuno</span> <span class='ocrx_word' id='word_1_329' title='bbox 867 2775 1004 2832; x_wconf 88' lang='lat' dir='ltr'>plebis</span> <span class='ocrx_word' id='word_1_330' title='bbox 1033 2774 1148 2817; x_wconf 89' lang='lat' dir='ltr'>idem</span> <span class='ocrx_word' id='word_1_331' title='bbox 1172 2775 1312 2816; x_wconf 84' lang='lat' dir='ltr'>facere</span> <span class='ocrx_word' id='word_1_332' title='bbox 1338 2772 1506 2824; x_wconf 86' lang='lat' dir='ltr'>licebat,</span> <span class='ocrx_word' id='word_1_333' title='bbox 1523 2771 1725 2828; x_wconf 89' lang='lat' dir='ltr'>quodque</span> 
     </span>
     <span class='ocr_line' id='line_1_38' title="bbox 178 2843 1726 2907; baseline -0.002 -17"><span class='ocrx_word' id='word_1_334' title='bbox 178 2848 295 2891; x_wconf 86' lang='lat' dir='ltr'>idem</span> <span class='ocrx_word' id='word_1_335' title='bbox 325 2863 361 2892; x_wconf 89' lang='lat' dir='ltr'>c.</span> <span class='ocrx_word' id='word_1_336' title='bbox 395 2850 444 2893; x_wconf 85' lang='lat'>13</span> <span class='ocrx_word' id='word_1_337' title='bbox 487 2866 586 2893; x_wconf 92' lang='lat' dir='ltr'>eum</span> <span class='ocrx_word' id='word_1_338' title='bbox 626 2849 839 2907; x_wconf 87' lang='lat' dir='ltr'>significat</span> <span class='ocrx_word' id='word_1_339' title='bbox 866 2847 1060 2890; x_wconf 90' lang='lat' dir='ltr'>relationi</span> <span class='ocrx_word' id='word_1_340' title='bbox 1097 2846 1324 2890; x_wconf 90' lang='lat' dir='ltr'>consulum</span> <span class='ocrx_word' id='word_1_341' title='bbox 1353 2846 1447 2888; x_wconf 90' lang='lat' dir='ltr'>iure</span> <span class='ocrx_word' id='word_1_342' title='bbox 1474 2843 1726 2888; x_wconf 84' lang='lat' dir='ltr'>tribuniciae</span> 
     </span>
    </p>
   </div>
  </div>
 </body>
</html>
