1846 3100
0 1441 19 1599 g

0 1607 6 1638 ἓ

600 156 655 187 De
680 154 794 187 Gallia
819 154 1053 186 Romanorum
1081 154 1265 196 provincia.
1630 150 1709 193 139

159 265 329 308 fabrum
359 265 489 308 fuerit
517 264 571 306 L.
599 262 783 320 Apronii
811 262 941 312 illius,
973 276 1099 316 quem
1127 260 1181 303 ab
1207 277 1318 304 anno
1345 263 1400 305 20
1429 278 1471 319 p.
1499 260 1603 304 Chr.
1633 277 1711 318 per

159 339 390 382 triennium
412 338 586 381 Africae
611 335 849 393 praefuisse
869 334 1022 375 docent
1041 334 1203 376 nummi
1222 334 1337 390 apud
1358 335 1538 377 Eckhel.
1558 335 1709 377 Doctr.

158 427 320 454 numm.
350 411 413 453 IV
455 426 497 466 p.
530 409 608 452 140
649 415 691 450 et
726 407 830 449 Tac.
867 405 1023 448 Annal.
1058 405 1146 455 ΙΠ,
1188 406 1256 449 20.
1323 406 1416 449 Nec
1456 407 1557 449 satis
1595 415 1709 448 recte

159 484 496 531 Mommsenius‚
528 497 627 524 cum
656 496 709 523 ex
735 479 788 521 iis
818 493 928 534 quae
955 477 1082 520 modo
1114 478 1420 529 refutavimus,
1458 479 1588 535 legati
1618 478 1710 520 Nu-

159 557 314 599 midiae
358 554 578 611 quoddam
619 551 845 608 imperium
890 550 933 591 in
976 550 1268 605 proconsulari
1313 552 1532 607 provincia
1577 551 1710 593 fuisse

159 629 400 685 colligeret,
440 626 563 682 quasi
598 623 840 679 argumenti
881 622 976 664 loco
1011 622 1154 672 affert,
1194 623 1330 666 videri
1365 625 1548 667 fortasse
1583 624 1710 666 etiam

157 716 235 757 per
257 699 550 742 Mauretanias
577 696 836 754 pertinuisse
861 695 991 750 legati
1014 695 1260 751 imperium3
1290 712 1390 738 nam
1409 696 1465 738 D.
1485 696 1709 738 Fonteium

160 771 499 821 Frontinianum‚
528 771 720 826 legatum
745 767 987 817 Numidiae,
1018 768 1180 810 narrari
1210 768 1416 824 templum
1438 768 1564 817 Sstifi,
1594 768 1710 823 quod

159 845 366 902 oppidum
393 844 438 885 in
467 841 739 885 Mauretania
772 848 882 890 erat,
915 839 1139 882 dedicasse
1169 839 1369 894 (Hefner.
1399 840 1444 881 in
1474 846 1554 882 act.
1586 840 1706 882 acad.

159 931 246 972 reg.
284 917 439 959 Bavar.
469 915 526 966 V,
564 915 608 957 ΙΙ
651 931 692 971 p.
729 912 840 966 195).
911 910 1043 963 Quod
1083 911 1257 966 quidem
1300 927 1352 954 ex
1396 912 1479 954 alio
1523 912 1710 967 quodam

160 1003 317 1046 genere
343 997 421 1031 est.
475 988 587 1031 Nam
616 1002 714 1030 cum
743 983 1059 1032 Mauretanias,
1098 998 1208 1039 quae
1234 999 1344 1026 anno
1374 985 1426 1027 40
1457 1001 1499 1041 p.
1527 983 1630 1027 Chr.
1666 984 1710 1026 in

158 1063 338 1104 formam
378 1060 696 1116 provinciarum
739 1058 934 1101 redactae
978 1063 1103 1106 sunt,
1154 1064 1318 1099 constet
1361 1056 1710 1113 procuratoribus

159 1133 369 1189 equestris
410 1132 572 1174 ordinis
609 1147 704 1174 esse
743 1130 956 1187 regendas
988 1129 1164 1171 traditas
1195 1129 1317 1181 (Tae.
1344 1129 1444 1172 hist.
1468 1130 1510 1179 I,
1546 1132 1612 1179 113
1654 1129 1710 1179 Π,

159 1206 234 1256 583
278 1205 390 1247 Plin.
432 1211 518 1247 nat.
553 1204 652 1246 hist.
688 1203 742 1254 V,
787 1205 830 1252 ⁴1,
877 1201 968 1256 11),
1014 1216 1064 1243 ac
1103 1202 1312 1256 reliquas,
1356 1201 1515 1257 quibus
1555 1217 1712 1258 procu-

158 1284 318 1320 ratores
351 1283 620 1334 praeessent,
669 1275 911 1331 provincias
947 1282 1110 1316 certum
1149 1273 1204 1315 sit
1240 1275 1419 1331 imperio
1458 1275 1711 1330 legatorum,

158 1349 232 1405 qui
255 1349 471 1405 proximos
497 1348 712 1390 exercitus
733 1354 943 1399 regerent,
971 1346 1182 1402 paruisse,
1209 1346 1326 1388 velut
1346 1347 1551 1389 [udaeam
1570 1347 1712 1403 legato

159 1421 325 1478 Syriae,
359 1421 553 1463 Raetiam
581 1421 725 1476 legato
754 1419 1012 1461 Germaniae
1044 1418 1301 1474 superioris,
1333 1419 1540 1461 Noricum
1569 1419 1712 1475 legato

158 1493 430 1543 Pannoniae,
467 1493 519 1534 de
559 1492 717 1547 quibus
755 1491 882 1547 paulo
924 1506 1055 1546 supra
1086 1490 1494 1541 demonstravimus,
1536 1507 1712 1547 prorsus

158 1572 492 1608 consentaneum
530 1565 633 1615 erit,
673 1571 722 1605 ut
754 1563 1047 1606 Mauretanias
1083 1563 1122 1604 ei
1164 1562 1238 1618 qui
1267 1578 1380 1604 unus
1412 1578 1488 1619 per
1518 1563 1711 1605 Africam

159 1639 330 1695 legatus
364 1637 557 1693 Augusti
589 1644 699 1686 erat,
738 1636 933 1692 paruisse
966 1649 1240 1684 censeamus,
1280 1635 1488 1690 tituloque
1517 1635 1711 1678 Sitifensi

160 1710 275 1766 quod
300 1725 378 1767 per
410 1724 455 1752 se
487 1709 631 1765 ipsum
658 1708 879 1764 probabile
908 1715 1010 1757 erat,
1041 1707 1374 1750 confirmabitur.

273 1782 342 1824 Ac
372 1782 506 1824 sensit
531 1779 850 1836 quodammodo
873 1779 966 1834 ipse
988 1779 1316 1827 Mommsenius‚
1345 1779 1595 1822 debiliorem
1617 1795 1712 1822 esse

163 1868 285 1896 suam
315 1854 572 1910 opinionem.
639 1852 802 1905 Quam,
845 1866 942 1893 cum
981 1852 1140 1894 finibus
1178 1852 1498 1908 proconsularis
1536 1852 1712 1908 provin-

161 1926 250 1969 ciae
280 1933 322 1968 et
346 1924 578 1968 Numidiae
608 1924 900 1967 describendis
928 1924 1220 1966 demonstrare
1251 1925 1475 1980 coepisset,
1501 1924 1712 1979 quaedam

161 1998 398 2041 rectissime
429 1997 634 2054 disputat,
664 2005 837 2053 pacatas
869 1996 1064 2039 civitates
1096 2011 1146 2038 ac
1175 1997 1381 2039 Romanis
1413 1995 1601 2038 moribus
1630 1996 1713 2037 iam

162 2070 377 2126 mitigatas
405 2069 602 2126 paruisse
624 2068 884 2125 proconsuli,
914 2076 1064 2124 gentes
1087 2069 1305 2119 barbaras,
1335 2084 1442 2124 quae
1469 2068 1713 2110 interiorem

162 2142 334 2184 Africae
372 2148 538 2197 partem
571 2141 827 2190 incolerent,
869 2141 1032 2197 legato,
1076 2148 1167 2183 tum
1198 2156 1251 2183 ex
1281 2141 1354 2191 iis,
1390 2156 1501 2196 quae
1530 2155 1712 2196 geogra-

162 2214 347 2270 phorum
372 2220 499 2268 atque
525 2213 852 2268 inscriptionum
880 2227 960 2268 ope
989 2228 1364 2269 cognosceremus,
1392 2213 1475 2255 hoo
1502 2213 1615 2255 effici
1641 2213 1711 2262 ait,

163 2292 211 2327 ut
238 2285 357 2327 nulla
383 2284 435 2326 sit
466 2284 633 2334 civitas,
664 2285 783 2326 nulla
812 2299 934 2339 gens,
963 2284 1005 2326 in
1033 2300 1120 2340 qua
1147 2293 1189 2327 et
1213 2285 1485 2341 proconsulis
1514 2292 1556 2326 et
1580 2284 1711 2340 legati

163 2357 275 2399 tituli
302 2356 582 2413 reperiantur,
613 2355 690 2397 sed
717 2356 909 2398 alterutri
936 2371 1083 2398 omnes
1113 2357 1257 2401 tribui.
1304 2357 1404 2410 Quo
1425 2356 1592 2398 nullum
1612 2371 1713 2398 sane

164 2429 324 2472 certius
361 2435 664 2484 argumentum
699 2435 842 2484 potest
871 2428 1074 2484 cogitari,
1118 2429 1237 2484 quod
1267 2444 1367 2471 suos
1396 2435 1439 2470 et
1466 2427 1713 2484 proconsuli

163 2508 205 2542 et
232 2500 375 2556 legato
403 2500 510 2542 fines
540 2514 679 2555 neque
711 2515 897 2555 usquam
926 2500 1107 2542 mixtum
1137 2499 1456 2556 quodammodo
1486 2499 1712 2554 utriusque

143 2571 392 2627 'imperium
428 2571 563 2613 fuisse
603 2571 812 2614 ostendat.
874 2571 963 2614 Sed
991 2572 1215 2628 perturbat
1243 2572 1386 2614 virum
1418 2571 1712 2614 doctissimum

163 2642 372 2698 imprimis
400 2642 608 2692 nominis,
647 2658 734 2698 quo
764 2644 894 2698 legati
921 2644 1182 2699 imperatorii
1211 2651 1412 2693 utuntur,
1456 2643 1576 2685 ratio.
1641 2643 1711 2685 De

164 2729 250 2769 qua
286 2728 424 2764 nunc,
463 2720 690 2770 postquam
723 2716 1021 2772 inscriptiones
1050 2716 1277 2758 Africanae
1320 2732 1345 2758 a
1377 2715 1513 2756 Leon.
1542 2714 1712 2757 Renier.

165 2786 310 2842 colligi
352 2792 526 2841 coeptae
568 2794 690 2837 sunt,
731 2787 860 2843 longe
900 2788 1059 2830 rectius
1093 2787 1275 2830 iudicari
1305 2794 1459 2843 potest.
1522 2786 1633 2829 Nam
1666 2786 1711 2828 in

164 2856 522 2908 Lambaesitanis,
549 2872 656 2913 quas
685 2858 897 2914 principio
925 2858 1053 2901 habet
1077 2859 1131 2900 L.
1147 2858 1332 2908 Renier„
1359 2858 1493 2900 multo
1509 2858 1711 2915 frequen-
