1846 3100
159 157 214 201 52
607 158 662 191 De
687 157 801 192 Gallia
820 159 1055 192 Romanorum
1083 158 1269 201 provincia.

158 268 359 326 iubebat)
396 285 508 313 anno
536 269 590 314 75
624 269 956 312 decernerentur
991 269 1116 312 Italia
1159 275 1201 311 et
1228 267 1520 311 Narbonensis
1551 267 1706 312 Gallia.

159 341 227 385 Ac
252 342 440 385 Lucullo
479 342 656 398 quidem
692 341 952 384 Plutarchus
989 341 1100 384 Luc.
1142 356 1177 383 c.
1217 341 1241 382 5
1281 347 1508 396 antequam
1557 341 1708 384 consul

160 421 388 465 crearetur,
419 422 562 457 narrat
583 420 695 457 sorte
724 414 920 457 evenisse
941 413 1126 457 Galliam
1145 411 1407 469 Cisalpinam
1435 413 1463 454 i.
1482 428 1533 463 e.,
1563 420 1612 455 ut
1641 412 1707 455 di-

159 486 355 536 dicimus,
385 486 553 529 Italiam
585 493 627 528 et
657 485 864 536 Galliam3
905 486 1096 543 collegae
1125 485 1217 528 eius
1246 500 1354 540 quae
1382 484 1582 541 obtigerit
1607 499 1707 541 pro-

159 558 301 601 vincia
328 574 413 602 non
445 559 579 609 addit,
615 558 693 600 sed
720 558 855 601 fuisse
885 573 976 600 eam
1005 572 1134 613 quam
1161 556 1351 600 diximus
1382 556 1603 613 probabile
1629 564 1707 599 est.

161 630 326 674 Verum
369 646 467 673 cum
510 645 635 673 casus
671 631 730 673 ita
765 631 956 681 tulisset,
994 635 1043 671 ut
1072 629 1141 672 vel
1185 635 1368 671 exeunte
1405 644 1516 671 anno
1555 628 1609 673 75
1640 628 1709 670 vel

157 703 332 746 ineunte
358 703 411 747 74
426 703 480 745 L.
497 702 720 753 Octavius,
745 700 922 745 Ciliciae
951 708 1103 752 rector,
1132 709 1380 751 moreretur,
1407 700 1461 742 L.
1478 700 1707 750 Lucullus,

158 775 258 830 quia
272 775 616 818 Mithridaticum
635 774 797 818 bellum
823 774 1071 818 imminebat
1097 788 1178 816 nec
1202 773 1315 815 ultra
1336 772 1498 814 differri
1527 778 1706 828 poterat,

160 862 185 889 a
214 847 388 904 populo,
418 854 468 890 ut
487 847 674 898 videtur,
709 844 905 890 Ciliciam
934 846 1121 902 bellique
1150 844 1561 888 administrationem
1587 859 1708 887 acce-

157 920 235 976 pit,
253 920 502 975 collegaque
525 919 631 969 eius,
649 933 703 961 ne
725 919 769 960 in
794 919 958 961 minore
978 917 1201 975 provincia
1217 917 1323 959 nihil
1346 917 1507 973 gloriae
1526 924 1708 974 pararet,

158 991 358 1049 precibus
390 998 585 1035 senatum
613 991 837 1047 permovit,
863 997 913 1033 ut
940 991 978 1033 is
1008 990 1090 1033 sibi
1121 990 1300 1033 classem
1326 989 1572 1046 bellumque
1602 989 1708 1031 mari

159 1064 399 1121 gerendum
429 1064 702 1120 permitteret.
761 1061 862 1117 Quo
900 1064 1010 1105 facto
1048 1061 1124 1105 ubi
1160 1068 1341 1117 uterque
1378 1062 1529 1104 consul
1555 1060 1708 1104 urbem

158 1137 345 1193 reliquit,
375 1151 513 1179 vacua
541 1137 655 1179 facta
683 1141 749 1177 est
773 1142 815 1177 et
841 1134 1134 1178 Narbonensis
1164 1134 1320 1183 Gallia,
1348 1148 1458 1189 quae
1487 1133 1556 1175 vel
1584 1148 1708 1190 prae-

159 1209 240 1251 tori
270 1209 397 1252 alicui
428 1208 528 1251 data
547 1208 616 1250 vel
643 1208 681 1250 ei
710 1207 784 1263 qui
814 1213 939 1250 antea
966 1208 1188 1258 habuerat,
1217 1206 1413 1262 quisquis
1439 1206 1522 1249 fuit
1552 1205 1710 1261 (neque

159 1281 273 1325 enim
300 1281 355 1323 L.
383 1280 611 1331 Manlium,
639 1279 714 1336 qui
742 1294 853 1321 anno
879 1279 934 1323 76
961 1280 1216 1330 obtinuerat,
1244 1285 1347 1321 tunc
1377 1278 1559 1335 amplius
1587 1278 1631 1320 in
1659 1293 1710 1321 ea

158 1353 294 1396 fuisse
325 1353 527 1408 arbitror)
555 1359 786 1409 prorogata
814 1358 893 1403 est,
923 1358 965 1394 et
984 1351 1121 1401 Italia,
1150 1366 1279 1406 quam
1309 1350 1603 1407 proconsulari
1630 1350 1709 1392 im-

158 1426 301 1482 perio,
333 1432 383 1467 ut
418 1440 498 1481 par
522 1431 632 1475 erat,
668 1423 719 1468 C.
753 1422 881 1468 Cotta
912 1423 1023 1466 rexit
1059 1423 1244 1478 bellique
1275 1438 1325 1466 ac
1351 1423 1709 1480 triumphi-occa·

161 1498 325 1541 sionem
356 1497 534 1553 accepit.
599 1495 729 1539 Anno
755 1497 809 1540 73
839 1511 876 1538 a.
909 1494 1012 1538 Chr.
1041 1510 1151 1552 quae
1184 1495 1429 1538 consulares
1465 1495 1710 1552 provinciae

160 1570 320 1612 fuerint
359 1577 510 1612 notum
553 1575 631 1611 est.
698 1567 809 1610 Nam
851 1569 913 1611 M.
961 1568 1175 1610 Lucullus
1219 1567 1521 1610 Macedoniam
1562 1565 1711 1609 habuit

160 1640 423 1696 (Comment.
451 1641 672 1699 epigraph.
704 1642 749 1685 ΙΙ
777 1657 819 1698 p.
838 1641 951 1697 181),
984 1639 1035 1682 C.
1067 1639 1247 1683 Cassius
1264 1640 1408 1684 Varus
1439 1639 1618 1682 Italiam.
1657 1638 1710 1681 In

160 1730 246 1771 quo
273 1730 425 1758 rursus
457 1721 759 1771 argumentum
788 1714 890 1756 satis
923 1719 1087 1756 certum
1116 1711 1493 1770 deprehendimus,
1521 1725 1606 1767 quo
1622 1711 1709 1753 Ita-

158 1787 259 1830 liam
290 1802 390 1830 cum
412 1785 556 1830 Gallia
573 1784 793 1844 Cisalpina
820 1786 1091 1828 coniunctam
1111 1785 1298 1827 consulis
1325 1784 1500 1827 alterius
1529 1782 1708 1839 imperio

159 1859 356 1916 paruisse
385 1859 691 1916 intelligamus.
751 1858 926 1901 Etenim
954 1872 1053 1899 cum
1079 1857 1152 1899 illo
1180 1872 1290 1899 anno
1314 1856 1473 1899 bellum
1499 1854 1708 1912 gladiato-

160 1932 273 1974 rium
303 1931 553 1983 exarsisset,
586 1931 751 1988 primus
779 1930 941 1973 ducum
971 1929 1261 1972 Romanorum
1287 1944 1312 1970 a
1340 1926 1544 1984 Spartaco
1567 1927 1708 1970 victus

161 2010 227 2046 est
255 2001 438 2046 Clodius
468 2004 647 2060 aliquis,
677 2003 731 2045 de
760 2018 845 2058 quo
880 2002 942 2044 sic
967 2002 1097 2044 refert
1127 2001 1384 2043 Plutarchus
1415 1997 1561 2043 Crass.
1591 2014 1627 2041 c.
1659 1999 1706 2042 9:

163 2074 302 2116 ἔπειτα
326 2073 520 2116 Κλωδίου
550 2079 775 2131 στρατηγοῦ
799 2075 900 2130 μετὰ
928 2074 1154 2130 τριςχιλίων
1178 2073 1437 2129 πεμφθέντος
1464 2072 1509 2114 ἐκ
1525 2069 1707 2127 Ῥώμης,

161 2161 211 2189 ac
231 2146 426 2189 similiter
443 2144 629 2189 Orosius
645 2146 702 2198 V,
719 2146 773 2189 24
796 2147 934 2188 Clodii
951 2148 1172 2200 praetoris,
1202 2144 1277 2200 qui
1304 2159 1451 2188 servos
1483 2144 1708 2187 obsidione

162 2219 389 2269 cinxisset,
428 2225 567 2260 castra
602 2225 849 2275 expugnata
879 2233 973 2261 esse
1011 2216 1168 2260 scribit.
1230 2216 1320 2260 Sed
1357 2224 1398 2259 et
1426 2216 1708 2259 Plutarchum

162 2290 429 2334 Graecorum
455 2304 572 2333 more
601 2290 820 2346 στρατηγόν
852 2290 1091 2346 intelligere
1121 2304 1233 2340 eum,
1265 2288 1339 2345 qui
1369 2288 1460 2330 dux
1478 2288 1706 2338 exercitus,

160 2378 246 2406 non
273 2363 348 2420 qui
378 2369 547 2419 praetor
577 2362 644 2412 sit,
674 2368 716 2405 et
738 2359 945 2405 Orosium
969 2377 1122 2418 parum
1140 2376 1239 2404 vere
1262 2360 1491 2403 tradidisse
1519 2360 1706 2403 ostendit

159 2435 315 2478 Livius
361 2435 464 2491 epit.
493 2431 651 2485 XCV3
695 2449 791 2477 nam
835 2435 872 2477 is
904 2432 1136 2476 Claudium
1170 2432 1410 2475 Pulchrum
1451 2433 1642 2489 legatum
1682 2447 1708 2474 a

162 2505 370 2565 Spartaco
403 2507 565 2550 victum
597 2520 692 2549 esse
719 2506 790 2548 ait.
835 2503 975 2548 Cuius
1000 2506 1134 2562 igitur
1157 2504 1228 2546 ille
1250 2504 1515 2560 imperatoris
1539 2504 1706 2560 legatus

161 2579 282 2622 erat?
341 2577 469 2622 Certe
503 2593 590 2621 non
627 2577 837 2634 praetoris
878 2578 1059 2621 alicuius
1099 2579 1216 2634 (nam
1251 2584 1349 2633 post
1389 2576 1501 2619 hanc
1540 2575 1706 2619 cladem

159 2652 210 2694 P.
243 2651 471 2695 Varinium
501 2649 713 2694 Glabrum
751 2658 989 2707 praetorem
1032 2650 1210 2705 eiusque
1245 2649 1434 2706 legatum
1464 2648 1649 2691 Furium
1682 2663 1708 2690 a

161 2721 369 2779 Spartaco
399 2723 535 2766 victos
566 2737 661 2765 esse
687 2722 817 2765 tradit
846 2722 1141 2777 Plutarchus),
1181 2735 1261 2764 nec
1284 2720 1552 2777 imperatoris
1586 2726 1705 2762 extra

159 2796 313 2838 urbem
347 2797 393 2838 in
427 2794 649 2851 provincia
688 2794 830 2850 aliqua
861 2794 1071 2844 collocati,
1112 2795 1188 2837 sed
1225 2801 1317 2837 tum
1345 2793 1400 2836 ad
1429 2791 1581 2834 urbem
1607 2805 1706 2834 cum

161 2868 350 2909 exercitu
381 2866 702 2917 commorantis3
733 2882 831 2909 nam
849 2881 929 2909 nec
945 2867 1180 2909 exercitum
1198 2866 1331 2908 ullum
1352 2873 1455 2907 tunc
1479 2864 1533 2907 ad
1554 2862 1705 2905 urbem
