1846 3100
570 150 625 182 De
651 148 826 181 dictatoris
855 146 1013 179 Caesaris
1040 145 1239 177 honoribus.
1592 138 1671 181 251

132 258 251 302 aliud
291 259 494 315 Augusto
531 264 659 314 atque
695 255 797 297 huic
833 253 917 310 ipsi
954 253 1072 296 aliud
1109 266 1219 295 anno
1258 250 1324 301 36,
1363 250 1480 293 aliud
1525 256 1675 308 postea

133 331 280 373 datum
314 346 408 373 esse
445 329 748 372 existimemus.

217 403 428 445 Nimirum
448 402 602 444 multas
620 401 749 443 habet
765 407 902 455 partes
918 397 1145 440 tribunicia
1158 397 1459 453 imperatorum
1474 402 1677 452 potestas,

133 491 239 531 quas
253 483 430 518 cunctas
447 474 574 517 simul
590 473 711 515 datas
729 486 823 514 esse
837 486 921 512 non
937 477 1001 511 est
1019 484 1216 519 necesse3
1237 475 1419 525 possunt
1433 467 1678 523 singillatim

133 548 263 590 tribui
294 561 476 602 eumque
503 545 626 601 quasi
650 541 832 600 gradum
855 558 949 584 esse
972 542 1246 584 observatum
1270 541 1360 583 veri
1385 548 1449 582 est
1466 539 1615 588 simile,
1632 546 1680 580 ut

133 620 250 675 quod
286 619 426 660 minus
451 625 577 667 esset,
603 617 737 673 prius,
765 615 881 670 quod
910 615 1058 664 maius,
1093 621 1240 670 postea
1267 613 1579 654 decerneretur.
1618 611 1679 652 Hi

133 692 268 748 igitur
281 690 442 747 gradus
455 689 707 732 tribuniciae
726 687 947 744 potestatis
965 686 1212 743 explorandi
1229 694 1328 728 sunt
1343 699 1680 741 progressusque

135 763 272 819 qualis
290 763 493 819 paulatim
506 762 646 804 factus
662 761 729 810 sit,
744 759 1044 802 inveniendus.
1077 759 1266 800 Primum
1285 757 1418 812 igitur
1434 757 1520 798 Dio
1531 756 1680 805 XLII,

136 836 203 886 20,
220 851 345 892 quem
365 836 508 877 locum
529 849 656 889 supra
674 832 913 882 citavimus,
931 830 1159 874 Caesarem
1175 830 1391 886 accepisse
1413 829 1471 871 ait
1486 830 1554 884 τὴν
1573 829 1680 874 ἐξου-

138 910 224 950 σίαν
267 912 345 950 τῶν
381 909 602 963 δημάρχων
635 906 700 946 διὰ
732 907 836 962 βίου,
872 908 928 949 ὡς
962 906 1101 954 εἰπεῖν,
1133 904 1289 959 quibus
1321 917 1405 943 non
1434 916 1540 951 eam,
1573 916 1682 956 quae

137 988 284 1038 postea
315 987 440 1030 esset,
479 980 739 1028 universam,
779 978 855 1020 sed
887 984 1050 1033 partem
1082 976 1311 1032 quandam,
1342 974 1558 1029 accepisse
1589 973 1680 1030 ipse

135 1054 369 1110 significat,
408 1061 456 1095 ut
493 1051 809 1108 quodammodo
842 1051 958 1092 idem
998 1049 1111 1104 quod
1148 1049 1210 1090 illi
1250 1047 1405 1089 habere
1446 1046 1680 1088 videretur.

137 1127 259 1181 Quid
286 1133 429 1180 autem
460 1132 549 1167 erat
578 1124 688 1166 hoc?
738 1124 862 1166 Duas
892 1138 962 1165 res
990 1122 1078 1164 Dio
1100 1121 1302 1171 nominat,
1328 1120 1513 1176 primum
1542 1135 1681 1172 συγκα-

137 1199 335 1246 θέζεσθαι
376 1200 440 1240 ἐπὶ
479 1202 556 1239 τῶν
592 1198 724 1238 αὐτῶν
765 1198 943 1253 βάθρων.
1002 1195 1099 1237 Hoc
1133 1195 1238 1249 quid
1278 1194 1345 1243 sit,
1386 1207 1471 1234 non
1508 1191 1683 1233 difficile

141 1279 206 1314 est
233 1271 465 1314 intellectu.
524 1269 743 1312 Dicuntur
784 1269 896 1311 enim
933 1268 1137 1311 subsellia
1166 1267 1322 1322 quibus
1353 1265 1515 1308 tribuni
1545 1251 1684 1320 plebis

142 1344 207 1386 uti
239 1342 444 1393 solebant,
481 1343 524 1384 in
554 1357 640 1397 quo
675 1342 845 1398 insigne
884 1357 1029 1383 eorum
1064 1340 1283 1396 potestatis
1315 1349 1418 1382 erat.
1478 1337 1543 1380 Sit
1574 1338 1685 1379 enim

147 1431 311 1466 verum,
351 1415 468 1470 quod
509 1414 925 1456 Pseudo-Asconius
961 1415 1016 1456 ad
1048 1412 1139 1456 Cic.
1173 1413 1260 1454 div.
1297 1428 1337 1468 p.
1372 1414 1448 1454 118
1480 1412 1550 1462 ait,
1583 1411 1686 1453 sub-

142 1489 262 1531 sellia
295 1489 483 1531 omnium
520 1494 780 1543 potestatum
823 1486 1212 1529 minorum'fuisse
1255 1485 1508 1534 communia,
1546 1492 1687 1526 tamen

139 1577 192 1604 ex
228 1561 295 1604 his
336 1560 552 1603 subselliis
591 1568 704 1602 certa
745 1574 806 1610 ea,
847 1559 1005 1614 quibus
1041 1558 1202 1601 tribuni
1240 1557 1484 1607 utebantur,
1525 1556 1688 1612 aliquid

139 1633 301 1690 proprii
343 1632 556 1675 habebant
590 1631 905 1687 tribuniciaque
944 1626 1281 1688 appellabantur.
1334 1631 1570 1686 Ipsumque
1607 1629 1689 1671 hoc

138 1721 295 1748 nomen
342 1705 512 1761 saepius
550 1704 774 1760 reperitur,
817 1705 936 1746 velut
982 1702 1102 1745 Suet.
1135 1701 1260 1746 Caes.
1297 1703 1373 1752 783
1424 1701 1578 1744 Claud.
1610 1701 1687 1751 233

142 1777 230 1820 Dio
260 1775 383 1820 Cass.
405 1776 659 1826 XXXVII,
691 1777 763 1825 50;
794 1776 917 1826 LIII,
949 1776 1016 1819 27.
1064 1775 1310 1818 Utebantur
1337 1782 1480 1817 autem
1508 1789 1557 1816 eo
1587 1772 1689 1815 sub-

142 1851 262 1893 sellio
300 1850 483 1906 primum
523 1849 567 1890 in
606 1848 724 1890 curia
764 1849 881 1902 (nam
922 1864 1018 1889 cum
1055 1848 1151 1890 Val.
1180 1848 1299 1889 MaX.
1332 1847 1391 1896 11,
1421 1847 1460 1897 2,
1491 1847 1513 1890 7
1549 1853 1691 1887 narret

141 1938 215 1965 eos
250 1923 369 1965 initio
408 1930 504 1964 ante
539 1922 654 1963 fores
696 1921 838 1963 curiae
876 1921 1025 1976 positis
1067 1921 1283 1963 subselliis
1322 1921 1493 1963 decreta
1523 1927 1690 1976 patrum

144 1995 424 2044 examinasse,
467 2002 695 2050 postquam
733 1994 778 2035 in
811 1995 972 2035 curiam
1001 1994 1180 2036 admissi
1210 2001 1323 2043 sunt,
1360 2009 1445 2035 non
1475 1994 1616 2035 minus
1644 1993 1690 2034 id

142 2084 281 2125 genus
313 2067 512 2110 sedilium
542 2067 746 2110 habuisse
766 2066 988 2123 probabile
1019 2072 1119 2119 est),
1147 2065 1303 2107 deinde
1325 2066 1368 2107 in
1390 2066 1551 2107 theatro
1574 2067 1691 2122 (nam

145 2147 351 2196 regnante
378 2140 582 2196 Augusto
617 2140 702 2182 Dio
733 2140 856 2187 LIII,
890 2139 940 2181 27
974 2136 1025 2180 C.
1056 2138 1321 2180 Thoranium
1351 2138 1571 2180 tribunum
1599 2137 1690 2193 ple-

145 2211 215 2254 bei
261 2212 306 2254 in
353 2212 566 2254 theatrum
612 2212 668 2254 ad
711 2211 915 2254 subsellia
961 2210 1189 2252 tribunicia
1233 2218 1398 2266 patrem
1443 2225 1569 2252 suum
1614 2210 1690 2253 de-

146 2284 323 2326 duxisse
353 2288 530 2337 narrat),
567 2290 657 2325 tum
691 2283 735 2325 in
768 2283 868 2325 aliis
901 2282 1021 2332 locis,
1056 2282 1100 2323 in
1133 2282 1292 2338 quibus
1324 2282 1393 2324 vel
1432 2282 1591 2337 singuli
1621 2284 1691 2325 vel

145 2371 244 2398 cum
275 2355 450 2412 collegis
474 2356 636 2411 negotii
661 2354 839 2411 gerendi
862 2369 991 2397 causa
1016 2355 1323 2404 consedissent,
1353 2354 1472 2396 velut
1494 2355 1539 2396 in
1560 2355 1690 2397 comi-

144 2428 214 2470 tiis
239 2428 456 2484 (Liv.111‚
487 2427 561 2482 64)
593 2435 635 2470 et
665 2428 701 2470 si
732 2442 860 2482 quem
887 2427 1015 2468 alium
1043 2426 1186 2468 locum
1214 2426 1434 2468 sanctitate
1466 2425 1693 2469 tribunicia

145 2514 354 2556 occupare
375 2500 533 2542 vellent
557 2500 666 2556 (Dio
696 2499 954 2549 XXXVII,
986 2497 1073 2551 50).
1116 2498 1207 2540 Iam
1233 2513 1286 2541 ex
1317 2498 1383 2540 his
1414 2497 1558 2548 rebus,
1582 2513 1692 2553 quae

135 2572 304 2614 -honore
335 2571 528 2615 subsellii
557 2571 776 2614 tribunicii
810 2570 1151 2619 continebantur,
1184 2578 1346 2612 ceteras
1376 2570 1549 2625 quidem
1580 2568 1691 2612 Cae-

145 2660 215 2687 sar
242 2646 422 2687 fortasse
451 2644 591 2686 minus
621 2643 872 2699 usurpabat,
901 2651 1124 2699 propterea
1152 2641 1268 2697 quod
1310 2657 1477 2698 semper
1507 2642 1692 2684 dictatu-

146 2731 236 2758 ram
277 2724 318 2759 et
356 2716 623 2758 consulatum
663 2715 861 2772 gerebat,
899 2730 1154 2771 quamquam
1193 2714 1379 2769 reliquos
1414 2714 1690 2770 imperatores

0 2756 17 2851 ἑ
149 2802 275 2843 saepe
315 2802 550 2844 usurpasse
586 2787 698 2829 infra
736 2787 1040 2842 intelligemus,
1086 2786 1162 2828 sed
1200 2785 1316 2841 quod
1346 2786 1400 2827 ad
1434 2787 1594 2828 theatra
1623 2787 1691 2829 lu-

2 2854 3 2858 *
149 2857 315 2914 dosque
346 2858 596 2915 pertinebat,
625 2874 711 2901 non
739 2859 1005 2917 contempsit,
1032 2864 1080 2900 ut
1107 2858 1150 2901 in
1170 2857 1300 2900 totius
1319 2857 1464 2918 populi
1486 2873 1691 2904 consessu
