1846 3100
150 129 205 172 92
595 134 649 166 De
674 133 790 166 Gallia
815 134 1047 167 Romanorum
1071 135 1255 177 provincia.

149 240 260 282 rium
291 239 706 284 habere'voluerunt
735 256 785 283 ac
813 241 1020 297 quicquid
1050 242 1179 285 armis
1210 251 1484 301 occuparant,
1513 245 1625 288 inter
1650 261 1696 288 se

148 312 266 368 ipsos
292 312 545 355 diviserunt.
586 313 687 367 Qua
709 314 754 356 in
779 313 988 357 divisione
1006 312 1147 356 Gallia
1173 322 1215 358 et
1231 313 1451 373 Cisalpina
1473 323 1516 359 et
1532 316 1694 360 Trans-

147 384 289 440 alpina
320 392 487 441 praeter
515 384 839 428 Narbonensem
873 391 960 428 tota
998 386 1061 428 M.
1087 386 1278 430 Antonio
1309 387 1470 432 tributa
1499 396 1585 439 est,
1623 388 1697 443 qui

150 472 247 499 cum
281 458 337 500 ad
367 458 675 514 rempublicam
702 458 1043 500 constituendam
1073 459 1116 500 in
1143 459 1310 502 Italiam
1340 461 1697 517 proficisceretur,

147 528 201 571 L.
227 529 408 572 Varium
438 528 635 586 Cotylam
668 546 767 572 cum
798 545 873 572 sex
898 530 1143 586 legionibus
1173 531 1218 573 in
1242 531 1527 589 Transalpina
1555 533 1698 577 Gallia

147 601 332 657 reliquit.
374 601 697 645 Narbonensem
724 609 868 646 autem
897 602 1159 658 provinciam
1189 618 1287 646 cum
1310 604 1514 648 universa
1535 605 1696 662 Hispa-

146 673 218 716 nia
245 673 307 715 Μ.
323 673 520 730 Lepidus
551 675 715 731 accepit
747 674 854 731 (Dio
874 674 1044 726 XLVI,
1071 675 1148 725 55;
1182 675 1296 733 App.
1322 676 1418 719 bell.
1434 677 1515 720 ciV.
1537 677 1616 729 IV,
1635 678 1696 732 7).

149 745 358 788 Secutum
397 753 461 788 est
502 746 662 789 bellum
698 747 995 804 Philippense,
1040 763 1125 803 quo
1167 749 1359 791 confecto
1396 749 1465 792 ΙΠ
1505 750 1587 793 viri
1627 751 1698 793 vel

146 818 364 860 Antonius
396 825 437 860 et
468 816 733 862 Octavianus
763 821 882 877 (nam
912 819 974 861 M.
1002 819 1160 876 Lepidi
1190 835 1341 876 parum
1371 821 1479 864 ratio
1507 821 1695 865 habeba-

147 890 235 947 tur)
273 890 333 936 ita
370 890 610 947 provincias
648 891 759 934 inter
798 907 892 935 sese
928 892 1190 942 diviserunt,
1235 900 1282 934 ut
1321 893 1391 936 ille
1429 909 1536 950 quas
1574 900 1697 937 antea

147 952 342 1005 tenuerat
379 962 543 1006 Gallias
586 964 810 1015 retineret,
855 979 905 1006 ac
947 972 1165 1021 praeterea
1207 972 1394 1008 veterem
1434 966 1695 1022 provinciam

147 1035 356 1086 Africam,
385 1051 494 1091 quae
514 1035 670 1092 Lepidi
694 1037 846 1086 fuerat,
873 1037 1097 1093 acciperet,
1123 1037 1193 1080 hic
1211 1038 1463 1093 Hispaniam
1481 1044 1523 1080 et
1541 1054 1695 1082 novam

147 1107 409 1164 provinciam
440 1107 688 1151 Numidiam
731 1116 899 1165 regeret
938 1110 1045 1164 (Dio
1069 1109 1292 1160 XLVIII,
1333 1112 1386 1162 1).
1454 1111 1517 1153 Ut
1553 1119 1695 1154 autem

148 1179 434 1230 Octavianus,
479 1179 553 1236 qui
585 1181 630 1222 in
659 1181 784 1223 Italia
813 1181 994 1223 militum
1028 1181 1301 1224 emeritorum
1331 1182 1565 1225 commodis
1598 1198 1694 1239 pro-

148 1252 311 1308 spicere
341 1259 564 1304 statuerat,
595 1254 785 1296 Antonio
812 1260 1087 1310 aequaretur,
1121 1253 1248 1296 simul
1277 1254 1496 1296 decretum
1526 1262 1611 1306 est,
1646 1262 1696 1298 ut

148 1323 368 1381 Cisalpina
399 1323 562 1376 Gallia,
603 1341 714 1381 quae
744 1326 841 1368 urbi
869 1327 1031 1369 Romae
1057 1326 1184 1368 nimis
1213 1326 1433 1369 imminere
1462 1327 1694 1379 videretur,

146 1396 402 1439 liberaretur
431 1398 565 1454 (App.
595 1397 694 1440 bell.
725 1398 807 1440 civ.
835 1398 891 1448 V,
923 1399 983 1454 3),
1022 1399 1050 1441 i.
1078 1414 1113 1441 e.
1142 1406 1190 1440 ut
1219 1405 1362 1440 vetere
1393 1413 1511 1442 more
1542 1415 1694 1444 rursus

149 1485 247 1511 cum
273 1470 399 1512 Italia
430 1471 762 1528 coniungeretur
789 1471 913 1526 eique
943 1478 1132 1527 pareret,
1172 1471 1246 1526 qui
1283 1471 1367 1528 ipsi
1395 1471 1542 1514 Italiae
1571 1487 1694 1529 prae-

80 1579 89 1587 .
147 1551 272 1584 esset.
331 1542 525 1586 Tenebat
562 1543 675 1586 enim
713 1559 806 1586 eam
843 1551 947 1585 tunc
985 1542 1040 1596 Q,-
1071 1542 1225 1585 Fufius
1263 1541 1473 1594 Calenus,
1514 1545 1694 1588 Antonii

145 1615 335 1670 legatus,
373 1615 446 1670 qui
479 1622 520 1657 et
552 1613 816 1672 Cioalpinam
848 1615 1110 1672 provinciam
1137 1615 1330 1658 omittere
1361 1623 1402 1659 et
1431 1623 1592 1672 partem
1622 1632 1692 1660 co-

145 1685 311 1742 piarum
350 1702 525 1730 suarum
560 1687 797 1731 Octaviano
829 1689 982 1731 cedere
1011 1687 1158 1730 iussus
1186 1697 1251 1730 est
1284 1688 1418 1745 (App.
1448 1689 1476 1731 l.
1502 1689 1564 1743 l.).
1625 1689 1694 1732 Ac

146 1773 244 1800 cum
275 1773 325 1801 eo
353 1758 519 1802 Galliae
550 1762 789 1816 praefuerat
819 1761 944 1803 etiam
976 1761 1029 1802 L.
1058 1759 1298 1810 Antonius,
1339 1759 1408 1802 III
1439 1761 1520 1803 viri
1548 1761 1692 1811 frater,

145 1831 218 1886 qui
256 1831 361 1888 ipsis
392 1829 484 1874 Cal.
511 1832 601 1875 Ian.
639 1833 738 1875 anni
767 1833 815 1875 41
853 1833 1115 1889 triumphum
1155 1847 1207 1875 ex
1241 1831 1427 1888 Alpibus
1465 1833 1554 1889 egit
1584 1833 1692 1888 (Dio

144 1903 370 1954 XLVIII,
411 1905 467 1961 4).
532 1903 740 1947 Secutum
781 1905 952 1947 tandem
996 1912 1061 1947 est
1099 1912 1196 1960 post.
1234 1903 1390 1946 multas
1430 1919 1692 1961 magnasque

145 1977 436 2019 dissensiones
465 1977 619 2019 foedus
650 1977 977 2027 Brundisinum,
1016 1977 1076 2018 ita
1104 1976 1244 2018 diviso
1274 1977 1452 2032 imperio
1483 1976 1692 2027 Romano,

144 2057 212 2099 ut,
242 2049 448 2105 quicquid
479 2065 504 2090 a
533 2048 718 2098 Scodra,
751 2049 910 2104 Illyrici
938 2049 1121 2105 oppido,
1149 2048 1204 2090 ad
1235 2049 1440 2091 orientem
1469 2054 1692 2104 spectaret,

144 2121 347 2171 Antonio,
376 2118 583 2177 quicquid
610 2121 665 2163 ad
691 2121 970 2171 occidentem,
1001 2119 1239 2163 Octaviano
1269 2119 1445 2163 Caesari
1473 2121 1692 2177 obtempe-

143 2202 276 2243 raret,
317 2193 442 2236 Italia
483 2208 581 2236 cum
610 2192 750 2235 Gallia
778 2191 998 2250 Cisalpina
1037 2192 1263 2247 utriusque
1303 2198 1416 2234 esset
1454 2192 1692 2235 communis

144 2266 252 2319 (Dio
277 2266 494 2316 XLVIII,
521 2266 574 2308 ‘28
584 2281 595 2315 3
625 2265 736 2321 App.
764 2265 861 2307 bell.
886 2266 966 2308 civ.
985 2265 1039 2313 V,
1070 2263 1158 2318 65).
1213 2263 1280 2305 Ita
1310 2261 1451 2305 Gallia
1475 2264 1691 2316 universa,

144 2354 273 2394 quam
311 2336 472 2380 Caesar
507 2337 591 2379 iam
629 2343 753 2378 antea
794 2336 894 2379 belli
934 2336 1135 2379 Perusini
1178 2335 1402 2378 occasione
1443 2351 1599 2392 magna
1638 2351 1692 2380 ex

145 2418 262 2466 parte
303 2415 493 2466 ceperat,
536 2408 580 2449 in
620 2407 712 2450 eius
754 2416 1004 2464 potestatem
1039 2409 1156 2450 venit
1189 2408 1233 2449 in
1270 2422 1404 2463 eaque
1436 2409 1690 2463 permansit3

144 2498 240 2525 nam
273 2482 431 2525 bellum
462 2480 714 2530 Actiacum,
753 2495 838 2535 quo
875 2480 1023 2523 civiles
1060 2480 1351 2522 dissensiones
1390 2479 1535 2530 finitae
1576 2487 1690 2530 sunt,

145 2555 199 2598 ad
230 2555 307 2597 has
337 2554 535 2611 regiones
567 2567 650 2594 non
679 2552 884 2608 pervenit.
949 2551 1094 2605 Quare
1131 2566 1183 2594 ex
1224 2552 1305 2595 hoc
1345 2560 1534 2608 tempore
1562 2551 1690 2608 paulo

145 2627 300 2669 certior
329 2625 647 2682 provinciarum
675 2624 781 2666 ratio
809 2623 969 2666 servari
996 2630 1145 2680 coepta
1176 2632 1254 2675 est,
1286 2639 1396 2680 quae
1424 2630 1561 2673 antea,
1592 2638 1691 2665 cum

144 2698 256 2741 bella
279 2713 448 2755 semper
469 2698 537 2741 vel
554 2704 804 2754 gererentur
822 2697 891 2738 vel
909 2702 1246 2752 expectarentur,
1270 2697 1358 2739 fere
1377 2694 1690 2752 negligebatur.

144 2771 290 2826 Atque
327 2769 488 2813 Caesar
523 2769 720 2825 quidem,
757 2775 982 2825 postquam
1016 2782 1165 2824 pacem
1203 2783 1301 2810 cum
1332 2767 1397 2810 M.
1429 2767 1613 2809 Antonio
1640 2780 1690 2809 ac

144 2843 273 2899 paulo
303 2850 398 2899 post
424 2842 551 2885 etiam
583 2857 680 2885 cum
712 2839 813 2884 Sex.
840 2839 1046 2896 Pompeio
1078 2839 1335 2897 composuit,
1377 2853 1486 2882 anno
1515 2838 1567 2882 39
1596 2837 1690 2895 ipse
