1846 3100
582 139 637 172 De
661 139 908 182 propagatione
932 139 1076 172 civitatis
1100 138 1288 171 Romanae.
1627 135 1707 178 357

159 249 298 303 videri
328 255 482 306 potest,
517 262 597 291 nec
633 253 718 288 tam
753 245 808 288 ad
842 245 1118 287 Latinitatem
1146 245 1298 302 ipsam,
1328 260 1457 302 quam
1488 245 1544 289 ad
1572 245 1709 290 simile

160 322 335 379 aliquod
371 323 441 365 ius
479 320 675 378 pertinet,
717 326 858 362 tamen
898 316 1055 361 Strabo
1093 318 1172 369 IV,
1214 321 1249 368 1,
1286 318 1335 361 12
1378 321 1422 361 τὸ
1454 319 1708 374 καλούμενον

161 395 322 446 Λάτιον,
353 397 459 436 ὥστε
493 393 588 438 τοὺς
618 391 866 438 ἀξιωθέντας
905 390 1181 445 ἀγορανομίας
1215 392 1282 432 καὶ
1318 392 1501 446 ταμιείας
1527 416 1580 422 -
1608 388 1709 433 Ῥω-

163 467 307 522 μαίους
345 467 556 522 ὑπάρχειν,
595 471 636 506 et
675 463 902 520 Appianus
936 460 1035 504 bell.
1068 461 1149 504 civ.
1185 461 1244 512 ΙΙ,
1274 462 1328 505 26
1373 463 1463 504 ὅσοι
1501 463 1587 505 κατ’
1623 463 1712 510 ἔτος

159 539 304 595 ἦρχον,
329 539 527 592 ἐγίγνοντο
548 534 770 591 Ῥωμαίων
791 536 966 584 πολῖται,
984 533 1172 576 indicant
1193 549 1281 584 eos,
1303 534 1377 590 qui
1406 537 1624 579 consecuti
1643 552 1711 579 es-

165 618 282 660 sent,
327 625 412 652 non
454 610 528 666 qui
572 607 942 652 administrassent
985 606 1296 663 magistratum,
1343 606 1459 649 cives
1496 607 1711 651 Romanos

162 683 297 726 factos
334 697 442 725 esse.
494 681 585 724 Nec
625 680 767 722 minus
806 679 922 735 apud
961 677 1121 721 Gaium
1159 678 1266 721 Inst.
1291 679 1328 729 I,
1359 679 1427 729 96,
1461 679 1535 722 ubi
1570 679 1712 736 ipsum

162 755 244 798 hoc
272 755 517 798 Latinitatis
547 754 616 796 ius
645 752 731 795 dici
761 751 946 801 videtur,
978 750 1043 793 bis
1070 759 1155 793 est:
1194 754 1240 793 lei
1271 759 1449 803 tantum,
1483 754 1556 806 qui
1583 755 1714 805 magi-

161 834 340 869 stratum
368 830 433 869 vel
457 829 647 868 honorem
677 830 846 878 gerunt,
875 824 933 864 ad
961 826 1167 864 civitatem
1195 827 1427 866 Romanam
1453 827 1712 878 perveniunt,

163 915 247 942 non
280 903 354 954 qui
382 905 621 953 gesserunt.-
662 911 747 952 quo
776 896 870 938 loco
901 895 1018 951 quod
1047 895 1101 938 de
1130 895 1290 938 minore
1327 903 1369 939 et
1401 896 1559 939 maiore
1588 895 1715 938 Latio

163 971 216 1015 ab
250 971 488 1015 Niebuhrio
531 969 822 1026 excogitatum
865 974 906 1010 et
946 983 970 1010 a
1007 968 1268 1024 quibusdam
1310 975 1596 1024 propagatum
1635 973 1713 1018 est,

165 1043 487 1087 commemorari
519 1043 589 1086 vel
613 1040 750 1085 refelli
778 1055 862 1082 non
895 1055 1003 1096 opus
1030 1047 1108 1083 est.

276 1117 584 1165 Veruntamen,
616 1120 713 1157 utut
745 1113 850 1155 haec
882 1120 994 1163 sunt,
1026 1127 1135 1168 quae
1157 1112 1308 1154 merito
1325 1112 1489 1164 leviora
1514 1111 1717 1154 videntur

165 1204 275 1239 esse,
308 1189 417 1231 duas
448 1188 532 1230 iam
563 1195 757 1230 tenemus
789 1185 989 1235 rationes,
1019 1200 1105 1240 qua
1128 1184 1272 1226 Latini
1300 1184 1345 1226 in
1373 1184 1508 1240 patria
1529 1199 1606 1226 sua
1626 1199 1716 1225 ma-

165 1268 314 1304 nentes
341 1261 396 1304 ad
423 1261 637 1303 civitatem
667 1259 906 1302 Romanam
936 1257 1198 1313 perveniant,
1225 1272 1367 1307 unam,
1403 1271 1501 1299 cum
1529 1257 1574 1298 in
1601 1257 1716 1299 colo-

169 1334 252 1376 niis
271 1334 537 1376 deducendis
556 1333 626 1376 vel
656 1331 784 1375 rebus
808 1330 992 1387 publicis
1025 1329 1334 1372 constituendis
1364 1329 1580 1386 principes
1612 1330 1717 1372 civi-

166 1414 249 1448 tate
304 1406 594 1455 donabantur,
639 1405 839 1454 alteram,
889 1417 999 1458 quae
1051 1416 1104 1444 ex
1148 1401 1470 1458 magistratibus
1516 1402 1718 1458 gerendis

167 1479 370 1522 nascitur.
416 1477 601 1520 Accedit
631 1476 766 1525 tertia,
798 1491 896 1518 cum
929 1475 1100 1518 virtutis
1134 1490 1263 1519 causa
1292 1475 1453 1531 singuli
1480 1475 1718 1531 praemium

168 1551 351 1594 civitatis
383 1548 662 1607 accipiebant,
694 1563 834 1604 neque
859 1548 905 1589 id
933 1563 1078 1590 rarum
1104 1548 1241 1590 fuisse
1262 1547 1547 1590 censebimus.
1589 1547 1719 1590 Multi

167 1624 303 1681 igitur
333 1631 453 1666 erant
484 1638 562 1679 per
594 1621 735 1664 omnia
766 1620 926 1677 oppida
952 1619 1120 1671 Latina,
1152 1620 1226 1676 qui
1254 1619 1380 1662 etiam
1408 1626 1634 1675 antequam
1649 1621 1720 1663 lex

168 1696 280 1738 Iulia
320 1695 566 1737 universam
607 1693 774 1736 Italiam
815 1692 1152 1748 comprehendit,
1194 1692 1312 1734 cives
1352 1691 1533 1734 Romani
1575 1700 1719 1735 essent

169 1782 308 1823 neque
338 1766 565 1822 quisquam
597 1767 686 1808 fere
716 1765 761 1807 in
789 1764 843 1807 iis
873 1764 1001 1820 paulo
1028 1764 1266 1820 insigniore
1293 1764 1466 1806 fortuna
1494 1771 1568 1807 aut
1595 1764 1718 1807 nobi-

168 1840 274 1882 liore
302 1853 460 1895 genere
489 1837 661 1880 videtur
687 1837 837 1887 fuisse,
866 1836 940 1892 qui
971 1836 1025 1878 ab
1055 1836 1240 1886 civitate,
1270 1851 1400 1892 quam
1431 1845 1620 1893 cuperet,
1650 1853 1718 1879 ar-

170 1919 349 1955 ceretur.
406 1910 496 1953 Sed
529 1925 698 1967 omnem
727 1909 838 1951 hanc
880 1907 1095 1950 civitatem
1123 1908 1360 1951 Romanam
1391 1909 1644 1951 Latinorum
1675 1909 1720 1951 in

170 1984 340 2041 oppidis
371 1983 461 2026 suis
491 1982 751 2025 manentium
780 1981 1013 2022 tenendum
1044 1988 1108 2023 est
1147 1981 1402 2023 deteriorem
1430 1980 1564 2023 fuisse
1590 1996 1720 2037 quam

170 2072 263 2100 eam
293 2055 523 2106 civitatem,
551 2069 681 2111 quam
711 2053 794 2110 ipsi
827 2053 1009 2095 Romani
1037 2052 1263 2095 habebant.
1319 2051 1504 2095 Carebat
1537 2053 1650 2095 enim
1680 2060 1722 2095 et

171 2129 265 2171 iure
299 2119 507 2183 suffragii,
538 2126 640 2183 quia
667 2125 826 2182 oppida
847 2124 1003 2167 Latina
1031 2140 1110 2181 per
1137 2125 1276 2168 tribus
1305 2139 1390 2167 non
1423 2132 1542 2167 erant
1569 2125 1720 2175 divisa,

172 2208 214 2244 et
255 2201 347 2243 iure
386 2200 609 2243 honorum.
664 2199 764 2242 Hoc
803 2197 995 2240 nondum
1034 2212 1059 2239 a
1097 2212 1311 2253 quoquam
1355 2212 1518 2248 eorum,
1557 2197 1632 2253 qui
1667 2197 1721 2239 de

173 2273 403 2316 Latinitate
441 2271 735 2328 disputarunt,
775 2268 1124 2313 animadversum
1159 2284 1254 2312 esse
1293 2275 1509 2325 putamus,
1549 2269 1626 2312 sed
1655 2276 1720 2312 est

173 2354 314 2388 tamen
357 2344 665 2396 certissimum,
706 2360 791 2388 non
828 2342 957 2385 modo
998 2348 1173 2398 propter
1211 2340 1534 2384 similitudinem
1576 2357 1723 2384 eorum

173 2418 335 2461 civium
371 2418 674 2467 Romanorum,
711 2431 820 2472 quos
852 2422 1002 2471 postea
1032 2414 1237 2464 vidimus,
1276 2428 1373 2456 cum
1405 2421 1524 2456 extra
1555 2413 1722 2456 Italiam

174 2489 346 2532 oriundi
370 2497 526 2539 essent,
558 2489 710 2531 eodem
741 2487 936 2543 suffragii
967 2486 1263 2540 honorumque
1290 2485 1382 2528 iure
1413 2485 1616 2534 caruisse,
1645 2485 1722 2527 sed

179 2561 408 2617 perspicuo
446 2560 563 2604 Livii
606 2560 861 2610 testimonio,
893 2559 968 2615 qui
1003 2557 1100 2600 libr.
1129 2557 1312 2607 XXIII,
1343 2557 1396 2600 22
1429 2563 1528 2613 post
1558 2557 1723 2599 cladem

182 2631 453 2676 Cannensem
485 2639 640 2683 narrat,
673 2647 771 2674 cum
802 2631 973 2688 plurimi
1002 2638 1217 2673 senatores
1249 2629 1518 2679 cecidissent,
1543 2629 1724 2671 mentio-

127 2723 132 2727 ·
181 2719 278 2747 nem
307 2705 351 2746 in
383 2711 532 2747 senatu
559 2705 715 2748 factam
746 2719 855 2755 esse,
886 2711 934 2746 ut
958 2704 1040 2746 hoc
1067 2702 1276 2744 honorum
1306 2701 1374 2743 ius
1406 2700 1724 2757 quodammodo

178 2776 346 2819 Latinis
377 2776 677 2833 impertiretur.
731 2779 799 2830 Sp.
832 2778 1049 2826 Carvilius,
1081 2774 1233 2831 inquit,
1261 2788 1352 2814 cum
1385 2776 1511 2826 longa
1541 2775 1726 2814 oratione

180 2863 264 2890 non
299 2851 428 2890 solum
461 2851 656 2902 inopiam,
694 2851 763 2890 sed
788 2851 1045 2903 paucitatem
1076 2850 1200 2889 etiam
1236 2848 1402 2896 civium,
1430 2860 1480 2886 ex
1509 2845 1650 2899 quibus
1679 2847 1725 2885 in
