1846 3100
522 155 576 187 De
601 155 734 195 legibus
761 152 1022 195 municipalibus
1049 152 1252 194 Hispanicis.
1579 147 1660 191 313

111 281 289 324 prorsus
314 266 516 308 memoria
541 271 606 307 est
631 262 746 321 apud
764 261 953 304 Plinium
982 262 1048 303 vel
1072 259 1179 303 iuris
1209 259 1465 317 significatio
1489 260 1660 303 omissa.

111 339 180 381 Ex
208 337 366 394 quibus
409 338 445 380 si
478 352 614 379 unum
649 342 883 378 statuamus
922 349 1016 376 esse
1049 333 1158 375 illud
1190 333 1472 390 municipium
1502 333 1660 375 civium

110 410 422 461 Romanorum,
462 410 550 452 duo
594 408 914 463 relinquuntur,
957 420 1066 461 quae
1109 421 1208 448 cum
1252 405 1426 447 ineunte
1464 405 1659 462 Augusti

110 482 289 538 imperio
307 482 499 524 nondum
518 481 734 524 civitatem
748 479 984 522 Romanam
1002 478 1221 528 haberent,
1245 485 1426 520 exeunte
1443 477 1661 534 accepisse

109 554 328 612 probabile
354 555 420 597 sit.
466 552 778 608 Simillimaque
804 551 849 593 in
866 550 1093 593 Lusitania
1110 549 1279 593 Eborae
1307 557 1371 593 est
1399 550 1520 600 ratio,
1551 565 1661 606 quae

112 643 208 671 cum
239 627 292 670 ab
320 627 459 670 Plinio
485 626 597 668 inter
623 625 778 667 Latina
807 624 986 681 oppida,
1019 630 1068 665 ut
1094 623 1305 673 diximus,
1342 624 1571 672 referatur,
1606 621 1659 664 ab

111 700 316 758 Augusto
347 700 563 742 civitatem
580 698 817 740 Romanam
847 712 897 739 ac
924 696 994 738 ius
1021 696 1242 752 municipii
1269 695 1447 752 accepit,
1477 695 1522 736 id
1543 695 1660 751 quod

112 789 165 816 ex
195 773 381 815 nummis
415 770 532 828 apud
561 769 742 812 Eckhel.
771 769 828 810 D.
858 768 910 810 N.
938 769 961 810 I
990 784 1032 825 p.
1065 771 1108 810 11
1140 767 1407 824 intelligitur.
1473 768 1524 809 In
1551 768 1661 809 Bae-

111 846 196 888 tica
224 845 399 901 quidem
431 843 692 901 singularem
716 842 827 884 hanc
844 841 973 883 Plinii
999 856 1132 898 prope
1154 841 1336 882 dixerim
1357 839 1661 896 negligentiam

112 917 376 974 deprehendi
405 932 489 959 non
519 916 631 957 licet.
686 915 737 957 In
767 930 852 969 qua
879 914 1102 970 provincia
1127 914 1326 969 quoniam
1360 927 1413 955 ex
1440 919 1535 955 octo
1566 928 1661 955 mu-

111 990 302 1046 nicipiis,
338 1004 447 1044 quae
476 988 611 1030 fuisse
639 987 719 1037 ait,
753 986 840 1028 duo
871 993 1037 1028 tantum
1066 985 1276 1036 nominat,
1307 1001 1417 1041 quae
1446 991 1662 1041 praeterea

114 1068 436 1119 cognoscuntur
466 1076 519 1103 ex
549 1060 736 1102 nummis
765 1059 999 1115 municipia
1026 1058 1161 1108 Arva,
1194 1058 1362 1108 Italica,
1392 1057 1588 1107 Obulco,
1619 1057 1663 1098 in

113 1151 188 1180 sex
216 1135 323 1185 illis,
351 1149 461 1190 quae
488 1133 543 1176 ab
575 1148 625 1175 eo
655 1147 740 1175 non
770 1132 1063 1182 nominantur,
1102 1138 1284 1188 possunt
1313 1146 1407 1173 esse
1436 1130 1568 1186 idque
1596 1138 1663 1172 est

112 1224 162 1251 eo
189 1207 473 1265 probabilius,
510 1205 627 1261 quod
653 1204 989 1247 Tarraconensis
1017 1205 1113 1247 iura
1143 1219 1221 1246 cur
1250 1204 1303 1247 ab
1333 1204 1538 1259 Augusto
1566 1210 1660 1245 tan-

112 1288 258 1337 topere
287 1286 450 1322 mutata
477 1279 580 1329 sint,
617 1278 769 1319 idonea
795 1292 924 1319 causa
947 1277 1223 1334 intelligitur3
1266 1276 1523 1333 gravissima
1549 1275 1663 1317 enim

115 1368 215 1396 cum
247 1351 484 1395 Asturibus
516 1358 558 1393 et
587 1348 814 1392 Cantabris
846 1349 958 1391 bella
994 1356 1116 1406 gesta
1152 1357 1292 1399 erant,
1330 1348 1488 1405 quibus
1532 1349 1663 1391 finitis

113 1426 237 1468 multi
263 1424 464 1482 praemiis
493 1422 709 1465 afficiendi
739 1437 788 1464 ac
815 1422 949 1464 multa
971 1421 1272 1464 constituenda
1293 1429 1424 1465 erant.
1469 1421 1531 1464 At
1551 1422 1662 1464 Bae-

111 1499 219 1549 tica,
264 1512 372 1553 quae
404 1495 668 1552 quietissima
695 1495 854 1544 fuerat,
895 1509 975 1536 nec
1001 1494 1290 1550 praemiorum
1319 1509 1399 1537 nec
1427 1509 1663 1551 poenarum

113 1571 381 1614 occasionem
412 1568 656 1626 praebebat.

226 1643 324 1685 Hoc
361 1642 496 1699 igitur
531 1656 628 1683 cum
672 1648 786 1684 esset
817 1640 1127 1697 Hispaniarum
1163 1639 1254 1690 ius,
1294 1639 1411 1695 quod
1449 1654 1501 1680 ex
1533 1639 1664 1681 Plinii

112 1715 360 1758 recensione
390 1715 586 1770 quamvis
614 1715 766 1757 leviter
793 1713 1085 1770 cognoscitur,
1125 1712 1418 1768 Vespasianus
1447 1712 1662 1754 universis

112 1787 288 1830 Latium
317 1786 488 1837 tribuit,
525 1790 705 1828 iactatus
734 1787 806 1828 ille
837 1785 1034 1842 quidem,
1077 1790 1126 1825 ut
1155 1783 1323 1826 Plinius
1356 1784 1436 1834 ait,
1473 1787 1665 1837 procellis

112 1863 176 1901 rei
197 1860 386 1913 publicae
415 1860 442 1901 i.
473 1874 508 1900 e.
548 1866 719 1901 coactus
752 1859 880 1901 >bellis
919 1857 1144 1906 civilibus,
1189 1870 1298 1912 quae
1334 1863 1662 1899 antecesserant.

113 1931 295 1974 Nolebat
326 1932 439 1974 enim
468 1931 676 1974 beneficia
704 1932 870 1987 imperii
898 1939 983 1972 tam
1015 1929 1209 1972 celeriter
1235 1942 1285 1970 ac
1318 1934 1405 1970 tam
1443 1927 1526 1971 late
1562 1944 1663 1985 pro-

112 2005 284 2061 pagari,
326 2004 402 2047 sed
433 2019 530 2047 cum
560 2003 701 2047 Galba
730 2020 783 2047 ex
809 1994 1144 2052 Tarraconensi,
1186 2001 1301 2044 Otho
1332 2017 1384 2044 ex
1414 2001 1665 2044 Lusitanica

114 2077 327 2134 legatione
358 2077 413 2119 ad
442 2078 666 2134 imperium
697 2077 994 2134 pervenissent
1021 2075 1252 2130 multaque,
1282 2082 1331 2116 ut
1359 2089 1438 2130 par
1467 2081 1576 2123 erat,
1609 2073 1662 2116 iis

113 2149 363 2206 provinciis,
392 2150 507 2192 unde
534 2150 715 2206 profecti
742 2157 881 2200 erant,
915 2155 956 2191 et
988 2148 1148 2204 gratiae
1179 2146 1429 2190 referendae
1459 2154 1502 2188 et
1530 2145 1663 2188 studii

115 2222 328 2264 excitandi
354 2237 484 2264 causa
511 2221 775 2272 tribuissent,
806 2221 937 2264 adimi
966 2236 1016 2263 ea
1041 2235 1126 2262 non
1153 2234 1279 2276 posse
1305 2218 1569 2274 intelligebat
1597 2219 1663 2260 in-

115 2294 329 2350 vitusque,
359 2309 455 2336 cum
486 2309 709 2337 censuram
727 2294 825 2336 Tito
856 2293 1021 2349 collega
1047 2291 1321 2348 suscepisset,
1350 2305 1400 2333 eo
1425 2290 1661 2341 descendit,

115 2374 164 2409 ut
195 2366 468 2408 Latinitatem
509 2366 708 2408 omnibus
747 2365 1013 2408 concederet.
1087 2364 1175 2407 Sed
1207 2364 1379 2406 diversa
1408 2359 1664 2419 oppidorum

116 2453 273 2495 genera
303 2439 386 2481 iam
415 2445 539 2481 antea
567 2439 749 2481 fuerant.
813 2437 934 2492 Quid
963 2437 1075 2479 enim
1106 2436 1284 2478 coloniis
1315 2442 1356 2478 et
1386 2435 1546 2478 civium
1575 2435 1662 2477 Ro-

115 2525 336 2554 manorum
369 2510 539 2566 oppidis
565 2510 776 2553 Latinitas
804 2509 1031 2567 proderat?
1087 2508 1201 2550 Num
1227 2508 1293 2550 his
1319 2508 1425 2549 nihil
1455 2506 1664 2549 tributum

115 2590 181 2626 e'st
214 2583 382 2639 ipsique
423 2597 521 2624 cum
552 2582 703 2637 reliqui
734 2589 850 2624 tanto
881 2581 1089 2624 beneficio
1123 2580 1244 2636 digni
1275 2594 1370 2622 esse
1397 2579 1662 2630 viderentur,

115 2655 220 2697 nihil
260 2655 546 2710 acceperunt?
598 2654 793 2696 Primum
832 2654 868 2696 si
901 2654 1019 2709 quod
1049 2667 1264 2695 summum
1293 2658 1381 2694 erat
1410 2651 1454 2693 in
1483 2651 1663 2707 imperio

115 2727 310 2770 Romano
344 2726 487 2782 adepti
520 2733 662 2776 erant,
703 2726 810 2768 nihil
843 2725 980 2782 potuit
1018 2725 1149 2767 tribui
1188 2724 1288 2766 novi
1324 2724 1452 2774 iuris,
1491 2738 1576 2779 quo
1611 2737 1664 2765 ex

117 2813 274 2856 genere
304 2805 423 2840 erant
449 2813 610 2854 paucae
639 2798 735 2841 illae
764 2799 954 2841 coloniae
981 2797 1088 2839 iuris
1116 2795 1268 2846 Italici,
1299 2809 1406 2851 quae
1432 2795 1477 2837 in
1503 2795 1663 2852 Hispa-

117 2871 187 2913 nia
210 2871 499 2915 inveniuntur.
541 2870 712 2912 Deinde
738 2870 933 2927 quamvis
960 2869 1173 2913 civitatem
1192 2868 1425 2911 Romanam
1445 2867 1663 2918 haberent,
