1846 3100
223 160 304 205 368
635 163 690 195 De
716 162 964 205 propagatione
992 162 1138 196 civitatis
1164 163 1353 197 Romanae.

223 271 466 322 docuimus,
507 285 665 327 easque
703 277 890 320 tantum,
927 285 1038 326 quae
1073 269 1319 314 hominibus
1362 271 1523 315 Italicis
1562 272 1772 316 deductae
1834 275 1837 278 ’

225 351 382 394 essent,
413 344 531 399 quod
565 343 617 386 ab
654 342 819 399 origine
850 339 955 399 ipsa*
973 342 1180 385 haberent
1205 343 1289 394 ius,
1320 358 1403 386 non
1445 344 1640 388 amisisse
1671 359 1773 388 con-

223 416 417 459 iecimus.
472 416 633 470 Quare,
662 416 698 458 si
727 415 771 457 in
802 414 898 457 illas
928 429 1100 470 quoque
1131 416 1318 459 colonias
1347 417 1658 460 tantumcives
1684 416 1774 460 Ro-

223 489 351 539 mani,
390 488 465 545 qui
502 489 664 545 optimo
704 489 796 530 iure
834 495 991 538 essent,
1031 487 1372 540 deducebantur,
1407 504 1461 531 ne
1489 489 1568 532 hos
1597 489 1774 545 quidem

224 562 360 618 capite
403 561 646 604 deminutos
686 576 782 603 esse
811 560 1012 616 quodque
1043 560 1297 604 habuissent
1321 561 1390 604 ius
1420 562 1646 613 honorum,
1673 561 1774 604 reti-

223 635 372 677 nuisse
409 634 620 676 existimo.
679 633 911 688 Reliquum
951 640 1041 675 erat
1074 641 1175 676 ante
1210 634 1352 690 legem
1387 633 1539 676 Iuliam
1571 633 1615 676 in
1651 629 1775 677 Italia

225 713 463 749 ceterorum
498 706 712 749 sociorum
740 720 878 762 genus
911 705 1135 761 multiplex
1164 721 1265 748 sane
1295 720 1345 748 ac
1371 706 1551 749 varium.
1605 707 1658 749 In
1689 721 1775 762 quo

225 794 328 821 num
376 779 588 821 neminem
631 778 766 821 fuisse
806 784 1031 834 putamus,
1071 778 1145 834 qui
1181 779 1352 821 civitate
1387 779 1579 822 Romana
1615 778 1774 835 dignus

231 866 325 894 esse
358 851 604 893 videretur?
660 850 744 892 Tot
777 850 936 893 scimus
968 850 1103 893 fuisse
1134 851 1265 894 urbes
1296 851 1564 906 aequissimis
1593 851 1776 894 foederi-

227 925 309 967 bus
339 923 567 980 praeditas,
609 930 670 965 tot
700 923 998 979 antiquissima
1034 923 1234 966 societate
1266 938 1363 966 cum
1394 923 1551 980 populo
1579 923 1773 966 Romano

226 997 491 1047 coniunctas,
537 1011 647 1052 quae
691 1011 743 1037 ne
788 995 978 1038 Marsico
1021 995 1195 1051 quidem
1239 996 1352 1038 bello
1392 995 1522 1038 fidem
1559 996 1776 1047 mutarint,

225 1085 407 1126 quarum
445 1069 663 1126 principes
702 1068 885 1111 civitatis
926 1067 1144 1110 Romanae
1182 1068 1372 1125 praemio
1413 1066 1651 1125 prohibitos
1683 1083 1777 1111 esse

223 1157 375 1198 parum
403 1141 624 1198 probabile
655 1148 734 1183 est.
789 1138 837 1183 Si
866 1140 1049 1183 dictator
1079 1140 1242 1184 Caesar
1269 1155 1419 1183 recens
1450 1140 1610 1183 domita
1636 1139 1779 1183 Gallia

229 1215 484 1257 Aeduorum
522 1214 738 1270 principes
778 1221 934 1264 tamen,
975 1229 1061 1269 quo
1099 1214 1232 1256 artius
1274 1227 1372 1255 cum
1409 1213 1587 1269 imperio
1625 1227 1776 1256 conso-

226 1287 370 1337 ciaret,
404 1287 573 1329 civitate
601 1286 826 1329 donandos
857 1301 953 1329 esse
985 1286 1164 1342 putavit,
1195 1285 1230 1327 si
1260 1283 1542 1328 barbarorum
1570 1299 1696 1341 reges
1727 1301 1777 1328 ac

225 1359 442 1416 principes
479 1360 569 1402 fere
601 1359 784 1402 civitatis
812 1359 1031 1402 Romanae
1062 1357 1298 1415 praemium
1329 1357 1608 1414 accipiebant,
1636 1373 1777 1401 nonne

226 1446 303 1488 per
334 1432 482 1474 Italiae
524 1431 683 1488 oppida
713 1432 959 1488 quicunque
997 1430 1206 1486 dignitate
1243 1437 1368 1485 atque
1401 1430 1556 1486 opibus
1587 1438 1776 1487 praesta-

228 1504 343 1554 bant,
375 1504 429 1546 ad
462 1505 645 1547 civitatis
671 1504 889 1546 Romanae
917 1502 1258 1546 communionem
1288 1501 1499 1545 admissos
1531 1517 1626 1546 esse
1653 1503 1776 1545 intel-

226 1576 443 1634 ligemus?
495 1578 547 1620 In
577 1576 726 1620 Sicilia
754 1576 944 1632 quidem,
975 1583 1203 1630 antequam
1229 1582 1317 1617 tota
1345 1575 1488 1617 insula
1503 1574 1777 1618 Latinitatem

228 1656 458 1693 consecuta
499 1657 576 1701 est,
617 1650 774 1692 multos
813 1649 979 1692 nobiles
1021 1648 1138 1690 cives
1177 1648 1391 1690 Romanos
1425 1648 1562 1690 fuisse
1598 1655 1777 1698 constat,

229 1721 348 1763 velut
379 1719 460 1763 Cn.
490 1721 716 1779 Pompeios
751 1721 985 1764 Basiliscos
1023 1728 1064 1762 et
1102 1720 1362 1762 Percennios
1395 1727 1436 1762 et
1471 1719 1526 1774 Q.
1555 1719 1775 1762 Lutatium

228 1793 473 1836 Diodorum
507 1801 549 1836 et
587 1794 642 1836 A.
676 1792 909 1836 Claudium
940 1799 981 1835 et
1017 1790 1097 1835 Cn.
1125 1792 1379 1848 Pompeium
1407 1791 1632 1835 Philonem
1663 1789 1776 1847 (Cic.

229 1867 272 1908 in
303 1866 428 1910 Verr.
454 1866 533 1916 IV,
568 1868 614 1908 11
649 1873 691 1908 et
723 1866 771 1909 17
799 1873 840 1908 et
867 1865 956 1920 22),
986 1865 1060 1921 qui
1088 1866 1177 1907 fere
1208 1864 1385 1907 Sullana
1414 1871 1550 1907 aetate
1576 1865 1779 1907 videntur

232 1953 327 1981 esse
372 1939 494 1981 facti:
539 1938 655 1980 unde
695 1953 804 1994 quae
843 1938 936 1980 eius
974 1937 1223 1994 provinciae
1265 1936 1460 1979 condicio
1499 1944 1597 1993 post
1638 1937 1777 1993 legem

231 2011 388 2053 Iuliam
420 2010 562 2060 fuerit,
593 2010 772 2053 eandem
796 2010 944 2053 Italiae
971 2010 1109 2066 ipsius
1129 2016 1225 2052 ante
1244 2023 1337 2051 eam
1354 2009 1490 2052 fuisse
1512 2009 1779 2066 colligemus.

231 2082 466 2125 Pauciores
507 2082 642 2138 igitur
687 2083 729 2124 in
770 2082 984 2125 sociorum
1021 2081 1190 2137 oppidis
1232 2081 1347 2124 cives
1383 2081 1600 2124 Romanos
1642 2081 1778 2124 fuisse

230 2154 378 2197 iudico
409 2169 536 2211 quam
567 2155 612 2196 in
639 2154 821 2204 Latinis,
853 2154 929 2197 sed
960 2154 1116 2197 multos
1143 2159 1284 2195 tamen
1305 2166 1386 2194 nec
1407 2151 1534 2195 nimis
1561 2153 1778 2209 difficilem

234 2227 450 2269 civitatem
487 2242 541 2269 ne
580 2226 647 2269 his
685 2227 857 2282 quidem
898 2227 1034 2270 fuisse
1071 2225 1127 2268 ad
1157 2223 1520 2280 consequendum.
1579 2225 1668 2267 Sed
1697 2225 1779 2268 hoc

234 2298 376 2349 video,
413 2299 602 2341 omnium
639 2299 794 2341 horum
820 2313 1031 2342 novorum
1059 2298 1217 2341 civium
1246 2297 1414 2340 nullum
1441 2295 1557 2339 aliud
1587 2298 1779 2353 potuisse

230 2385 326 2413 esse
358 2372 427 2413 ius
458 2386 586 2426 quam
619 2385 782 2421 eorum,
817 2371 891 2427 qui
920 2386 974 2414 ex
991 2370 1118 2413 Latio
1150 2376 1282 2419 erant,
1313 2375 1363 2411 ut
1390 2375 1431 2411 et
1458 2368 1551 2411 iure
1569 2368 1779 2412 honorum

229 2450 421 2486 carerent
457 2457 537 2485 nec
574 2443 737 2485 tribum
766 2443 995 2486 haberent:
1037 2442 1112 2498 qui
1143 2449 1284 2484 tamen
1316 2440 1532 2483 domicilio
1562 2455 1616 2483 ex
1644 2441 1780 2497 patria

228 2515 434 2558 translato
477 2514 639 2558 Romae
680 2516 998 2565 consedissent,
1039 2529 1111 2556 eos
1138 2529 1232 2556 vnon
1264 2513 1406 2555 minus
1439 2527 1568 2568 quam
1595 2511 1776 2555 Latinos

226 2602 305 2644 per
332 2602 509 2630 censum
541 2587 585 2629 in
616 2587 754 2630 tribus
784 2594 978 2644 receptos
1000 2586 1286 2642 optimamque
1310 2585 1524 2628 civitatem
1540 2585 1776 2628 Romanam

229 2667 482 2703 consecutos
508 2675 603 2703 esse
633 2674 801 2703 censeo.
853 2659 954 2713 Quo
984 2659 1027 2700 in
1054 2673 1211 2713 genere
1238 2658 1409 2714 insigne
1439 2657 1679 2713 exemplum
1709 2671 1777 2700 re-

228 2731 365 2774 fertur
393 2731 508 2788 apud
539 2732 682 2775 Valer.
713 2732 831 2774 Max.
860 2731 943 2781 III,
967 2730 1006 2780 4,
1026 2731 1051 2773 5
1081 2730 1143 2772 M.
1162 2731 1422 2786 Perpernae,
1449 2744 1532 2772 cos.
1553 2729 1651 2772 anni
1683 2728 1777 2780 130,

228 2803 303 2858 qui
338 2818 435 2846 cum
466 2804 594 2858 paulo
623 2811 720 2859 post
752 2804 795 2845 in
833 2803 1137 2859 proconsulatu
1169 2803 1441 2854 decessisset,
1481 2810 1601 2859 pater
1633 2802 1726 2844 eius
1753 2816 1779 2843 a

228 2875 524 2931 popularibus,
553 2876 670 2931 quod
699 2884 847 2918 contra
874 2876 994 2932 leges
1027 2876 1240 2919 civitatem
1260 2883 1526 2932 usurpasset,
1551 2880 1777 2918 accusatus
