1846 3100
163 125 218 169 70
611 128 664 159 De
688 126 802 159 Gallia
828 128 1061 159 Romanorum
1095 128 1280 170 provincia.

165 237 360 279 iunctum
390 237 551 287 fuerat,
583 236 637 279 ad
666 235 850 279 Galliam
882 233 1147 292 Cisalpinam
1175 238 1452 290 adficeretur,
1493 247 1540 282 ut
1571 255 1621 283 ea
1653 241 1716 284 sie

167 315 292 351 aucta
317 309 535 365 provincia
552 307 726 350 Caesari
748 308 798 350 ‘in
830 308 1172 363 quinquennium
1199 311 1451 362 traderetur,
1482 319 1531 354 ut
1561 312 1597 355 is
1614 320 1717 368 quot

167 381 295 423 vellet
323 381 487 437 legatos
521 379 602 423 sibi
632 381 724 437 ipse
755 380 977 436 deligeret,
1014 380 1198 436 denique
1228 382 1325 425 Vol.
1356 383 1403 426 Π
1433 399 1473 440 p.
1507 383 1604 434 240,
1641 383 1716 426 ubi

165 453 314 496 eadem
341 454 438 510 lege
458 451 631 495 Cretam
657 452 841 494 insulam
873 467 897 493 a
914 451 1170 495 Macedonia
1196 454 1430 498 seiunctam
1461 470 1556 498 esse
1578 456 1716 499 videri

166 515 458 582 exposuimus.
517 525 640 567 Haec
667 540 776 580 quae
808 524 908 566 olim
938 540 963 567 a
991 524 1116 567 nobis
1150 526 1379 569 constituta
1412 535 1525 579 sunt,
1555 534 1717 583 nequa4

166 612 294 653 quam
321 597 464 640 hercle
503 611 616 638 nunc
650 596 911 638 mutabimus
943 596 1188 652 (verissima
1216 598 1330 641 enim
1359 614 1455 643 esse
1493 599 1635 642 omnia
1664 615 1718 642 ex

167 670 314 712 multis
340 669 471 712 rebus
500 669 834 722 intelleximus),
873 668 949 710 sed
979 668 1087 710 illud
1125 669 1401 723 adiiciemus,
1443 672 1593 715 eadem
1621 673 1718 727 lege

165 742 339 786 Vatinia
368 741 555 784 Galliam
587 738 872 797 Cisalpinam,
917 755 1025 796 quae
1053 748 1178 785 antea
1211 758 1309 785 cum
1335 744 1460 786 Italia
1493 743 1719 786 coniuncta

167 813 329 863 fuerat,
366 813 411 854 in
442 813 511 855 ius
539 813 805 869 formamque
842 813 1067 869 peculiaris
1097 814 1341 870 provinciae
1370 831 1466 859 esse
1496 823 1715 859 mutatam.

166 884 376 926 Nimirum
407 885 759 942 proficiscebatur
786 885 1001 935 Vatinius,
1033 900 1130 927 cum
1159 885 1301 942 legem
1329 888 1643 931 commendaret
1669 903 1719 930 ao

166 957 452 999 necessariam
485 972 579 1000 esse
609 958 792 1008 diceret,
829 958 883 1000 ab
912 958 1060 1000 eadem
1095 973 1163 1008 re,
1204 974 1312 1014 quae
1343 975 1427 1002 non
1462 961 1594 1003 multo
1622 967 1719 1003 ante

171 1036 365 1072 senatum
396 1036 606 1079 moverat,
635 1037 683 1071 ut
710 1030 855 1073 ambos
882 1031 1081 1073 consules
1106 1031 1163 1076 dn
1188 1031 1311 1074 Italia
1339 1032 1586 1075 retinendos
1623 1047 1719 1076 esse

168 1108 361 1159 putaret,
404 1117 429 1144 a
457 1109 573 1143 metu
604 1102 703 1144 belli
736 1102 914 1153 Gallici,
956 1103 1071 1158 quod
1108 1111 1335 1160 postquam
1368 1105 1444 1147 diu
1480 1111 1718 1148 extractum

171 1181 281 1224 erat,
332 1180 453 1224 tunc,
495 1174 595 1229 quia
638 1174 807 1217 barbari
852 1175 906 1216 ad
949 1175 1057 1217 fines
1090 1175 1258 1232 imperii
1295 1176 1578 1227 accedebant,
1634 1192 1720 1220 non

167 1246 351 1303 amplius
393 1245 622 1289 videbatur
657 1262 784 1303 posse
829 1246 991 1291 evitari.
1047 1248 1098 1290 In
1133 1262 1216 1302 quo
1256 1248 1441 1303 primum
1480 1264 1588 1305 opus
1629 1257 1719 1293 erat

166 1318 419 1374 imperatore
449 1333 536 1360 uno
563 1326 604 1360 et
635 1327 771 1369 certo,
812 1334 864 1361 ne
905 1319 1021 1374 quod
1053 1333 1178 1374 saepe
1208 1320 1371 1362 factum
1401 1328 1512 1371 erat,
1550 1321 1719 1364 vicissi-

168 1390 318 1432 tudine
343 1397 415 1431 aut
442 1390 654 1432 divisione
683 1391 850 1447 imperii
886 1391 1030 1433 clades
1060 1391 1339 1447 acciperetur.
1399 1393 1491 1434 Iam
1522 1393 1583 1435 sie
1611 1408 1719 1449 quo-

168 1462 308 1505 tannis
341 1462 619 1504 consuevisse
646 1462 738 1504 fieri
768 1462 1009 1512 docuimus,
1040 1472 1088 1504 ut
1113 1463 1220 1505 alter
1250 1471 1362 1506 certe
1393 1465 1615 1507 consulum
1632 1466 1719 1508 Ita-

171 1535 271 1576 liam
289 1533 558 1590 Galliamque
583 1534 827 1585 sortiretur3
857 1549 988 1590 quare
1007 1550 1106 1577 cum
1126 1550 1268 1577 annua
1291 1551 1339 1577 ea
1357 1543 1469 1578 esset
1485 1537 1718 1593 provincia,

167 1619 207 1649 et
244 1605 405 1649 Caesar
433 1606 650 1649 metuebat
678 1622 732 1649 ne
762 1615 909 1650 exacto
940 1607 1194 1663 magistratu
1224 1608 1398 1650 inermis
1427 1608 1610 1652 inimicis
1642 1609 1720 1651 ob-

170 1679 381 1729 iiceretur,
415 1685 456 1720 et
473 1678 674 1721 Vatinius
705 1679 942 1734 periculum
974 1694 1069 1721 esse
1099 1679 1283 1730 dicebat,
1310 1695 1363 1722 ne
1392 1681 1460 1723 vel
1482 1688 1720 1724 mutaretur

168 1753 399 1808 imperator
425 1751 506 1800 vel,
541 1750 576 1792 si
605 1757 834 1807 prorogato
863 1751 1041 1808 imperio
1062 1752 1389 1807 relinqueretur,
1418 1752 1600 1795 divisam
1620 1768 1718 1796 cum

169 1824 359 1874 consule,
387 1824 457 1866 eui
485 1823 606 1866 Italia
637 1822 875 1880 obtigisset,
909 1830 1162 1880 potestatem
1190 1832 1365 1867 teneret.
1425 1824 1576 1881 Neque
1604 1825 1718 1868 enim

167 1897 384 1956 probabile
414 1903 527 1946 erat,
558 1896 833 1952 repetituram
863 1911 958 1940 esse
987 1897 1203 1939 civitatem
1229 1897 1360 1947 illud,
1401 1897 1518 1952 quod
1545 1897 1645 1940 olim
1673 1897 1717 1940 in

170 1969 221 2014 C.
254 1971 395 2013 Mario
426 1969 670 2025 usurpavit,
714 1969 782 2011 cui
824 1984 922 2011 eum
957 1969 1183 2025 imperium
1219 1969 1463 2012 conservari
1499 1978 1716 2025 cuperent,

167 2059 243 2100 per
275 2042 527 2085 sexennium
567 2041 836 2084 consulatum
875 2041 1257 2092 continuaverunt,
1304 2041 1419 2097 quod
1460 2041 1496 2083 si
1536 2056 1588 2083 ne
1624 2047 1716 2084 tum

169 2114 343 2171 quidem
379 2114 424 2155 in
464 2114 650 2155 maxima
679 2113 946 2169 optimatium
983 2113 1258 2169 depressione
1298 2128 1348 2155 ae
1383 2113 1600 2156 debilitate
1634 2114 1717 2157 nisi

170 2201 268 2228 cum
307 2200 463 2240 magno
501 2183 663 2227 ambitu
702 2186 901 2241 turpique
945 2185 1169 2242 largitione
1205 2186 1363 2227 factum
1403 2193 1514 2235 erat,
1558 2193 1716 2241 qua-nto

170 2258 313 2301 minus
337 2257 407 2299 vel
421 2255 597 2299 Caesari
626 2257 693 2298 vel
723 2257 794 2298 alii
824 2257 966 2307 alicui,
996 2257 1190 2313 quamvis
1219 2257 1380 2300 bonum
1412 2271 1506 2312 sese
1533 2257 1716 2314 impera-

170 2337 304 2373 torem
328 2329 632 2386 praestitisset,
673 2335 734 2370 tot
759 2328 974 2372 nobilibus
1004 2330 1231 2384 quotannis
1263 2329 1532 2371 consulatum
1559 2330 1715 2386 cupide

171 2400 495 2458 expectantibus
525 2399 695 2443 evenire
726 2400 892 2456 potuit?
953 2400 1053 2454 Quo
1083 2407 1304 2456 praetextu
1337 2401 1489 2443 callide
1519 2401 1590 2444 ille
1619 2402 1716 2458 qui-

171 2474 283 2524 dem,
314 2474 390 2516 sed
418 2487 517 2516 cum
549 2488 704 2529 magna
739 2478 879 2513 tamen
909 2472 1142 2515 honestatis
1174 2473 1457 2529 utilitatisque
1490 2474 1632 2530 speeie
1657 2474 1718 2517 ita

169 2546 368 2589 Vatinius
398 2545 611 2595 utebatur,
641 2552 690 2587 ut
710 2541 884 2586 Caesari
917 2545 1164 2587 diuturnam
1195 2545 1422 2600 potentiam
1454 2553 1716 2602 compararet

168 2618 417 2674 primusque
444 2617 559 2660 hunc
587 2631 748 2660 morem
786 2615 1043 2666 introduxit,
1091 2624 1139 2658 ut
1176 2618 1214 2659 ei
1253 2618 1480 2674 imperium
1516 2618 1559 2659 in
1589 2618 1715 2674 quin-

169 2690 403 2745 quennium
431 2689 683 2732 deferretur.
727 2688 830 2730 Huc
858 2689 968 2730 enim
993 2689 1220 2745 pertinent,
1247 2704 1356 2746 quae
1376 2688 1530 2732 Cicero
1557 2690 1601 2731 in
1618 2689 1714 2732 Vat.

170 2775 206 2803 c.
238 2762 287 2803 15
319 2762 373 2804 de
403 2762 494 2818 ipsa
525 2761 604 2803 hae
635 2761 731 2817 lege
757 2760 929 2803 Vatinia
955 2760 1104 2803 habet:
1161 2765 1388 2815 Erzpueras
1422 2763 1587 2802 senatui
1613 2774 1714 2814 pro-

169 2835 330 2874 vinciae
368 2835 642 2875 decernendae
670 2839 930 2887 potestatem,
966 2835 1226 2887 imperatoris
1257 2835 1465 2888 deligendi
1502 2834 1714 2883 iudicium,
