1846 3100
161 135 211 178 10
595 140 648 173 De
674 134 789 170 Gallia
814 139 1048 174 Romanorum
1075 144 1258 185 provincia.

158 246 416 303 Hispaniam
434 249 670 292 citeriorem
684 248 847 305 accepit
858 248 994 304 (App.
1010 248 1123 292 Iber.
1135 265 1170 292 c.
1182 251 1249 302 44,
1261 252 1629 309 Polyb.XXXV,
1643 258 1703 313 3),

156 319 262 362 alter
280 320 444 362 ltaliam
476 336 574 363 cum
593 321 736 364 Gallia
767 320 1051 371 coniunctam,
1078 330 1335 377 praetorem,
1364 327 1437 382 qui
1465 328 1524 370 ita
1551 343 1702 385 super-

157 399 268 443 erat,
310 393 550 448 quaestioni
594 393 930 450 repetundarum
966 407 1019 434 ex
1055 391 1142 435 SC.
1186 405 1288 438 tunc
1322 397 1541 442 institutae
1576 400 1702 455 (Liv.

155 479 221 520 ep.
251 465 460 520 XLVII)
492 480 663 521 operam
702 466 874 508 dedisse
905 466 1067 521 opinor.
1138 466 1249 509 Tum
1288 469 1410 512 annis
1444 470 1521 513 152
1552 481 1593 513 et
1627 473 1699 515 151

155 537 337 580 alterum
370 538 598 580 consulum
622 538 664 579 in
692 537 906 593 Hispania
933 552 1152 594 pugnasse
1185 541 1360 591 scimus,
1389 542 1462 584 illo
1489 542 1551 585 M.
1571 542 1704 587 Clau-

155 609 275 652 dium
306 610 562 652 Marcellum
597 608 733 666 (App.
769 608 881 651 Iber.
907 623 942 651 c.
973 609 1047 660 483
1087 610 1241 666 Polyb.
1270 612 1477 664 XXXV,
1508 614 1586 670 2),
1622 616 1704 659 hoc

155 681 209 724 L.
241 682 459 724 Licinium
490 682 728 725 Lucullum
759 681 877 739 (Liv.
905 681 1002 737 epit.
1021 682 1247 734 XLVIII3
1276 687 1391 740 App.
1413 685 1526 728 Iber.
1557 702 1591 730 c.
1613 688 1702 743 51),

158 754 245 796 duo
275 754 428 810 reliqui
460 755 659 796 consules
704 769 812 810 quas
851 754 1096 810 provincias
1136 755 1273 796 sortiti
1318 757 1426 807 sint,
1465 773 1550 800 non
1587 767 1703 801 certo

159 826 267 868 illud
297 827 473 883 quidem
509 826 712 876 traditur,
758 826 834 868 sed
865 826 1051 869 Galliam
1089 834 1131 869 et
1159 827 1327 870 Italiam
1359 829 1576 886 accepisse
1605 846 1702 873 cum

155 914 207 940 ex
238 899 419 942 aliorum
451 914 661 942 annorum
700 898 979 941 similitudine
1006 898 1226 956 probabile
1257 909 1342 951 est,
1375 908 1467 943 tum
1493 902 1703 958 quodam-

153 972 281 1015 modo
329 972 605 1015 confirmatur
644 971 894 1014 auctoritate
936 970 1098 1028 Obseq.
1143 987 1179 1014 c.
1216 973 1292 1023 77,
1342 974 1416 1029 qui
1464 989 1575 1016 anno
1626 975 1702 1019 152
1761 1015 1766 1020 .

152 1060 355 1101 prospere
403 1044 612 1087 adversus
655 1043 805 1086 Gallos
846 1044 1093 1086 dimicatum
1142 1059 1236 1086 esse
1280 1044 1441 1087 scribit.
1505 1046 1701 1089 Eandem

153 1127 296 1160 autem
326 1116 645 1173 provinciarum
676 1117 931 1159 divisionem
961 1131 1072 1158 anno
1108 1116 1198 1166 150,
1231 1117 1286 1159 de
1317 1132 1403 1173 quo
1432 1117 1539 1160 nihil
1569 1119 1701 1162 tradi-

151 1197 243 1240 tur,
287 1189 423 1231 fuisse
461 1189 611 1231 merito
653 1189 898 1245 suspicatur
934 1188 1061 1244 Pigh.
1100 1188 1259 1231 Annal.
1297 1189 1363 1239 II,
1405 1205 1447 1246 p.
1478 1190 1573 1232 441.
1641 1190 1701 1232 At

153 1276 264 1304 anno
295 1261 372 1304 149
406 1277 504 1304 eum
532 1261 693 1304 bellum
721 1261 937 1303 Punicum
965 1260 1270 1316 gravissimum
1299 1268 1487 1317 urgeret,
1529 1262 1699 1318 utrique

153 1334 335 1384 consuli,
362 1342 404 1376 et
431 1335 483 1376 L.
503 1334 668 1377 Marcio
698 1331 937 1376 Censorino
966 1340 1007 1374 et
1031 1332 1107 1374 M.‘
1125 1333 1304 1375 Manilio
1331 1333 1491 1376 scimus
1524 1334 1699 1390 provin-

153 1406 261 1448 ciam
293 1405 486 1449 Africam
516 1406 744 1448 obvenisse
772 1405 907 1462 (App.
934 1405 1086 1447 Punic.
1112 1405 1189 1455 753
1221 1405 1320 1448 Liv.
1352 1406 1451 1462 epit.
1478 1406 1700 1461 XLVH);

150 1493 282 1534 quare
327 1493 425 1520 cum
467 1478 619 1521 eodem
665 1485 854 1534 tempore
901 1477 944 1519 in
977 1477 1231 1520 Macedonia
1276 1492 1374 1519 cum
1413 1478 1630 1522 Andrisco
1675 1493 1702 1521 a

149 1551 199 1592 P.
243 1551 442 1593 Iuventio
478 1550 646 1593 Thalna
693 1557 931 1606 pugnatum
976 1550 1030 1591 sit
1067 1547 1338 1603 (Comment.
1382 1550 1604 1607 epigraph.
1642 1551 1700 1601 II,

149 1638 191 1679 p.
216 1623 330 1677 163),
359 1638 488 1679 quam
516 1622 834 1679 provinciarum
866 1621 1214 1664 distributionem
1242 1622 1377 1665 fuisse
1399 1610 1700 1665 censebimus?

150 1695 364 1737 Nimirum
402 1695 538 1746 hanc,
577 1702 626 1737 ut
669 1701 871 1750 quattuor
915 1701 1132 1750 praetores
1171 1694 1426 1737 sortirentur
1463 1694 1698 1751 Hispanias

150 1767 273 1818 duas,
306 1766 571 1817 Sardiniam,
605 1765 818 1817 Siciliam,
845 1766 1006 1821 quique
1038 1766 1199 1808 Romae
1232 1774 1476 1822 superesset
1504 1765 1698 1808 urbanus

149 1839 267 1893 (nam
293 1839 343 1880 P.
374 1839 622 1881 Iuventium
651 1838 928 1894 peregrinum
959 1837 1095 1880 fuisse
1125 1837 1294 1889 iudico,
1325 1853 1452 1893 quem
1483 1852 1610 1894 saepe
1639 1837 1693 1880 ad

149 1919 347 1953 externas
376 1911 671 1967 expeditiones
710 1911 888 1953 missum
920 1925 1014 1952 esse
1046 1910 1191 1953 multis
1223 1910 1428 1966 exemplis
1461 1911 1696 1965 novimus),

150 1983 300 2025 eadem
331 1983 493 2026 ratione
536 1998 622 2038 qua
661 1982 762 2024 olim
791 1982 1011 2032 consules,
1039 1982 1206 2025 Italiam
1236 1990 1277 2023 et
1305 1982 1487 2024 Galliam
1518 1989 1696 2037 regeret.

150 2055 400 2110 Insequenti
425 2061 568 2096 autem
598 2069 708 2096 anno
740 2054 817 2097 148
843 2054 1024 2096 alterum
1054 2069 1107 2096 ex
1133 2053 1383 2096 consulibus
1412 2053 1465 2095 L.
1496 2053 1697 2096 Pisonem

151 2133 316 2167 constat
347 2141 444 2168 cum
473 2126 632 2168 Poenis
662 2125 705 2166 in
732 2125 884 2167 Africa
913 2125 1141 2168 dimicasse
1170 2125 1304 2181 (App.
1339 2125 1488 2167 Punic.
1518 2140 1554 2169 e.
1584 2125 1697 2179 110),

148 2204 198 2239 ut
224 2197 345 2239 alteri
377 2195 452 2253 Sp.
469 2197 693 2239 Postumio
712 2196 870 2239 Albino
895 2197 1019 2239 Italia
1048 2197 1374 2252 relinqueretur,
1398 2212 1526 2252 quem
1556 2203 1696 2240 tamen

147 2284 232 2311 non
264 2269 406 2311 minus
437 2277 553 2312 recte
587 2268 755 2311 Galliae
785 2269 1026 2324 praefuisse
1059 2269 1229 2311 coniicit
1249 2269 1377 2325 Pigh.
1407 2285 1448 2325 p.
1465 2270 1569 2319 4503
1597 2285 1696 2312 nam

147 2340 200 2384 ab
229 2341 309 2383 hoc
335 2341 508 2383 consule
534 2342 647 2383 viam
674 2340 937 2383 Postumiam
962 2340 1015 2383 ab
1047 2340 1203 2383 Genua
1233 2341 1449 2384 Veronam
1477 2356 1572 2384 esse
1600 2356 1695 2384 mu-

146 2413 280 2455 nitam
310 2413 497 2455 ostendit
511 2412 776 2469 Borghesius
801 2412 845 2454 in
859 2412 1017 2454 Diurn.
1032 2412 1193 2455 Arcad.
1211 2428 1308 2455 ann.
1330 2413 1449 2463 1821,
1481 2414 1504 2457 ‘2
1541 2429 1580 2470 p.
1599 2413 1694 2456 220.

145 2484 399 2526 Praetorum
429 2491 571 2526 autem
602 2484 680 2527 hae
710 2492 813 2526 tunc
844 2491 963 2526 erant
998 2484 1266 2540 provinciae,
1308 2492 1356 2526 ut
1387 2485 1438 2526 L.
1465 2485 1694 2528 Mancinus

147 2554 338 2598 Siciliam
367 2564 408 2598 et
447 2556 627 2598 classem
657 2555 866 2598 obtineret
901 2557 1036 2611 (App.
1065 2556 1093 2597 l.
1126 2556 1197 2612 L),
1244 2555 1299 2610 Q.
1333 2557 1535 2600 Metellus
1570 2571 1694 2613 pere-

149 2627 316 2683 grinam
345 2627 684 2670 iurisdictionem
716 2635 757 2669 et
774 2627 1074 2670 Macedoniam
1104 2628 1224 2684 (Liv.
1247 2630 1346 2685 epit.
1365 2629 1403 2671 L
1413 2646 1424 2679 3
1455 2628 1693 2671 Comment.

149 2699 370 2756 epigraph.
402 2700 447 2741 II
475 2714 517 2755 p.
551 2700 676 2754 163),
718 2697 769 2741 C.
796 2699 994 2741 Plautius
1023 2699 1258 2756 Hypsaeus
1289 2700 1544 2757 Hispaniam
1582 2699 1691 2742 ulte-

150 2771 306 2813 riorem
335 2771 455 2825 (Liv.
496 2771 596 2827 epit.
625 2771 752 2823 LII),
794 2771 970 2826 reliqui,
1006 2786 1190 2826 quorum
1228 2773 1399 2815 nomina
1427 2772 1692 2828 ignorantur,

147 2842 312 2893 urbem,
339 2841 597 2892 Sardiniam,
627 2843 884 2899 Hispaniam
914 2844 1166 2887 citeriorem.
1199 2845 1312 2887 Tum
1342 2858 1453 2886 anno
1481 2844 1556 2886 147
1587 2843 1693 2885 alter
