1846 3100
581 157 636 189 De
660 156 907 198 propagatione
933 154 1078 187 civitatis
1102 154 1292 186 Romanae.
1625 147 1706 191 333

160 283 260 311 nam
301 274 343 310 et
384 281 439 308 ex
474 266 606 321 longo
635 270 826 320 tempore
855 261 914 305 ait
943 261 995 304 ab
1024 259 1346 305 Viennensibus
1375 266 1592 303 senatores
1621 259 1708 302 Ro-

162 334 312 383 manos
350 337 544 382 exhiberi
582 343 623 379 et
654 336 866 379 Viennam
895 333 1081 376 solidum
1114 333 1299 376 civitatis
1328 333 1544 375 Romanae
1581 332 1711 374 bene-

161 411 309 455 ficium
349 410 479 467 paulo
518 417 615 451 ante
655 422 750 450 esse
789 413 1073 456 consecutam,
1106 405 1175 448 cui
1217 405 1253 447 si
1290 405 1396 461 quid
1425 405 1479 447 ad
1510 404 1711 460 optimam

161 484 376 528 civitatem
415 482 576 531 deerat,
619 487 732 524 certe
769 479 876 521 nihil
912 485 1055 536 potest
1084 477 1279 534 intelligi,
1315 478 1398 520 nisi
1433 477 1577 534 ipsum
1616 476 1711 526 hoc,

162 557 217 600 de
244 570 330 612 quo
361 554 518 611 agitur,
547 553 758 595 honorum
787 552 870 594 ius.
918 551 1151 593 Latronem
1184 557 1326 593 autem
1352 557 1393 592 et
1411 549 1712 606 palaestricum

161 627 424 686 prodigium,
457 626 581 669 cuius
604 639 759 667 nomen
786 625 1017 681 imperator
1045 623 1213 666 silentio
1235 622 1594 679 praetereundum
1618 636 1712 664 esse

163 701 234 752 ait,
259 701 514 757 interpretes
543 705 658 740 recte
692 704 883 739 statuunt
915 696 1054 739 videri
1085 711 1179 738 esse
1208 695 1428 738 Valerium
1457 694 1712 744 Asiaticum,

163 773 288 817 euius
331 787 479 815 casum
518 770 696 813 Tacitus
732 769 848 812 Ann.
877 768 949 810 XI
983 767 1074 809 init.
1106 774 1148 809 et
1178 767 1265 810 Dio
1295 767 1399 818 LX,
1436 767 1488 810 27
1528 760 1713 809 narrant.

163 846 278 889 Eum
305 844 500 887 Viennae
529 849 676 885 natum
707 842 842 884 fuisse
874 841 1104 896 multisque
1133 855 1183 883 ac
1209 840 1365 883 validis
1382 839 1713 897 propinquitati-

163 919 246 962 bus
276 917 508 975 plurimum
537 915 582 957 in
614 913 757 956 Gallia
786 914 976 971 potuisse
1001 913 1094 970 ipse
1113 913 1292 956 Tacitus
1317 921 1474 963 narrat,
1496 911 1714 968 explicans

164 991 305 1041 etiam,
335 1004 413 1032 cur
442 987 743 1045 palaestricum
771 986 1019 1043 prodigium
1048 992 1245 1028 vocetur:
1279 1001 1373 1028 esse
1404 985 1515 1027 enim
1539 984 1577 1026 ei
1606 984 1713 1026 mol-

164 1063 300 1106 litiem
344 1060 535 1118 corporis
584 1060 637 1102 ab
677 1059 1001 1102 accusatoribus
1044 1058 1356 1114 exprobratam.
1426 1058 1516 1099 Iam
1558 1057 1713 1098 iterum

166 1151 264 1178 eum
297 1134 517 1178 consulem
549 1132 685 1174 fuisse
714 1132 813 1174 Kal.
844 1131 932 1173 Ian.
960 1131 1059 1172 anni
1076 1130 1128 1173 46
1157 1138 1335 1181 constat,
1366 1130 1547 1187 primum
1578 1129 1714 1171 fuisse

167 1206 387 1264 probabile
427 1213 492 1247 est
530 1205 730 1248 extremis
771 1204 893 1246 annis
932 1202 1107 1246 Tiberii.
1164 1203 1336 1246 Etenim
1373 1218 1484 1245 anno
1518 1202 1585 1252 41,
1617 1217 1714 1243 cum

167 1279 369 1337 Caligula
399 1277 679 1327 occideretur,
710 1277 947 1320 consularis
975 1276 1111 1318 fuisse
1139 1276 1323 1318 traditur
1351 1275 1403 1318 ab
1435 1276 1576 1318 Dione
1602 1274 1715 1316 LIX

167 1359 274 1395 extr.
299 1358 342 1394 et
365 1352 450 1394 Ios.
480 1351 627 1406 Antiq.
657 1350 791 1400 XIX,
829 1353 862 1400 1,
887 1351 940 1392 20
972 1357 1013 1392 et
1042 1356 1156 1391 tanta
1186 1349 1436 1392 auctoritate
1463 1347 1714 1397 consularis,

166 1434 215 1466 ut
244 1423 473 1481 imperium
504 1423 596 1479 ipse
630 1430 774 1479 petere
807 1437 935 1478 posse
955 1422 1176 1464 videretur
1205 1422 1308 1479 (Ios.
1326 1421 1430 1463 ibid.
1455 1422 1492 1471 4,
1521 1421 1578 1475 3).
1622 1419 1714 1462 Sub

169 1495 371 1554 Caligula
398 1503 540 1538 autem
571 1495 644 1551 qui
677 1510 763 1537 cos.
791 1495 979 1545 fuerunt,
1011 1495 1098 1537 fere
1126 1495 1214 1537 noti
1247 1501 1346 1537 sunt
1375 1509 1527 1550 neque,
1559 1493 1595 1535 si
1613 1500 1716 1534 tunc

169 1569 439 1612 consulatum
480 1567 663 1624 adeptus
706 1575 840 1618 esset,
886 1575 1002 1610 tanta
1041 1582 1135 1610 esse
1174 1567 1313 1623 potuit
1364 1566 1633 1615 auctoritate3
1676 1571 1718 1607 at

172 1641 375 1684 Tiberius
416 1640 451 1682 si
486 1640 640 1690 evexit,
679 1647 720 1682 et
758 1640 946 1696 dignitas
977 1639 1233 1696 intelligitur
1272 1646 1313 1682 et
1346 1639 1482 1689 locus,
1513 1653 1598 1695 quo
1630 1652 1716 1679 eos.

168 1714 312 1764 fuerit,
343 1713 469 1755 facile
498 1712 720 1768 reperitur.
769 1711 1060 1754 Veruntamen
1091 1727 1348 1767 quoeunque
1379 1726 1490 1753 anno
1521 1726 1607 1752 cos.
1630 1710 1717 1766 pri-

170 1801 288 1828 mum
316 1785 412 1835 fuit,
453 1785 536 1826 hoc
573 1792 716 1841 aperte
753 1784 810 1826 ait
841 1783 1051 1826 Claudius
1091 1784 1301 1827 Viennam
1331 1791 1433 1826 tune
1462 1784 1553 1825 iure
1582 1783 1716 1825 hono—

169 1874 266 1901 rum
312 1858 504 1900 nondum
548 1873 643 1900 esse
683 1873 820 1900 usam.
887 1856 1116 1910 Quomodo
1158 1857 1292 1913 igitur
1334 1858 1494 1899 factum
1539 1863 1624 1906 est,
1671 1863 1719 1896 ut

170 1931 367 1988 quamvis
421 1931 574 1986 reliqui
617 1930 885 1973 Viennenses
930 1930 1022 1970 iure
1067 1929 1275 1971 honorum
1317 1936 1529 1979 carerent,
1576 1937 1716 1970 tamen

170 2003 371 2047 Valerius
411 2004 629 2046 Asiaticus
667 2004 711 2044 in
749 2009 942 2044 senatum
986 2010 1112 2057 atque
1142 2002 1197 2043 ad
1238 2002 1419 2044 honores
1448 2001 1717 2058 perveniret?

170 2076 402 2127 Beneficio,
443 2076 607 2133 opinor,
644 2075 823 2124 Tiberii,
860 2074 913 2116 de
954 2088 1036 2129 quo
1066 2074 1158 2129 ipse
1187 2072 1398 2116 Claudius
1432 2081 1612 2127 patruus
1647 2077 1717 2115 Ta·-

171 2149 318 2199 herim,
348 2149 500 2204 inquit,
532 2151 681 2191 Caesar
708 2162 865 2188 omnem
888 2150 1034 2202 florem
1057 2147 1201 2199 ubique
1228 2150 1484 2188 coloniarum
1512 2162 1561 2187 ac
1584 2149 1716 2187 muni-

175 2225 377 2274 cipiorum
413 2222 609 2261 bonorum
644 2222 797 2260 scilicet
830 2224 1014 2260 virorum
1045 2226 1084 2259 et
1114 2222 1377 2272 locupletium
1416 2222 1461 2259 in
1490 2221 1567 2259 hac
1598 2221 1718 2258 curia

171 2308 251 2334 esse
288 2296 430 2343 voluit,
470 2292 498 2334 i.
533 2307 568 2334 e.
609 2292 684 2348 qui
725 2291 886 2347 ubique
923 2292 964 2332 in
1010 2291 1187 2332 coloniis
1229 2299 1270 2332 et
1313 2291 1569 2347 municipiis,
1609 2306 1718 2346 quae

175 2365 263 2407 duo
303 2365 558 2422 oppidorum
598 2380 755 2421 genera
786 2365 998 2406 civitatem
1033 2364 1268 2405 Romanam
1303 2363 1528 2414 habebant,
1559 2364 1719 2406 divitiis

177 2438 448 2487 excellerent,
487 2437 732 2493 singillatim
766 2438 810 2479 in
846 2444 1039 2479 senatum
1080 2436 1320 2477 Romanum
1359 2437 1517 2493 allegit.
1570 2436 1720 2492 Neque

176 2509 357 2552 dubium
395 2524 489 2552 esse
519 2517 698 2566 poterat,
737 2510 839 2566 quin
881 2510 1110 2565 imperator
1146 2523 1224 2564 pro
1265 2509 1470 2558 censoria,
1509 2523 1593 2564 qua
1623 2524 1720 2565 per-

146 2589 306 2638 npetuo
335 2581 550 2632 utebatur,
581 2589 803 2638 potestate,
832 2589 880 2623 ut
910 2582 977 2623 ius
1008 2581 1136 2622 trium
1165 2580 1361 2630 liberum,
1403 2588 1445 2622 ut
1477 2581 1721 2637 ingenuita-

177 2661 276 2705 tem,
311 2662 359 2696 ut
397 2654 612 2697 civitatem
642 2654 785 2704 donat,
816 2655 875 2696 ita
913 2654 980 2704 iis,
1022 2654 1095 2709 qui
1135 2653 1226 2695 iure
1262 2653 1470 2694 honorum
1514 2661 1720 2703 carerent,

163 2734 371 2785 'senatum
414 2735 553 2770 tamen
596 2727 760 2784 aperire
789 2726 1057 2782 honoresque
1094 2726 1309 2781 impertire
1347 2732 1504 2781 posset.
1561 2724 1722 2768 Confe-

177 2799 361 2841 rendum
391 2806 532 2841 autem
561 2814 658 2841 cum
689 2799 770 2841 hoc
802 2799 979 2848 Valerii,
1011 2798 1065 2839 de
1094 2812 1178 2853 quo
1208 2804 1386 2848 constat,
1419 2798 1614 2853 exemplo
1644 2798 1723 2839 erit

178 2872 287 2914 illud
330 2872 430 2914 Iulii
470 2870 693 2922 Graecini,
731 2871 846 2926 quod
888 2887 1015 2928 supra
1056 2871 1109 2912 de
1146 2869 1441 2926 probabilitate
1481 2870 1722 2925 expositum
