1846 3100
575 136 628 167 De
653 134 769 168 Gallia
791 135 1027 167 Romanorum
1057 131 1242 175 provincia.
1619 126 1673 169 75

128 245 400 290 existimabat
432 246 696 304 provinciam
727 259 849 286 suam
888 242 943 285 ad
972 241 1133 285 bellum
1161 240 1399 296 gerendum
1431 239 1675 295 copiasque,

128 320 287 376 quibus
317 319 602 377 principatum
634 317 818 361 civitatis
848 315 1170 372 adipisceretur,
1199 311 1424 369 parandas.
1471 309 1560 354 Sed
1589 326 1675 367 quo

130 399 252 450 pacto
281 392 406 436 aliam
436 391 682 448 acciperet?
737 388 918 432 Divisae
960 387 1072 429 enim
1110 392 1230 428 erant
1262 384 1528 441 provinciae,
1566 398 1676 439 quae

130 465 376 508 consulares
405 471 562 515 essent,
590 477 699 519 quae
728 460 976 518 praetoriae,
1002 473 1140 514 neque
1171 472 1264 499 eam
1293 456 1551 499 divisionem
1578 470 1676 512 per-

130 536 302 580 turbare
339 544 413 580 aut
448 535 640 586 volebat,
679 550 732 577 ne
770 533 896 575 nimis
935 531 1120 587 cupidus
1159 544 1253 572 esse
1288 528 1507 571 videretur
1535 526 1677 583 (Suet.

131 608 257 653 Caes.
287 609 361 665 22)
398 615 471 652 aut
501 614 678 665 poterat.
745 605 859 647 Tum
894 604 1065 646 fortuna
1102 617 1200 644 eum
1241 600 1470 656 insigniter
1499 599 1678 643 adiuvit.

129 681 301 725 Etenim
326 681 411 737 'qui
452 687 648 724 auctores
690 677 934 721 accuratius
975 675 1147 731 singula
1180 679 1499 730 persequuntur
1528 672 1679 729 (Suet.

133 752 257 797 Caes.
282 753 310 795 l.
341 753 392 804 l.;
423 753 511 795 Dio
540 750 816 800 XXXVIII,
843 750 902 804 8),
936 754 1082 803 postea
1110 747 1285 789 demum
1316 761 1445 801 quam
1474 745 1570 801 lege
1591 745 1678 788 Va-

133 826 238 869 tinia
267 825 439 869 citerior
467 824 608 868 Gallia
637 823 846 880 permissa
877 828 954 870 est,
984 820 1193 862 adiectam
1226 834 1320 861 esse
1351 817 1545 861 scribunt
1571 817 1680 860 Nar-

135 899 369 942 bonensem
409 905 451 940 et
487 897 662 953 quidem
703 911 728 938 a
760 901 932 944 senatu,
979 900 1105 948 atque
1144 892 1237 948 ipse
1271 889 1425 934 Cicero
1465 890 1518 932 de
1555 905 1674 947 prov.

134 986 251 1014 cons.
270 987 306 1014 c.
329 971 389 1021 15,
416 985 544 1026 quem
572 969 714 1012 locum
745 982 877 1023 supra
904 965 1141 1015 attulimus,
1169 963 1279 1006 hanc
1306 962 1552 1005 ulteriorem
1581 977 1679 1019 pro-

134 1044 318 1087 vinciam
357 1051 554 1092 senatus,
599 1041 840 1084 citeriorem
882 1037 1032 1095 populi
1072 1036 1281 1079 beneficio
1326 1035 1364 1077 ei
1401 1035 1543 1077 datam
1587 1051 1682 1078 esse

136 1115 368 1172 significat:
411 1129 542 1170 quare
572 1114 781 1168 reliquos,
817 1112 891 1167 qui
929 1110 1167 1153 citeriorem
1200 1123 1297 1150 cum
1332 1107 1533 1150 ulteriore
1567 1124 1683 1151 com-

136 1187 450 1244 prehendentes
481 1193 707 1241 utramque
736 1184 889 1227 eodem
918 1190 1107 1239 tempore
1129 1181 1167 1223 ei
1190 1180 1434 1223 mandatam
1462 1196 1556 1223 esse
1587 1197 1684 1224 nar-

136 1267 231 1304 rant
261 1260 395 1314 (Plut.
428 1257 553 1301 Caes.
586 1273 621 1300 c.
656 1258 726 1308 143
771 1257 923 1312 Pomp.
956 1270 992 1297 c.
1022 1255 1096 1305 483
1134 1252 1228 1296 Cat.
1260 1269 1295 1296 c.
1328 1254 1401 1304 333
1441 1254 1553 1310 App.
1586 1253 1684 1296 bell.

138 1333 220 1375 civ.
238 1332 297 1382 II,
319 1332 404 1386 13),
435 1330 633 1373 brevitati
654 1330 759 1372 dum
781 1329 969 1379 student,
997 1327 1114 1383 quod
1140 1327 1361 1369 diversum
1389 1341 1484 1369 esse
1515 1327 1685 1376 scirent,

139 1405 413 1448 coniunxisse
443 1401 705 1459 putabimus.
772 1400 861 1444 Sed
896 1401 1117 1457 quaeritur
1154 1415 1240 1455 quo
1278 1407 1404 1455 pacto
1439 1406 1614 1442 senatus
1647 1399 1686 1441 ei

139 1477 384 1520 ulteriorem
417 1474 603 1519 Galliam
642 1474 870 1516 decernere
905 1473 1112 1529 potuerit,
1154 1472 1250 1528 qui,
1295 1473 1491 1528 quamvis
1531 1487 1688 1528 magna

140 1556 254 1593 esset
281 1547 362 1591 Cn.
394 1547 587 1603 Pompeii
617 1561 694 1603 pro
727 1544 912 1588 Caesare
943 1545 1175 1601 pugnantis
1211 1545 1522 1601 (Plut.·P0mp.
1551 1560 1587 1587 c.
1609 1544 1661 1587 48
1672 1560 1683 1594 3

140 1620 231 1665 Cic.
265 1621 320 1664 ad
351 1621 443 1663 Att.
474 1619 599 1670 VIII,
631 1620 675 1672 3)
707 1617 953 1668 auctoritas,
983 1624 1096 1660 certe
1126 1632 1211 1659 non
1240 1617 1379 1667 facile,
1407 1625 1455 1658 ut
1486 1631 1564 1658 sua
1594 1615 1687 1672 ipse

139 1701 233 1738 acta
259 1699 489 1743 everteret,
525 1691 683 1734 adduci
719 1690 888 1747 potuit?
939 1689 1151 1731 Nimirum
1190 1689 1317 1746 paulo
1356 1697 1584 1745 postquam
1618 1688 1689 1730 lex

140 1766 313 1810 Vatinia
342 1765 502 1822 perlata
536 1771 624 1814 est,
657 1762 712 1816 Q.
743 1761 948 1804 Metellus
981 1759 1129 1812 Celer,
1167 1761 1221 1804 de
1251 1777 1337 1817 quo
1368 1775 1497 1817 supra
1523 1760 1689 1802 dictum

94 1892 100 1898 ‘
140 1845 219 1889 est,
249 1837 398 1880 morbo
428 1837 650 1894 repentino
679 1836 724 1878 in
753 1834 848 1891 ipso
869 1833 1035 1876 Galliae
1063 1833 1356 1876 Narbonensis
1389 1833 1689 1890 proconsulatu

141 1911 348 1961 decessit,
379 1911 503 1953 euius
533 1908 799 1966 provinciam
823 1922 1025 1956 vacuam,
1057 1906 1159 1961 quia
1188 1906 1456 1963 praetoribus
1487 1904 1687 1948 omnibus

141 1983 382 2027 consultum
412 1990 523 2033 erat,
565 1989 738 2024 senatus
769 1977 945 2022 Caesari
985 1979 1154 2030 tribuit,
1198 1979 1347 2021 nolens
1387 1978 1457 2020 ille
1500 1977 1689 2034 quidem,

143 2055 218 2098 sed
249 2054 499 2104 verebatur,
536 2069 611 2104 ne,
643 2053 679 2095 si
706 2052 799 2108 ipse
830 2058 1128 2102 cunctaretur,
1167 2051 1353 2108 populus
1389 2066 1437 2093 ea
1466 2050 1690 2094 occasione

142 2127 197 2170 ad
226 2127 347 2169 illum
375 2126 616 2169 ornandum
650 2132 855 2167 uteretur.
914 2123 1055 2166 Simili
1095 2124 1227 2177 igitur
1257 2124 1452 2166 fortunae
1483 2122 1691 2165 beneficio

143 2197 305 2242 Caesar
338 2199 512 2241 adiutus
551 2205 616 2240 est
653 2205 780 2252 atque
820 2196 921 2238 olim
952 2196 1005 2238 L.
1035 2195 1272 2246 Lucullus,
1317 2195 1387 2238 cui
1424 2195 1548 2244 item,
1594 2210 1692 2237 cum

143 2271 268 2313 aliam
310 2270 575 2327 provinciam
617 2269 792 2312 sortitus
831 2274 967 2318 esset,
1009 2267 1230 2324 repentina
1260 2267 1314 2309 L.
1345 2266 1518 2310 Octavii
1557 2273 1691 2309 morte

146 2342 352 2399 Bithynia
381 2349 528 2399 apert-a
561 2347 626 2384 est
653 2343 804 2396 (supra
827 2355 869 2396 p.
893 2339 981 2394 52).
1046 2339 1319 2395 Quamquam
1351 2340 1535 2396 populus
1565 2339 1692 2382 etiam

146 2414 470 2457 diuturnitatem
499 2413 666 2469 imperii
695 2412 855 2455 addere
871 2411 1021 2466 potuit,
1051 2420 1239 2462 senatus,
1270 2412 1344 2467 qui
1371 2412 1490 2467 leges
1521 2425 1691 2453 servare

145 2484 333 2535 deberet,
363 2501 447 2527 non
465 2485 617 2542 potuit,
648 2484 732 2526 nisi
761 2485 835 2534 sic,
865 2490 913 2524 ut
931 2483 1158 2538 quotannis
1180 2491 1429 2539 prorogaret
1451 2482 1691 2538 imperium,

132 2556 311 2612 *aliaque
337 2558 464 2612 longe
494 2557 538 2599 in
567 2571 698 2599 causa
727 2563 815 2599 erat
843 2555 1014 2598 citerior
1046 2553 1245 2598 Caesaris
1277 2554 1508 2612 provincia,
1537 2555 1583 2596 in
1610 2553 1694 2596 alia

145 2628 334 2679 ulterior,
362 2629 408 2670 id
438 2628 555 2684 quod
583 2628 676 2684 ipse
708 2627 895 2670 ostendit
923 2624 1076 2669 Cicero
1103 2627 1156 2668 de
1181 2642 1302 2683 prov.
1328 2641 1443 2669 cons.
1474 2642 1509 2669 c.
1545 2626 1593 2668 15
1624 2626 1691 2676 iis,

146 2700 221 2756 qui
246 2700 491 2742 ulteriorem
521 2715 632 2742 anno
665 2700 718 2743 56
749 2698 925 2742 Caesari
965 2699 1071 2755 eripi
1100 2698 1319 2748 volebant,
1362 2698 1467 2739 nihil
1501 2712 1692 2754 prorsus,

147 2772 262 2835 unde
292 2771 395 2814 huic
434 2786 605 2827 quoque
642 2780 805 2815 certum
835 2771 1002 2827 imperii
1042 2778 1211 2827 tempus
1249 2770 1528 2814 constitutum
1556 2768 1692 2813 fuisse

150 2843 417 2900 colligamus,
452 2842 670 2886 obiiciens.
