<?xml version="1.0" encoding="UTF-8"?>
<!DOCTYPE html PUBLIC "-//W3C//DTD XHTML 1.0 Transitional//EN"
    "http://www.w3.org/TR/xhtml1/DTD/xhtml1-transitional.dtd">
<html xmlns="http://www.w3.org/1999/xhtml" xml:lang="en" lang="en">
 <head>
  <title>
</title>
<meta http-equiv="Content-Type" content="text/html;charset=utf-8" />
  <meta name='ocr-system' content='tesseract 3.04.00' />
  <meta name='ocr-capabilities' content='ocr_page ocr_carea ocr_par ocr_line ocrx_word'/>
</head>
<body>
  <div class='ocr_page' id='page_1' title='image "./studiaromanasive00zump_0046.png"; bbox 0 0 1846 3100; ppageno 0'>
   <div class='ocr_carea' id='block_1_1' title="bbox 169 163 1270 209">
    <p class='ocr_par' dir='ltr' id='par_1_1' title="bbox 169 163 1270 209">
     <span class='ocr_line' id='line_1_1' title="bbox 169 163 1270 209; baseline 0.001 -12"><span class='ocrx_word' id='word_1_1' title='bbox 169 163 221 206; x_wconf 82' lang='grc'>34</span> <span class='ocrx_word' id='word_1_2' title='bbox 601 166 655 198; x_wconf 86' lang='lat' dir='ltr'>De</span> <span class='ocrx_word' id='word_1_3' title='bbox 682 164 794 198; x_wconf 76' lang='lat' dir='ltr'>Gallia</span> <span class='ocrx_word' id='word_1_4' title='bbox 817 166 1051 198; x_wconf 82' lang='lat' dir='ltr'>Romanorum</span> <span class='ocrx_word' id='word_1_5' title='bbox 1085 168 1270 209; x_wconf 80' lang='lat' dir='ltr'>provincia.</span> 
     </span>
    </p>
   </div>
   <div class='ocr_carea' id='block_1_2' title="bbox 166 272 1747 2923">
    <p class='ocr_par' dir='ltr' id='par_1_2' title="bbox 166 272 1747 1762">
     <span class='ocr_line' id='line_1_2' title="bbox 167 272 1715 331; baseline 0.001 -15"><span class='ocrx_word' id='word_1_6' title='bbox 167 274 275 331; x_wconf 87' lang='lat' dir='ltr'>perii</span> <span class='ocrx_word' id='word_1_7' title='bbox 303 274 498 317; x_wconf 88' lang='lat' dir='ltr'>homines</span> <span class='ocrx_word' id='word_1_8' title='bbox 527 273 741 330; x_wconf 88' lang='lat' dir='ltr'>ingenuos</span> <span class='ocrx_word' id='word_1_9' title='bbox 770 272 814 315; x_wconf 91' lang='lat' dir='ltr'>in</span> <span class='ocrx_word' id='word_1_10' title='bbox 842 273 1057 316; x_wconf 76' lang='lat' dir='ltr'>civitatem</span> <span class='ocrx_word' id='word_1_11' title='bbox 1074 275 1355 330; x_wconf 85' lang='lat' dir='ltr'>receperunt?</span> <span class='ocrx_word' id='word_1_12' title='bbox 1391 275 1591 330; x_wconf 88' lang='lat' dir='ltr'>Denique</span> <span class='ocrx_word' id='word_1_13' title='bbox 1615 281 1715 318; x_wconf 85' lang='lat' dir='ltr'>sunt</span> 
     </span>
     <span class='ocr_line' id='line_1_3' title="bbox 167 345 1714 403; baseline 0 -13"><span class='ocrx_word' id='word_1_14' title='bbox 167 347 378 402; x_wconf 84' lang='lat' dir='ltr'><strong>quaedam</strong></span> <span class='ocrx_word' id='word_1_15' title='bbox 396 353 516 389; x_wconf 86' lang='lat' dir='ltr'>extra</span> <span class='ocrx_word' id='word_1_16' title='bbox 529 346 696 388; x_wconf 88' lang='lat' dir='ltr'>Italiam</span> <span class='ocrx_word' id='word_1_17' title='bbox 723 345 931 396; x_wconf 88' lang='lat' dir='ltr'>civitates,</span> <span class='ocrx_word' id='word_1_18' title='bbox 959 361 1065 401; x_wconf 89' lang='lat' dir='ltr'>quas</span> <span class='ocrx_word' id='word_1_19' title='bbox 1088 352 1130 389; x_wconf 90' lang='lat' dir='ltr'>et</span> <span class='ocrx_word' id='word_1_20' title='bbox 1158 354 1255 388; x_wconf 89' lang='lat' dir='ltr'>ante</span> <span class='ocrx_word' id='word_1_21' title='bbox 1275 347 1415 403; x_wconf 87' lang='lat' dir='ltr'>legem</span> <span class='ocrx_word' id='word_1_22' title='bbox 1431 347 1586 390; x_wconf 87' lang='lat' dir='ltr'>Iuliam</span> <span class='ocrx_word' id='word_1_23' title='bbox 1608 347 1714 390; x_wconf 88' lang='lat' dir='ltr'>civi-</span> 
     </span>
     <span class='ocr_line' id='line_1_4' title="bbox 166 419 1715 473; baseline 0.001 -13"><span class='ocrx_word' id='word_1_24' title='bbox 166 425 252 462; x_wconf 82' lang='lat' dir='ltr'>tate</span> <span class='ocrx_word' id='word_1_25' title='bbox 282 434 384 462; x_wconf 88' lang='lat' dir='ltr'>usas</span> <span class='ocrx_word' id='word_1_26' title='bbox 414 434 509 462; x_wconf 89' lang='lat' dir='ltr'>esse</span> <span class='ocrx_word' id='word_1_27' title='bbox 541 425 706 462; x_wconf 84' lang='lat' dir='ltr'>constet</span> <span class='ocrx_word' id='word_1_28' title='bbox 753 425 794 460; x_wconf 85' lang='lat' dir='ltr'>et</span> <span class='ocrx_word' id='word_1_29' title='bbox 827 424 923 473; x_wconf 89' lang='lat' dir='ltr'>post</span> <span class='ocrx_word' id='word_1_30' title='bbox 953 432 1068 468; x_wconf 88' lang='lat' dir='ltr'>eam,</span> <span class='ocrx_word' id='word_1_31' title='bbox 1110 433 1218 473; x_wconf 89' lang='lat' dir='ltr'>quae</span> <span class='ocrx_word' id='word_1_32' title='bbox 1256 435 1281 461; x_wconf 89' lang='lat' dir='ltr'>a</span> <span class='ocrx_word' id='word_1_33' title='bbox 1310 419 1414 462; x_wconf 89' lang='lat' dir='ltr'>viris</span> <span class='ocrx_word' id='word_1_34' title='bbox 1449 419 1588 462; x_wconf 85' lang='lat' dir='ltr'>doctis</span> <span class='ocrx_word' id='word_1_35' title='bbox 1629 434 1715 462; x_wconf 89' lang='lat' dir='ltr'>non</span> 
     </span>
     <span class='ocr_line' id='line_1_5' title="bbox 167 488 1714 548; baseline 0 -14"><span class='ocrx_word' id='word_1_36' title='bbox 167 491 412 534; x_wconf 88' lang='lat' dir='ltr'>debuerunt</span> <span class='ocrx_word' id='word_1_37' title='bbox 439 491 616 548; x_wconf 84' lang='lat' dir='ltr'><strong>negligi.</strong></span> <span class='ocrx_word' id='word_1_38' title='bbox 660 491 711 532; x_wconf 94' lang='lat' dir='ltr'>In</span> <span class='ocrx_word' id='word_1_39' title='bbox 728 490 939 545; x_wconf 80' lang='lat' dir='ltr'>Hispania</span> <span class='ocrx_word' id='word_1_40' title='bbox 969 489 1082 532; x_wconf 91' lang='lat' dir='ltr'>enim</span> <span class='ocrx_word' id='word_1_41' title='bbox 1113 491 1276 533; x_wconf 90' lang='lat' dir='ltr'>colonia</span> <span class='ocrx_word' id='word_1_42' title='bbox 1304 498 1393 533; x_wconf 86' lang='lat' dir='ltr'>erat</span> <span class='ocrx_word' id='word_1_43' title='bbox 1413 488 1584 534; x_wconf 85' lang='lat' dir='ltr'>Carteia</span> <span class='ocrx_word' id='word_1_44' title='bbox 1612 506 1714 534; x_wconf 89' lang='lat' dir='ltr'>con-</span> 
     </span>
     <span class='ocr_line' id='line_1_6' title="bbox 168 561 1715 619; baseline 0.001 -14"><span class='ocrx_word' id='word_1_45' title='bbox 168 563 258 606; x_wconf 88' lang='lat' dir='ltr'>dita</span> <span class='ocrx_word' id='word_1_46' title='bbox 285 578 396 605; x_wconf 88' lang='lat' dir='ltr'>anno</span> <span class='ocrx_word' id='word_1_47' title='bbox 434 564 507 607; x_wconf 86' lang='lat'>171</span> <span class='ocrx_word' id='word_1_48' title='bbox 544 563 662 619; x_wconf 91' lang='lat' dir='ltr'>(Liv.</span> <span class='ocrx_word' id='word_1_49' title='bbox 690 562 872 611; x_wconf 87' lang='lat' dir='ltr'>XLIH,</span> <span class='ocrx_word' id='word_1_50' title='bbox 905 561 950 615; x_wconf 82' lang='lat'>3)</span> <span class='ocrx_word' id='word_1_51' title='bbox 979 561 1126 604; x_wconf 90' lang='lat' dir='ltr'>Latini</span> <span class='ocrx_word' id='word_1_52' title='bbox 1155 562 1284 604; x_wconf 90' lang='lat' dir='ltr'>iuris:</span> <span class='ocrx_word' id='word_1_53' title='bbox 1326 578 1419 605; x_wconf 89' lang='lat' dir='ltr'>eam</span> <span class='ocrx_word' id='word_1_54' title='bbox 1449 578 1589 606; x_wconf 89' lang='lat' dir='ltr'>nonne</span> <span class='ocrx_word' id='word_1_55' title='bbox 1619 563 1715 619; x_wconf 85' lang='lat' dir='ltr'>lege</span> 
     </span>
     <span class='ocr_line' id='line_1_7' title="bbox 166 634 1716 691; baseline -0.001 -13"><span class='ocrx_word' id='word_1_56' title='bbox 166 635 279 678; x_wconf 86' lang='lat' dir='ltr'>Iulia</span> <span class='ocrx_word' id='word_1_57' title='bbox 307 650 391 677; x_wconf 90' lang='lat' dir='ltr'>non</span> <span class='ocrx_word' id='word_1_58' title='bbox 423 635 568 677; x_wconf 89' lang='lat' dir='ltr'>minus</span> <span class='ocrx_word' id='word_1_59' title='bbox 603 649 730 689; x_wconf 90' lang='lat' dir='ltr'>quam</span> <span class='ocrx_word' id='word_1_60' title='bbox 758 634 936 676; x_wconf 85' lang='lat' dir='ltr'>Latinas</span> <span class='ocrx_word' id='word_1_61' title='bbox 962 634 1112 676; x_wconf 87' lang='lat' dir='ltr'>Italiae</span> <span class='ocrx_word' id='word_1_62' title='bbox 1143 634 1331 677; x_wconf 89' lang='lat' dir='ltr'>colonias</span> <span class='ocrx_word' id='word_1_63' title='bbox 1362 634 1406 676; x_wconf 91' lang='lat' dir='ltr'>in</span> <span class='ocrx_word' id='word_1_64' title='bbox 1437 635 1716 691; x_wconf 88' lang='lat' dir='ltr'>municipium</span> 
     </span>
     <span class='ocr_line' id='line_1_8' title="bbox 167 706 1715 763; baseline -0.001 -13"><span class='ocrx_word' id='word_1_65' title='bbox 167 707 323 750; x_wconf 87' lang='lat' dir='ltr'>mutari</span> <span class='ocrx_word' id='word_1_66' title='bbox 369 707 586 763; x_wconf 84' lang='lat' dir='ltr'>oportuit?</span> <span class='ocrx_word' id='word_1_67' title='bbox 639 707 700 748; x_wconf 93' lang='lat' dir='ltr'>At</span> <span class='ocrx_word' id='word_1_68' title='bbox 737 706 905 749; x_wconf 83' lang='lat' dir='ltr'>Plinius</span> <span class='ocrx_word' id='word_1_69' title='bbox 944 713 1029 748; x_wconf 86' lang='lat' dir='ltr'>nat.</span> <span class='ocrx_word' id='word_1_70' title='bbox 1067 706 1166 748; x_wconf 91' lang='lat' dir='ltr'>hist.</span> <span class='ocrx_word' id='word_1_71' title='bbox 1203 706 1297 756; x_wconf 93' lang='lat' dir='ltr'>III,</span> <span class='ocrx_word' id='word_1_72' title='bbox 1334 707 1384 756; x_wconf 85' lang='lat'>3,</span> <span class='ocrx_word' id='word_1_73' title='bbox 1428 720 1526 748; x_wconf 89' lang='lat' dir='ltr'>cum</span> <span class='ocrx_word' id='word_1_74' title='bbox 1567 721 1715 749; x_wconf 90' lang='lat' dir='ltr'>omnes</span> 
     </span>
     <span class='ocr_line' id='line_1_9' title="bbox 168 776 1716 835; baseline -0.002 -13"><span class='ocrx_word' id='word_1_75' title='bbox 168 780 355 822; x_wconf 88' lang='lat' dir='ltr'>colonias</span> <span class='ocrx_word' id='word_1_76' title='bbox 386 786 428 822; x_wconf 87' lang='lat' dir='ltr'>et</span> <span class='ocrx_word' id='word_1_77' title='bbox 458 778 690 835; x_wconf 88' lang='lat' dir='ltr'>municipia</span> <span class='ocrx_word' id='word_1_78' title='bbox 720 778 923 828; x_wconf 89' lang='lat' dir='ltr'>nominet,</span> <span class='ocrx_word' id='word_1_79' title='bbox 954 779 1055 833; x_wconf 90' lang='lat' dir='ltr'>quia</span> <span class='ocrx_word' id='word_1_80' title='bbox 1084 776 1298 820; x_wconf 84' lang='lat' dir='ltr'>Carteiam</span> <span class='ocrx_word' id='word_1_81' title='bbox 1329 793 1412 819; x_wconf 88' lang='lat' dir='ltr'>non</span> <span class='ocrx_word' id='word_1_82' title='bbox 1439 777 1643 828; x_wconf 84' lang='lat' dir='ltr'>nominat,</span> <span class='ocrx_word' id='word_1_83' title='bbox 1672 778 1716 820; x_wconf 88' lang='lat' dir='ltr'>in</span> 
     </span>
     <span class='ocr_line' id='line_1_10' title="bbox 167 849 1716 906; baseline -0.001 -12"><span class='ocrx_word' id='word_1_84' title='bbox 167 858 311 894; x_wconf 88' lang='lat' dir='ltr'>vetere</span> <span class='ocrx_word' id='word_1_85' title='bbox 351 867 445 894; x_wconf 92' lang='lat' dir='ltr'>eam</span> <span class='ocrx_word' id='word_1_86' title='bbox 483 851 576 893; x_wconf 92' lang='lat' dir='ltr'>iure</span> <span class='ocrx_word' id='word_1_87' title='bbox 617 850 825 893; x_wconf 87' lang='lat' dir='ltr'>mansisse</span> <span class='ocrx_word' id='word_1_88' title='bbox 867 850 983 893; x_wconf 87' lang='lat' dir='ltr'>haud</span> <span class='ocrx_word' id='word_1_89' title='bbox 1026 850 1156 892; x_wconf 88' lang='lat' dir='ltr'>dubie</span> <span class='ocrx_word' id='word_1_90' title='bbox 1205 849 1429 906; x_wconf 87' lang='lat' dir='ltr'>significat.</span> <span class='ocrx_word' id='word_1_91' title='bbox 1505 850 1716 892; x_wconf 89' lang='lat' dir='ltr'>Eiusdem</span> 
     </span>
     <span class='ocr_line' id='line_1_11' title="bbox 168 921 1716 980; baseline 0 -15"><span class='ocrx_word' id='word_1_92' title='bbox 168 924 339 980; x_wconf 85' lang='lat' dir='ltr'>generis</span> <span class='ocrx_word' id='word_1_93' title='bbox 366 939 482 966; x_wconf 92' lang='lat' dir='ltr'>nunc</span> <span class='ocrx_word' id='word_1_94' title='bbox 508 923 651 965; x_wconf 92' lang='lat' dir='ltr'>iudico</span> <span class='ocrx_word' id='word_1_95' title='bbox 690 923 826 966; x_wconf 87' lang='lat' dir='ltr'>fuisse</span> <span class='ocrx_word' id='word_1_96' title='bbox 857 922 1006 978; x_wconf 84' lang='lat' dir='ltr'><strong>Aquas</strong></span> <span class='ocrx_word' id='word_1_97' title='bbox 1038 921 1208 965; x_wconf 86' lang='lat' dir='ltr'>Sextias</span> <span class='ocrx_word' id='word_1_98' title='bbox 1249 937 1360 964; x_wconf 89' lang='lat' dir='ltr'>anno</span> <span class='ocrx_word' id='word_1_99' title='bbox 1397 922 1474 966; x_wconf 80' lang='lat'>123</span> <span class='ocrx_word' id='word_1_100' title='bbox 1509 922 1716 972; x_wconf 77' lang='lat' dir='ltr'>conditas,</span> 
     </span>
     <span class='ocr_line' id='line_1_12' title="bbox 170 986 1747 1051; baseline -0.001 -13"><span class='ocrx_word' id='word_1_101' title='bbox 170 996 224 1038; x_wconf 89' lang='lat' dir='ltr'>de</span> <span class='ocrx_word' id='word_1_102' title='bbox 263 995 421 1051; x_wconf 88' lang='lat' dir='ltr'>quibus</span> <span class='ocrx_word' id='word_1_103' title='bbox 454 996 555 1038; x_wconf 88' lang='lat' dir='ltr'>olim</span> <span class='ocrx_word' id='word_1_104' title='bbox 592 996 635 1038; x_wconf 91' lang='lat' dir='ltr'>in</span> <span class='ocrx_word' id='word_1_105' title='bbox 669 994 911 1038; x_wconf 88' lang='lat' dir='ltr'>Comment.</span> <span class='ocrx_word' id='word_1_106' title='bbox 949 994 1168 1051; x_wconf 89' lang='lat' dir='ltr'>epigraph.</span> <span class='ocrx_word' id='word_1_107' title='bbox 1197 994 1292 1037; x_wconf 95' lang='lat' dir='ltr'>Vol.</span> <span class='ocrx_word' id='word_1_108' title='bbox 1326 995 1349 1036; x_wconf 92' lang='grc' dir='ltr'>Ι</span> <span class='ocrx_word' id='word_1_109' title='bbox 1376 1010 1416 1051; x_wconf 89' lang='lat' dir='ltr'>p.</span> <span class='ocrx_word' id='word_1_110' title='bbox 1451 994 1531 1037; x_wconf 73' lang='lat'>412</span> <span class='ocrx_word' id='word_1_111' title='bbox 1562 994 1642 1036; x_wconf 90' lang='lat' dir='ltr'>hac</span> <span class='ocrx_word' id='word_1_112' title='bbox 1670 1009 1716 1036; x_wconf 87' lang='lat' dir='ltr'>re</span> <span class='ocrx_word' id='word_1_113' title='bbox 1743 986 1747 990; x_wconf 51' lang='grc'><strong>”</strong></span> 
     </span>
     <span class='ocr_line' id='line_1_13' title="bbox 170 1066 1718 1124; baseline -0.001 -15"><span class='ocrx_word' id='word_1_114' title='bbox 170 1067 361 1110; x_wconf 88' lang='lat' dir='ltr'>nondum</span> <span class='ocrx_word' id='word_1_115' title='bbox 389 1076 611 1124; x_wconf 79' lang='lat' dir='ltr'>perspecta</span> <span class='ocrx_word' id='word_1_116' title='bbox 634 1069 776 1110; x_wconf 89' lang='lat' dir='ltr'>minus</span> <span class='ocrx_word' id='word_1_117' title='bbox 798 1075 912 1110; x_wconf 85' lang='lat' dir='ltr'>recte</span> <span class='ocrx_word' id='word_1_118' title='bbox 946 1075 1190 1116; x_wconf 82' lang='lat' dir='ltr'>statueram,</span> <span class='ocrx_word' id='word_1_119' title='bbox 1217 1082 1397 1122; x_wconf 88' lang='lat' dir='ltr'>quarum</span> <span class='ocrx_word' id='word_1_120' title='bbox 1427 1066 1588 1108; x_wconf 89' lang='lat' dir='ltr'>colonis</span> <span class='ocrx_word' id='word_1_121' title='bbox 1619 1066 1718 1108; x_wconf 85' lang='lat' dir='ltr'>data</span> 
     </span>
     <span class='ocr_line' id='line_1_14' title="bbox 169 1137 1716 1196; baseline -0.001 -15"><span class='ocrx_word' id='word_1_122' title='bbox 169 1147 234 1182; x_wconf 91' lang='lat' dir='ltr'>est</span> <span class='ocrx_word' id='word_1_123' title='bbox 273 1139 508 1190; x_wconf 80' lang='lat' dir='ltr'>Latinitas,</span> <span class='ocrx_word' id='word_1_124' title='bbox 554 1141 596 1182; x_wconf 91' lang='lat' dir='ltr'>in</span> <span class='ocrx_word' id='word_1_125' title='bbox 636 1156 719 1196; x_wconf 90' lang='lat' dir='ltr'>qua</span> <span class='ocrx_word' id='word_1_126' title='bbox 766 1156 838 1183; x_wconf 89' lang='lat' dir='ltr'>eos</span> <span class='ocrx_word' id='word_1_127' title='bbox 886 1140 962 1181; x_wconf 88' lang='lat' dir='ltr'>diu</span> <span class='ocrx_word' id='word_1_128' title='bbox 1002 1139 1210 1181; x_wconf 88' lang='lat' dir='ltr'>mansisse</span> <span class='ocrx_word' id='word_1_129' title='bbox 1259 1138 1445 1181; x_wconf 88' lang='lat' dir='ltr'>ostendit</span> <span class='ocrx_word' id='word_1_130' title='bbox 1480 1137 1592 1180; x_wconf 88' lang='lat' dir='ltr'>Plin.</span> <span class='ocrx_word' id='word_1_131' title='bbox 1631 1145 1716 1180; x_wconf 87' lang='lat' dir='ltr'>nat.</span> 
     </span>
     <span class='ocr_line' id='line_1_15' title="bbox 168 1210 1716 1269; baseline -0.001 -16"><span class='ocrx_word' id='word_1_132' title='bbox 168 1211 266 1254; x_wconf 89' lang='lat' dir='ltr'>hist.</span> <span class='ocrx_word' id='word_1_133' title='bbox 296 1212 387 1262; x_wconf 90' lang='lat' dir='ltr'>III,</span> <span class='ocrx_word' id='word_1_134' title='bbox 418 1213 442 1255; x_wconf 85' lang='grc'>4</span> <span class='ocrx_word' id='word_1_135' title='bbox 474 1213 518 1254; x_wconf 93' lang='lat' dir='ltr'>in</span> <span class='ocrx_word' id='word_1_136' title='bbox 549 1213 718 1255; x_wconf 89' lang='lat' dir='ltr'>Latinis</span> <span class='ocrx_word' id='word_1_137' title='bbox 743 1213 914 1269; x_wconf 88' lang='lat' dir='ltr'>oppidis</span> <span class='ocrx_word' id='word_1_138' title='bbox 949 1226 1190 1254; x_wconf 82' lang='lat' dir='ltr'>recensens.</span> <span class='ocrx_word' id='word_1_139' title='bbox 1253 1211 1541 1266; x_wconf 80' lang='lat' dir='ltr'>Similiterque</span> <span class='ocrx_word' id='word_1_140' title='bbox 1571 1210 1716 1252; x_wconf 85' lang='lat' dir='ltr'>existi-</span> 
     </span>
     <span class='ocr_line' id='line_1_16' title="bbox 170 1282 1717 1341; baseline -0.001 -14"><span class='ocrx_word' id='word_1_141' title='bbox 170 1284 374 1327; x_wconf 88' lang='lat' dir='ltr'>mandum</span> <span class='ocrx_word' id='word_1_142' title='bbox 406 1285 485 1326; x_wconf 86' lang='lat' dir='ltr'>erit</span> <span class='ocrx_word' id='word_1_143' title='bbox 515 1285 568 1327; x_wconf 89' lang='lat' dir='ltr'>de</span> <span class='ocrx_word' id='word_1_144' title='bbox 598 1285 792 1341; x_wconf 88' lang='lat' dir='ltr'>Hispali,</span> <span class='ocrx_word' id='word_1_145' title='bbox 830 1299 939 1340; x_wconf 91' lang='lat' dir='ltr'>quae</span> <span class='ocrx_word' id='word_1_146' title='bbox 977 1298 1073 1326; x_wconf 90' lang='lat' dir='ltr'>cum</span> <span class='ocrx_word' id='word_1_147' title='bbox 1107 1282 1331 1325; x_wconf 86' lang='lat' dir='ltr'>aedificata</span> <span class='ocrx_word' id='word_1_148' title='bbox 1362 1290 1476 1324; x_wconf 89' lang='lat' dir='ltr'>esset</span> <span class='ocrx_word' id='word_1_149' title='bbox 1505 1282 1577 1325; x_wconf 89' lang='lat' dir='ltr'>illo</span> <span class='ocrx_word' id='word_1_150' title='bbox 1609 1291 1717 1326; x_wconf 88' lang='lat' dir='ltr'>tem-</span> 
     </span>
     <span class='ocr_line' id='line_1_17' title="bbox 170 1354 1718 1413; baseline -0.001 -14"><span class='ocrx_word' id='word_1_151' title='bbox 170 1372 285 1413; x_wconf 88' lang='lat' dir='ltr'>pore,</span> <span class='ocrx_word' id='word_1_152' title='bbox 318 1372 402 1412; x_wconf 94' lang='lat' dir='ltr'>quo</span> <span class='ocrx_word' id='word_1_153' title='bbox 433 1357 645 1413; x_wconf 84' lang='lat' dir='ltr'>Hispania</span> <span class='ocrx_word' id='word_1_154' title='bbox 672 1358 717 1399; x_wconf 92' lang='lat' dir='ltr'>in</span> <span class='ocrx_word' id='word_1_155' title='bbox 745 1357 957 1400; x_wconf 83' lang='lat' dir='ltr'>dicionem</span> <span class='ocrx_word' id='word_1_156' title='bbox 988 1354 1289 1410; x_wconf 85' lang='lat' dir='ltr'>redigebatur,</span> <span class='ocrx_word' id='word_1_157' title='bbox 1327 1363 1476 1411; x_wconf 88' lang='lat' dir='ltr'>postea</span> <span class='ocrx_word' id='word_1_158' title='bbox 1502 1363 1627 1398; x_wconf 87' lang='lat' dir='ltr'>aucta</span> <span class='ocrx_word' id='word_1_159' title='bbox 1653 1363 1718 1398; x_wconf 86' lang='lat' dir='ltr'>est</span> 
     </span>
     <span class='ocr_line' id='line_1_18' title="bbox 169 1427 1717 1484; baseline 0 -13"><span class='ocrx_word' id='word_1_160' title='bbox 169 1429 389 1472; x_wconf 87' lang='lat' dir='ltr'>dictatoris</span> <span class='ocrx_word' id='word_1_161' title='bbox 423 1428 622 1472; x_wconf 86' lang='lat' dir='ltr'>Caesaris</span> <span class='ocrx_word' id='word_1_162' title='bbox 654 1430 878 1480; x_wconf 88' lang='lat' dir='ltr'>veteranis,</span> <span class='ocrx_word' id='word_1_163' title='bbox 905 1429 977 1484; x_wconf 91' lang='lat' dir='ltr'>qui</span> <span class='ocrx_word' id='word_1_164' title='bbox 1005 1443 1101 1470; x_wconf 91' lang='lat' dir='ltr'>cum</span> <span class='ocrx_word' id='word_1_165' title='bbox 1134 1427 1429 1476; x_wconf 84' lang='lat' dir='ltr'>accessissent,</span> <span class='ocrx_word' id='word_1_166' title='bbox 1460 1427 1571 1470; x_wconf 88' lang='lat' dir='ltr'>duae</span> <span class='ocrx_word' id='word_1_167' title='bbox 1597 1428 1717 1471; x_wconf 81' lang='lat' dir='ltr'>urbis</span> 
     </span>
     <span class='ocr_line' id='line_1_19' title="bbox 168 1499 1717 1557; baseline -0.001 -13"><span class='ocrx_word' id='word_1_168' title='bbox 168 1508 310 1556; x_wconf 87' lang='lat' dir='ltr'>partes</span> <span class='ocrx_word' id='word_1_169' title='bbox 340 1510 480 1552; x_wconf 87' lang='lat' dir='ltr'>erant,</span> <span class='ocrx_word' id='word_1_170' title='bbox 519 1517 702 1557; x_wconf 88' lang='lat' dir='ltr'>quarum</span> <span class='ocrx_word' id='word_1_171' title='bbox 738 1517 825 1543; x_wconf 88' lang='lat' dir='ltr'>una</span> <span class='ocrx_word' id='word_1_172' title='bbox 863 1501 1098 1556; x_wconf 78' lang='lat' dir='ltr'>antiquitus</span> <span class='ocrx_word' id='word_1_173' title='bbox 1129 1499 1254 1541; x_wconf 88' lang='lat' dir='ltr'>Latio</span> <span class='ocrx_word' id='word_1_174' title='bbox 1281 1499 1437 1542; x_wconf 88' lang='lat' dir='ltr'>donata</span> <span class='ocrx_word' id='word_1_175' title='bbox 1465 1499 1510 1541; x_wconf 91' lang='lat' dir='ltr'>in</span> <span class='ocrx_word' id='word_1_176' title='bbox 1537 1515 1587 1542; x_wconf 89' lang='lat' dir='ltr'>ea</span> <span class='ocrx_word' id='word_1_177' title='bbox 1616 1514 1717 1542; x_wconf 87' lang='lat' dir='ltr'>con-</span> 
     </span>
     <span class='ocr_line' id='line_1_20' title="bbox 169 1571 1717 1630; baseline -0.002 -14"><span class='ocrx_word' id='word_1_178' title='bbox 169 1573 337 1616; x_wconf 89' lang='lat' dir='ltr'>dicione</span> <span class='ocrx_word' id='word_1_179' title='bbox 374 1575 500 1616; x_wconf 87' lang='lat' dir='ltr'>etiam</span> <span class='ocrx_word' id='word_1_180' title='bbox 536 1582 632 1630; x_wconf 86' lang='lat' dir='ltr'>post</span> <span class='ocrx_word' id='word_1_181' title='bbox 678 1589 831 1616; x_wconf 89' lang='lat' dir='ltr'>novam</span> <span class='ocrx_word' id='word_1_182' title='bbox 877 1573 1086 1615; x_wconf 84' lang='lat' dir='ltr'>coloniam</span> <span class='ocrx_word' id='word_1_183' title='bbox 1129 1572 1338 1614; x_wconf 86' lang='lat' dir='ltr'>adiectam</span> <span class='ocrx_word' id='word_1_184' title='bbox 1377 1571 1546 1613; x_wconf 88' lang='lat' dir='ltr'>mansit.</span> <span class='ocrx_word' id='word_1_185' title='bbox 1606 1571 1717 1614; x_wconf 90' lang='lat' dir='ltr'>Vide</span> 
     </span>
     <span class='ocr_line' id='line_1_21' title="bbox 170 1641 1719 1704; baseline 0 -17"><span class='ocrx_word' id='word_1_186' title='bbox 170 1643 411 1689; x_wconf 89' lang='lat' dir='ltr'>Comment.</span> <span class='ocrx_word' id='word_1_187' title='bbox 440 1646 660 1704; x_wconf 86' lang='lat' dir='ltr'>epigraph.</span> <span class='ocrx_word' id='word_1_188' title='bbox 686 1647 709 1688; x_wconf 97' lang='lat' dir='ltr'>I</span> <span class='ocrx_word' id='word_1_189' title='bbox 739 1662 780 1702; x_wconf 92' lang='lat' dir='ltr'>p.</span> <span class='ocrx_word' id='word_1_190' title='bbox 805 1647 886 1689; x_wconf 81' lang='lat'>310</span> <span class='ocrx_word' id='word_1_191' title='bbox 917 1653 959 1686; x_wconf 89' lang='lat' dir='ltr'>et</span> <span class='ocrx_word' id='word_1_192' title='bbox 978 1644 1072 1694; x_wconf 78' lang='lat'>365,</span> <span class='ocrx_word' id='word_1_193' title='bbox 1103 1643 1179 1686; x_wconf 90' lang='lat' dir='ltr'>ubi</span> <span class='ocrx_word' id='word_1_194' title='bbox 1211 1643 1264 1685; x_wconf 88' lang='lat' dir='ltr'>de</span> <span class='ocrx_word' id='word_1_195' title='bbox 1293 1641 1496 1686; x_wconf 89' lang='lat' dir='ltr'>Corduba</span> <span class='ocrx_word' id='word_1_196' title='bbox 1525 1643 1719 1687; x_wconf 83' lang='lat' dir='ltr'>similiter</span> 
     </span>
     <span class='ocr_line' id='line_1_22' title="bbox 169 1718 630 1762; baseline -0.002 -1"><span class='ocrx_word' id='word_1_197' title='bbox 169 1718 402 1762; x_wconf 87' lang='lat' dir='ltr'>constituta</span> <span class='ocrx_word' id='word_1_198' title='bbox 427 1719 630 1761; x_wconf 87' lang='lat' dir='ltr'>diximus.</span> 
     </span>
    </p>

    <p class='ocr_par' dir='ltr' id='par_1_3' title="bbox 168 1786 1718 2923">
     <span class='ocr_line' id='line_1_23' title="bbox 282 1786 1712 1845; baseline -0.003 -11"><span class='ocrx_word' id='word_1_199' title='bbox 282 1791 406 1845; x_wconf 78' lang='lat' dir='ltr'>Quae</span> <span class='ocrx_word' id='word_1_200' title='bbox 433 1806 530 1834; x_wconf 93' lang='lat' dir='ltr'>cum</span> <span class='ocrx_word' id='word_1_201' title='bbox 557 1791 617 1834; x_wconf 90' lang='lat' dir='ltr'>ita</span> <span class='ocrx_word' id='word_1_202' title='bbox 643 1790 751 1841; x_wconf 89' lang='lat' dir='ltr'>sint,</span> <span class='ocrx_word' id='word_1_203' title='bbox 785 1796 948 1832; x_wconf 89' lang='lat' dir='ltr'>certum</span> <span class='ocrx_word' id='word_1_204' title='bbox 975 1804 1069 1831; x_wconf 88' lang='lat' dir='ltr'>esse</span> <span class='ocrx_word' id='word_1_205' title='bbox 1096 1787 1404 1837; x_wconf 86' lang='lat' dir='ltr'>existimamus,</span> <span class='ocrx_word' id='word_1_206' title='bbox 1434 1786 1550 1842; x_wconf 92' lang='lat' dir='ltr'>quod</span> <span class='ocrx_word' id='word_1_207' title='bbox 1583 1801 1712 1842; x_wconf 84' lang='lat' dir='ltr'>supra</span> 
     </span>
     <span class='ocr_line' id='line_1_24' title="bbox 169 1858 1716 1920; baseline -0.005 -13"><span class='ocrx_word' id='word_1_208' title='bbox 169 1864 413 1920; x_wconf 83' lang='lat' dir='ltr'>posuimus,</span> <span class='ocrx_word' id='word_1_209' title='bbox 445 1864 585 1917; x_wconf 79' lang='lat' dir='ltr'>legem</span> <span class='ocrx_word' id='word_1_210' title='bbox 612 1863 767 1906; x_wconf 87' lang='lat' dir='ltr'>Iuliam</span> <span class='ocrx_word' id='word_1_211' title='bbox 795 1862 848 1904; x_wconf 89' lang='lat' dir='ltr'>ad</span> <span class='ocrx_word' id='word_1_212' title='bbox 881 1862 1012 1903; x_wconf 84' lang='lat' dir='ltr'>solam</span> <span class='ocrx_word' id='word_1_213' title='bbox 1041 1860 1206 1902; x_wconf 86' lang='lat' dir='ltr'>Italiam</span> <span class='ocrx_word' id='word_1_214' title='bbox 1235 1859 1514 1915; x_wconf 84' lang='lat' dir='ltr'>pertinuisse,</span> <span class='ocrx_word' id='word_1_215' title='bbox 1554 1859 1631 1901; x_wconf 88' lang='lat' dir='ltr'>sed</span> <span class='ocrx_word' id='word_1_216' title='bbox 1661 1858 1716 1901; x_wconf 90' lang='lat' dir='ltr'>ad</span> 
     </span>
     <span class='ocr_line' id='line_1_25' title="bbox 169 1931 1717 1992; baseline -0.003 -15"><span class='ocrx_word' id='word_1_217' title='bbox 169 1936 278 1979; x_wconf 92' lang='lat' dir='ltr'>hanc</span> <span class='ocrx_word' id='word_1_218' title='bbox 311 1937 557 1979; x_wconf 85' lang='lat' dir='ltr'>universam</span> <span class='ocrx_word' id='word_1_219' title='bbox 585 1936 717 1992; x_wconf 89' lang='lat' dir='ltr'>idque</span> <span class='ocrx_word' id='word_1_220' title='bbox 757 1933 970 1989; x_wconf 86' lang='lat' dir='ltr'>significat</span> <span class='ocrx_word' id='word_1_221' title='bbox 1001 1932 1227 1988; x_wconf 87' lang='lat' dir='ltr'>Appianus</span> <span class='ocrx_word' id='word_1_222' title='bbox 1256 1931 1353 1974; x_wconf 90' lang='lat' dir='ltr'>bell.</span> <span class='ocrx_word' id='word_1_223' title='bbox 1385 1932 1466 1974; x_wconf 90' lang='lat' dir='ltr'>civ.</span> <span class='ocrx_word' id='word_1_224' title='bbox 1498 1931 1543 1981; x_wconf 92' lang='lat' dir='ltr'>I,</span> <span class='ocrx_word' id='word_1_225' title='bbox 1579 1931 1626 1973; x_wconf 81' lang='lat'>14</span> <span class='ocrx_word' id='word_1_226' title='bbox 1655 1931 1717 1974; x_wconf 87' lang='lat' dir='ltr'>sic</span> 
     </span>
     <span class='ocr_line' id='line_1_26' title="bbox 169 2003 1718 2059; baseline -0.004 -10"><span class='ocrx_word' id='word_1_227' title='bbox 169 2008 340 2051; x_wconf 90' lang='lat' dir='ltr'>dicens:</span> <span class='ocrx_word' id='word_1_228' title='bbox 385 2008 640 2050; x_wconf 78' lang='grc' dir='ltr'>Ἰταλιωτῶν.</span> <span class='ocrx_word' id='word_1_229' title='bbox 671 2007 716 2048; x_wconf 81' lang='grc' dir='ltr'>δὲ</span> <span class='ocrx_word' id='word_1_230' title='bbox 758 2006 852 2051; x_wconf 78' lang='grc' dir='ltr'>τοὺς</span> <span class='ocrx_word' id='word_1_231' title='bbox 890 2005 947 2047; x_wconf 82' lang='grc' dir='ltr'>ἔτι</span> <span class='ocrx_word' id='word_1_232' title='bbox 992 2005 1032 2045; x_wconf 86' lang='grc' dir='ltr'>ἐν</span> <span class='ocrx_word' id='word_1_233' title='bbox 1072 2009 1122 2059; x_wconf 77' lang='grc' dir='ltr'>τῇ</span> <span class='ocrx_word' id='word_1_234' title='bbox 1163 2005 1373 2059; x_wconf 74' lang='grc' dir='ltr'>συμμαχίᾳ</span> <span class='ocrx_word' id='word_1_235' title='bbox 1410 2003 1718 2058; x_wconf 83' lang='grc' dir='ltr'>παραμένοντας</span> 
     </span>
     <span class='ocr_line' id='line_1_27' title="bbox 171 2074 1714 2135; baseline -0.003 -15"><span class='ocrx_word' id='word_1_236' title='bbox 171 2080 400 2135; x_wconf 80' lang='grc' dir='ltr'>ἐψηφίσατο</span> <span class='ocrx_word' id='word_1_237' title='bbox 430 2079 533 2119; x_wconf 82' lang='grc' dir='ltr'>εἶναι</span> <span class='ocrx_word' id='word_1_238' title='bbox 563 2079 743 2127; x_wconf 81' lang='grc' dir='ltr'>πολίτας,</span> <span class='ocrx_word' id='word_1_239' title='bbox 771 2077 818 2118; x_wconf 85' lang='grc' dir='ltr'>οὖ</span> <span class='ocrx_word' id='word_1_240' title='bbox 852 2078 900 2131; x_wconf 85' lang='grc' dir='ltr'>δὴ</span> <span class='ocrx_word' id='word_1_241' title='bbox 934 2077 1107 2131; x_wconf 82' lang='grc' dir='ltr'>μάλιστα</span> <span class='ocrx_word' id='word_1_242' title='bbox 1140 2075 1265 2129; x_wconf 80' lang='grc' dir='ltr'>μόνου</span> <span class='ocrx_word' id='word_1_243' title='bbox 1294 2076 1439 2120; x_wconf 81' lang='grc' dir='ltr'>πάντες</span> <span class='ocrx_word' id='word_1_244' title='bbox 1468 2074 1714 2129; x_wconf 78' lang='grc' dir='ltr'>ἐπεθύμουν.</span> 
     </span>
     <span class='ocr_line' id='line_1_28' title="bbox 169 2145 1716 2206; baseline -0.004 -13"><span class='ocrx_word' id='word_1_245' title='bbox 169 2151 251 2201; x_wconf 90' lang='lat' dir='ltr'>At,</span> <span class='ocrx_word' id='word_1_246' title='bbox 287 2151 450 2205; x_wconf 87' lang='lat' dir='ltr'>inquiat</span> <span class='ocrx_word' id='word_1_247' title='bbox 477 2150 702 2206; x_wconf 85' lang='lat' dir='ltr'>quispiam,</span> <span class='ocrx_word' id='word_1_248' title='bbox 739 2164 885 2191; x_wconf 90' lang='lat' dir='ltr'>omnes</span> <span class='ocrx_word' id='word_1_249' title='bbox 913 2156 959 2190; x_wconf 91' lang='lat' dir='ltr'>tu</span> <span class='ocrx_word' id='word_1_250' title='bbox 989 2147 1158 2190; x_wconf 86' lang='lat' dir='ltr'>Italicas</span> <span class='ocrx_word' id='word_1_251' title='bbox 1186 2147 1379 2189; x_wconf 82' lang='lat' dir='ltr'>civitates</span> <span class='ocrx_word' id='word_1_252' title='bbox 1410 2147 1507 2203; x_wconf 85' lang='lat' dir='ltr'>lege</span> <span class='ocrx_word' id='word_1_253' title='bbox 1535 2145 1646 2188; x_wconf 86' lang='lat' dir='ltr'>Iulia</span> <span class='ocrx_word' id='word_1_254' title='bbox 1672 2146 1716 2188; x_wconf 89' lang='lat' dir='ltr'>in</span> 
     </span>
     <span class='ocr_line' id='line_1_29' title="bbox 170 2218 1716 2277; baseline -0.003 -13"><span class='ocrx_word' id='word_1_255' title='bbox 170 2223 386 2265; x_wconf 84' lang='lat' dir='ltr'>civitatem</span> <span class='ocrx_word' id='word_1_256' title='bbox 415 2223 649 2265; x_wconf 84' lang='lat' dir='ltr'>Romanam</span> <span class='ocrx_word' id='word_1_257' title='bbox 686 2229 878 2277; x_wconf 82' lang='lat' dir='ltr'>receptas</span> <span class='ocrx_word' id='word_1_258' title='bbox 915 2236 1008 2263; x_wconf 85' lang='lat' dir='ltr'>esse</span> <span class='ocrx_word' id='word_1_259' title='bbox 1040 2234 1190 2262; x_wconf 85' lang='lat' dir='ltr'>censes</span> <span class='ocrx_word' id='word_1_260' title='bbox 1219 2233 1270 2260; x_wconf 88' lang='lat' dir='ltr'>ac</span> <span class='ocrx_word' id='word_1_261' title='bbox 1306 2234 1358 2260; x_wconf 90' lang='lat' dir='ltr'>ne</span> <span class='ocrx_word' id='word_1_262' title='bbox 1388 2218 1716 2274; x_wconf 81' lang='lat' dir='ltr'>Transpadanas</span> 
     </span>
     <span class='ocr_line' id='line_1_30' title="bbox 170 2289 1716 2350; baseline -0.004 -13"><span class='ocrx_word' id='word_1_263' title='bbox 170 2295 346 2350; x_wconf 88' lang='lat' dir='ltr'>quidem</span> <span class='ocrx_word' id='word_1_264' title='bbox 376 2294 566 2350; x_wconf 82' lang='lat' dir='ltr'>excipis?</span> <span class='ocrx_word' id='word_1_265' title='bbox 604 2293 775 2336; x_wconf 85' lang='lat' dir='ltr'>Etenim</span> <span class='ocrx_word' id='word_1_266' title='bbox 803 2293 858 2334; x_wconf 86' lang='lat' dir='ltr'>ad</span> <span class='ocrx_word' id='word_1_267' title='bbox 882 2307 1029 2334; x_wconf 90' lang='lat' dir='ltr'>omnes</span> <span class='ocrx_word' id='word_1_268' title='bbox 1054 2292 1247 2334; x_wconf 87' lang='lat' dir='ltr'>civitates</span> <span class='ocrx_word' id='word_1_269' title='bbox 1268 2299 1310 2332; x_wconf 89' lang='lat' dir='ltr'>et</span> <span class='ocrx_word' id='word_1_270' title='bbox 1323 2291 1499 2332; x_wconf 87' lang='lat' dir='ltr'>Latinas</span> <span class='ocrx_word' id='word_1_271' title='bbox 1520 2298 1562 2333; x_wconf 86' lang='lat' dir='ltr'>et</span> <span class='ocrx_word' id='word_1_272' title='bbox 1580 2289 1716 2332; x_wconf 86' lang='lat' dir='ltr'>socias</span> 
     </span>
     <span class='ocr_line' id='line_1_31' title="bbox 172 2360 1717 2422; baseline -0.003 -13"><span class='ocrx_word' id='word_1_273' title='bbox 172 2376 214 2410; x_wconf 90' lang='lat' dir='ltr'>et</span> <span class='ocrx_word' id='word_1_274' title='bbox 242 2367 481 2409; x_wconf 86' lang='lat' dir='ltr'>foederatas</span> <span class='ocrx_word' id='word_1_275' title='bbox 519 2366 659 2422; x_wconf 87' lang='lat' dir='ltr'>legem</span> <span class='ocrx_word' id='word_1_276' title='bbox 695 2364 954 2421; x_wconf 83' lang='lat' dir='ltr'>pertinuisse</span> <span class='ocrx_word' id='word_1_277' title='bbox 988 2363 1150 2406; x_wconf 87' lang='lat' dir='ltr'>indicat</span> <span class='ocrx_word' id='word_1_278' title='bbox 1183 2360 1337 2405; x_wconf 86' lang='lat' dir='ltr'>Cicero</span> <span class='ocrx_word' id='word_1_279' title='bbox 1376 2377 1417 2418; x_wconf 92' lang='lat' dir='ltr'>p.</span> <span class='ocrx_word' id='word_1_280' title='bbox 1448 2360 1570 2404; x_wconf 90' lang='lat' dir='ltr'>Balb.</span> <span class='ocrx_word' id='word_1_281' title='bbox 1609 2375 1645 2403; x_wconf 92' lang='lat' dir='ltr'>c.</span> <span class='ocrx_word' id='word_1_282' title='bbox 1677 2362 1717 2410; x_wconf 84' lang='lat'>8,</span> 
     </span>
     <span class='ocr_line' id='line_1_32' title="bbox 172 2433 1718 2493; baseline -0.005 -11"><span class='ocrx_word' id='word_1_283' title='bbox 172 2454 271 2482; x_wconf 88' lang='lat' dir='ltr'>cum</span> <span class='ocrx_word' id='word_1_284' title='bbox 307 2440 402 2493; x_wconf 83' lang='lat' dir='ltr'>lege</span> <span class='ocrx_word' id='word_1_285' title='bbox 430 2438 540 2481; x_wconf 85' lang='lat' dir='ltr'>Iulia</span> <span class='ocrx_word' id='word_1_286' title='bbox 577 2438 635 2479; x_wconf 90' lang='lat' dir='ltr'>ait</span> <span class='ocrx_word' id='word_1_287' title='bbox 671 2437 886 2479; x_wconf 89' lang='lat' dir='ltr'>civitatem</span> <span class='ocrx_word' id='word_1_288' title='bbox 923 2435 1063 2477; x_wconf 86' lang='lat' dir='ltr'>datam</span> <span class='ocrx_word' id='word_1_289' title='bbox 1101 2449 1196 2477; x_wconf 88' lang='lat' dir='ltr'>esse</span> <span class='ocrx_word' id='word_1_290' title='bbox 1228 2434 1355 2476; x_wconf 88' lang='lat' dir='ltr'>sociis</span> <span class='ocrx_word' id='word_1_291' title='bbox 1395 2442 1437 2475; x_wconf 90' lang='lat' dir='ltr'>et</span> <span class='ocrx_word' id='word_1_292' title='bbox 1462 2433 1630 2475; x_wconf 77' lang='lat' dir='ltr'>Lat-inis</span> <span class='ocrx_word' id='word_1_293' title='bbox 1667 2446 1718 2474; x_wconf 83' lang='lat' dir='ltr'>ac</span> 
     </span>
     <span class='ocr_line' id='line_1_33' title="bbox 171 2504 1716 2564; baseline -0.005 -11"><span class='ocrx_word' id='word_1_294' title='bbox 171 2511 327 2555; x_wconf 89' lang='lat' dir='ltr'>deinde</span> <span class='ocrx_word' id='word_1_295' title='bbox 353 2510 664 2553; x_wconf 88' lang='lat' dir='ltr'>Heracleenses</span> <span class='ocrx_word' id='word_1_296' title='bbox 697 2515 738 2550; x_wconf 91' lang='lat' dir='ltr'>et</span> <span class='ocrx_word' id='word_1_297' title='bbox 760 2508 1061 2564; x_wconf 85' lang='lat' dir='ltr'>Neapolitanos</span> <span class='ocrx_word' id='word_1_298' title='bbox 1089 2506 1292 2556; x_wconf 88' lang='lat' dir='ltr'>nominat,</span> <span class='ocrx_word' id='word_1_299' title='bbox 1322 2505 1396 2560; x_wconf 89' lang='lat' dir='ltr'>qui</span> <span class='ocrx_word' id='word_1_300' title='bbox 1427 2505 1503 2546; x_wconf 92' lang='lat' dir='ltr'>diu</span> <span class='ocrx_word' id='word_1_301' title='bbox 1530 2504 1716 2547; x_wconf 85' lang='lat' dir='ltr'>foederis</span> 
     </span>
     <span class='ocr_line' id='line_1_34' title="bbox 171 2575 1716 2633; baseline -0.006 -6"><span class='ocrx_word' id='word_1_302' title='bbox 171 2585 239 2627; x_wconf 87' lang='lat' dir='ltr'>sui</span> <span class='ocrx_word' id='word_1_303' title='bbox 281 2582 468 2626; x_wconf 86' lang='lat' dir='ltr'>libertati</span> <span class='ocrx_word' id='word_1_304' title='bbox 510 2582 721 2625; x_wconf 88' lang='lat' dir='ltr'>civitatem</span> <span class='ocrx_word' id='word_1_305' title='bbox 762 2580 972 2622; x_wconf 87' lang='lat' dir='ltr'>anteferre</span> <span class='ocrx_word' id='word_1_306' title='bbox 1025 2578 1308 2620; x_wconf 87' lang='lat' dir='ltr'>dubitassent.</span> <span class='ocrx_word' id='word_1_307' title='bbox 1393 2577 1513 2631; x_wconf 85' lang='lat' dir='ltr'>Quid</span> <span class='ocrx_word' id='word_1_308' title='bbox 1554 2575 1716 2633; x_wconf 82' lang='lat' dir='ltr'>igitur?</span> 
     </span>
     <span class='ocr_line' id='line_1_35' title="bbox 169 2647 1716 2706; baseline -0.005 -8"><span class='ocrx_word' id='word_1_309' title='bbox 169 2655 321 2699; x_wconf 90' lang='lat' dir='ltr'>Nonne</span> <span class='ocrx_word' id='word_1_310' title='bbox 350 2655 413 2697; x_wconf 87' lang='lat' dir='ltr'>sic</span> <span class='ocrx_word' id='word_1_311' title='bbox 437 2653 683 2696; x_wconf 88' lang='lat' dir='ltr'>universam</span> <span class='ocrx_word' id='word_1_312' title='bbox 697 2652 863 2695; x_wconf 84' lang='lat' dir='ltr'>Italiam</span> <span class='ocrx_word' id='word_1_313' title='bbox 890 2665 1028 2706; x_wconf 88' lang='lat' dir='ltr'>usque</span> <span class='ocrx_word' id='word_1_314' title='bbox 1053 2650 1108 2691; x_wconf 87' lang='lat' dir='ltr'>ad</span> <span class='ocrx_word' id='word_1_315' title='bbox 1127 2650 1262 2705; x_wconf 88' lang='lat' dir='ltr'>Alpes</span> <span class='ocrx_word' id='word_1_316' title='bbox 1286 2664 1371 2691; x_wconf 92' lang='lat' dir='ltr'>uno</span> <span class='ocrx_word' id='word_1_317' title='bbox 1392 2656 1582 2704; x_wconf 89' lang='lat' dir='ltr'>tempore</span> <span class='ocrx_word' id='word_1_318' title='bbox 1610 2647 1716 2690; x_wconf 89' lang='lat' dir='ltr'>civi-</span> 
     </span>
     <span class='ocr_line' id='line_1_36' title="bbox 169 2719 1713 2770; baseline -0.005 -2"><span class='ocrx_word' id='word_1_319' title='bbox 169 2735 254 2770; x_wconf 85' lang='lat' dir='ltr'>tate</span> <span class='ocrx_word' id='word_1_320' title='bbox 282 2727 481 2770; x_wconf 86' lang='lat' dir='ltr'>donatam</span> <span class='ocrx_word' id='word_1_321' title='bbox 497 2739 592 2767; x_wconf 90' lang='lat' dir='ltr'>esse</span> <span class='ocrx_word' id='word_1_322' title='bbox 611 2723 863 2766; x_wconf 90' lang='lat' dir='ltr'>debebimus</span> <span class='ocrx_word' id='word_1_323' title='bbox 885 2722 1099 2765; x_wconf 81' lang='lat' dir='ltr'>statuere?</span> <span class='ocrx_word' id='word_1_324' title='bbox 1128 2721 1226 2764; x_wconf 90' lang='lat' dir='ltr'>Non</span> <span class='ocrx_word' id='word_1_325' title='bbox 1244 2721 1511 2764; x_wconf 86' lang='lat' dir='ltr'>debebimus.</span> <span class='ocrx_word' id='word_1_326' title='bbox 1541 2719 1713 2762; x_wconf 83' lang='lat' dir='ltr'>Etenim</span> 
     </span>
     <span class='ocr_line' id='line_1_37' title="bbox 168 2792 1715 2852; baseline -0.006 -10"><span class='ocrx_word' id='word_1_327' title='bbox 168 2814 254 2842; x_wconf 91' lang='lat' dir='ltr'>non</span> <span class='ocrx_word' id='word_1_328' title='bbox 281 2814 331 2842; x_wconf 89' lang='lat' dir='ltr'>ea</span> <span class='ocrx_word' id='word_1_329' title='bbox 361 2805 450 2841; x_wconf 85' lang='lat' dir='ltr'>erat</span> <span class='ocrx_word' id='word_1_330' title='bbox 476 2797 559 2847; x_wconf 76' lang='lat' dir='ltr'>leX,</span> <span class='ocrx_word' id='word_1_331' title='bbox 587 2811 695 2852; x_wconf 85' lang='lat' dir='ltr'>quae</span> <span class='ocrx_word' id='word_1_332' title='bbox 715 2795 960 2851; x_wconf 91' lang='lat' dir='ltr'>quicunque</span> <span class='ocrx_word' id='word_1_333' title='bbox 990 2794 1034 2835; x_wconf 92' lang='lat' dir='ltr'>in</span> <span class='ocrx_word' id='word_1_334' title='bbox 1048 2793 1172 2835; x_wconf 86' lang='lat' dir='ltr'>Italia</span> <span class='ocrx_word' id='word_1_335' title='bbox 1193 2792 1444 2843; x_wconf 86' lang='lat' dir='ltr'>habitarent,</span> <span class='ocrx_word' id='word_1_336' title='bbox 1474 2792 1590 2835; x_wconf 88' lang='lat' dir='ltr'>cives</span> <span class='ocrx_word' id='word_1_337' title='bbox 1621 2805 1715 2833; x_wconf 87' lang='lat' dir='ltr'>esse</span> 
     </span>
     <span class='ocr_line' id='line_1_38' title="bbox 169 2863 1716 2923; baseline -0.004 -13"><span class='ocrx_word' id='word_1_338' title='bbox 169 2869 357 2919; x_wconf 90' lang='lat' dir='ltr'>iuberet,</span> <span class='ocrx_word' id='word_1_339' title='bbox 398 2869 475 2912; x_wconf 87' lang='lat' dir='ltr'>sed</span> <span class='ocrx_word' id='word_1_340' title='bbox 504 2869 681 2911; x_wconf 89' lang='lat' dir='ltr'>modum</span> <span class='ocrx_word' id='word_1_341' title='bbox 712 2867 927 2923; x_wconf 87' lang='lat' dir='ltr'>quendam</span> <span class='ocrx_word' id='word_1_342' title='bbox 955 2864 1204 2914; x_wconf 85' lang='lat' dir='ltr'>adhibebat,</span> <span class='ocrx_word' id='word_1_343' title='bbox 1241 2880 1327 2921; x_wconf 90' lang='lat' dir='ltr'>quo</span> <span class='ocrx_word' id='word_1_344' title='bbox 1357 2864 1466 2906; x_wconf 89' lang='lat' dir='ltr'>fides</span> <span class='ocrx_word' id='word_1_345' title='bbox 1496 2863 1716 2907; x_wconf 83' lang='lat' dir='ltr'>civitatum</span> 
     </span>
    </p>
   </div>
  </div>
 </body>
</html>
