1846 3100
191 158 274 203 250
632 166 686 199 De
713 168 886 201 dictatoris
914 167 1072 204 Caesaris
1101 173 1296 206 honoribus.

193 272 257 314 ἐπὶ
286 276 364 314 τῶν
398 274 530 316 αὐτῶν
565 277 728 332 βάθρων
760 278 1082 332 συγκαθέζεσθαι
1113 282 1243 337 σφίσιν
1276 282 1422 340 ἔλαβε.>
1461 284 1613 329 Nonne
1633 287 1739 330 haec

190 352 255 388 est
286 347 434 389 eadem
467 347 695 390 tribunicia
725 356 926 406 potestas,
957 366 1086 407 quam
1114 350 1289 396 Caesari
1320 355 1462 399 datam
1492 371 1586 400 esse
1611 373 1738 415 supra

190 418 329 460 dixit?
383 419 472 462 Nec
507 420 678 463 decreta
715 408 879 464 tantum
920 431 1023 466 tunc
1063 432 1128 466 est
1167 428 1391 483 Augusto,
1431 444 1580 471 verum
1613 430 1738 472 etiam

188 500 370 547 recepta,
402 507 488 548 qua
511 493 564 535 de
593 508 638 535 re
669 509 755 536 non
784 495 909 536 modo
939 495 1092 539 domus
1122 498 1306 553 publica,
1335 515 1443 556 quae
1474 500 1600 544 simul
1622 516 1737 544 com-

189 571 460 614 memoratur,
491 565 538 606 in'
566 580 651 621 qua
679 565 732 608 ab
761 566 834 608 illo
865 574 1054 624 tempore
1085 585 1182 612 eum
1212 571 1427 615 habitasse
1455 581 1632 622 constat,
1661 575 1738 616 sed

193 636 317 678 etiam
353 636 505 679 Dionis
541 637 670 679 verba-
708 639 785 693 (ait
822 639 934 681 enim
964 638 1110 697 ἔλαβε)
1143 642 1272 685 fidem
1307 645 1482 687 faciunt.
1546 645 1670 699 Quae
1701 647 1737 689 si

187 709 292 762 quid
332 707 453 750 dubii
491 709 793 765 relinquerent,
830 711 876 752 id
913 711 1133 755 tolleretur
1162 714 1350 771 Appiani
1389 719 1644 768 testimonio,
1683 719 1737 762 de

187 779 338 822 eodem
369 788 558 837 tempore
595 782 654 824 sic
679 783 916 834 referentis,
947 783 1044 826 bell.
1077 785 1157 828 civ.
1190 787 1231 829 V
1266 789 1363 831 132:
1404 788 1500 846 Ἐφ’
1534 792 1594 837 οἷς
1616 792 1735 833 αὐτὸν

187 853 468 909 εὐφημοῦντες
482 855 642 895 εἵλοντο
663 857 873 912 δήμαρχον
895 857 935 901 ἐς
955 858 1018 898 ἀεὶ
1035 859 1213 912 διηνεκεῖ
1226 859 1304 915 ἄρα
1322 861 1433 917 ἅρχῇ
1448 863 1739 917 προτρέποντες

185 929 255 979 τῆς
288 926 488 982 προτέρας
525 929 770 982 ἀποστῆναι·
804 930 823 970 ὁ
857 929 901 969 δὲ
937 929 1101 975 ἐδέξατο
1142 932 1212 985 μὲν
1244 933 1310 973 καὶ
1337 935 1455 989 τήνδε
1486 942 1564 977 cet.
1594 935 1736 978 Etiam

186 997 371 1040 Orosius
415 998 492 1048 VI,
536 999 584 1042 18
625 1006 729 1041 extr.
770 1017 796 1043 a
836 1008 985 1043 senatu
1023 1002 1243 1045 decretum
1283 1019 1378 1047 esse
1417 1006 1578 1057 scribit,
1613 1015 1661 1049 ut
1691 1012 1737 1049 in

176 1077 420 1123 perpetuum
454 1073 700 1113 tribuniciae
733 1077 947 1126 potestate}
984 1082 1093 1119 esset.
1152 1074 1329 1118 Certum
1363 1078 1495 1134 igitur
1525 1080 1604 1121 erit
1640 1080 1736 1123 Au-

185 1150 361 1198 gustum
398 1143 482 1185 iam
518 1159 629 1186 anno
659 1145 710 1187 336
741 1144 1011 1188 tribuniciam
1049 1154 1302 1202 potestatem
1332 1158 1580 1207 perpetuam
1609 1167 1732 1195 acce-

184 1214 299 1270 pisse
345 1231 424 1258 nec
460 1232 697 1259 recusasse.
765 1218 825 1259 At
860 1233 1000 1260 nonne
1044 1230 1255 1276 repugnat
1295 1222 1382 1264 Dio
1417 1223 1495 1275 LI,
1534 1224 1583 1267 19
1622 1240 1734 1268 anno

184 1287 237 1329 30
268 1296 366 1343 post
401 1289 608 1344 proelium
639 1289 868 1332 Actiacum
907 1290 968 1332 sic
1002 1293 1212 1335 referens:
1249 1297 1318 1336 καὶ
1349 1297 1415 1336 τὸν
1446 1295 1634 1354 Καίσαρα
1664 1300 1733 1355 τήν

182 1375 225 1400 τε
247 1361 429 1406 ἐξουσίαν
459 1363 527 1417 τὴν
559 1365 636 1402 τῶν
665 1365 886 1418 δημάρχων
909 1364 974 1404 διὰ
1001 1365 1088 1420 βίου
1118 1365 1224 1421 ἔχειν
1253 1366 1554 1425 (ἐψηφίσαντο)
1571 1371 1736 1416 καὶτοῖς

183 1433 476 1489 ἐπιβοωμένοις
506 1435 627 1476 αὐτὸν
658 1437 724 1476 καὶ
756 1436 867 1480 ἐντὸς
892 1440 963 1478 τοῦ
987 1439 1201 1493 πωμηρίου
1231 1442 1298 1481 καὶ
1320 1440 1398 1486 ἔξω
1422 1441 1562 1498 μέχρις
1585 1443 1732 1497 ὀγδόου

181 1507 422 1561 ἡμισταδίου
465 1507 644 1562 ἀμύνειν,
688 1508 708 1549 ὃ
749 1510 889 1564 μηδενὶ
927 1513 1006 1550 τῶν
1038 1512 1356 1567 δημαρχούντων
1399 1514 1504 1568 ἐξῆν,
1541 1514 1733 1569 ἔκκλητόν

181 1595 223 1619 τε
257 1581 428 1626 δικάζειν
465 1581 531 1621 καὶ
563 1581 699 1636 ψῆφόν
729 1596 816 1621 τινα
847 1581 970 1622 αὐτοῦ
1002 1583 1042 1623 ἐν
1074 1587 1171 1623 πᾶσι
1201 1588 1284 1628 τοῖς
1311 1585 1578 1641 δικαστηρίοις
1595 1588 1732 1643 ὥσπερ

180 1640 356 1706 Ἀθηνᾶς
384 1652 614 1707 φέρεσθαιΡ
651 1652 804 1694 Nonne
835 1653 952 1708 quod
980 1654 1165 1697 habebat
1191 1655 1275 1698 iam
1304 1654 1552 1713 Augustus,
1584 1658 1730 1702 decre-

180 1731 270 1765 tum
302 1739 396 1766 esse
427 1725 514 1766 ait?
572 1724 722 1780 Neque
751 1726 830 1767 hoc
857 1726 959 1768 satis
989 1734 1075 1775 est3
1107 1742 1205 1769 nam
1231 1743 1382 1771 rursus
1417 1730 1499 1771 Dio
1526 1730 1649 1780 LIII,
1679 1732 1732 1774 32

180 1811 290 1838 anno
331 1797 383 1839 223
421 1795 627 1853 Augusto
667 1812 765 1839 cum
804 1799 1070 1840 consulatum
1106 1799 1396 1855 deposuisset,
1438 1801 1616 1844 eandem
1654 1818 1731 1859 po-

180 1875 375 1911 testatem
398 1870 539 1912 datam
575 1885 669 1912 esse
693 1870 860 1912 scribit:
897 1871 963 1911 καὶ
996 1871 1061 1912 διὰ
1089 1875 1214 1913 ταῦτα
1245 1874 1269 1927 ἡ
1296 1875 1489 1929 γερουσία
1519 1875 1730 1931 δήμαρχόν

180 1961 221 1985 τε
254 1945 375 1986 αὐτὸν
407 1945 472 1985 διὰ
504 1945 591 2000 βίου
612 1944 715 1985 εἶναι
747 1943 976 1999 ἐψηφίσατο
1006 1944 1072 1984 καὶ
1103 1946 1363 1999 χρηματίζειν
1388 1945 1501 2002 αὐτῷ
1522 1948 1612 2002 περὶ
1642 1947 1732 1998 ἑνός

179 2033 284 2063 τινος
317 2018 411 2058 ὅτου
453 2017 498 2057 ἂν
541 2018 721 2071 ἐθελήσῃ
761 2017 854 2057 καθ’
889 2017 1058 2069 ἑκάστην
1104 2017 1270 2072 βουλὴν,
1310 2017 1382 2058 κᾶν
1427 2020 1480 2073 μὴ
1522 2020 1727 2076 ὑπατεύσῃ

179 2089 324 2141 ἔδωκε,
363 2090 431 2143 τήν
464 2105 506 2130 τε
539 2090 667 2144 ἀρχὴν
702 2089 771 2142 τὴν
801 2088 1031 2129 ἀνθύπατον
1066 2089 1172 2133 ἐςαεὶ
1202 2089 1390 2135 καθάπαξ
1423 2089 1545 2146 ἔχειν.
1606 2079 1729 2144 Quo-

178 2162 304 2203 modo
335 2168 399 2204 ter
424 2161 539 2203 idem
570 2160 700 2203 tribui
730 2159 894 2216 potuit?
946 2157 1059 2202 Cum
1089 2160 1244 2203 iterum
1275 2160 1459 2213 daretur,
1489 2168 1634 2205 utrum
1661 2178 1729 2205 re-

180 2234 336 2291 ceperit
365 2249 499 2276 necne
530 2248 615 2275 non
640 2232 827 2281 additur,
861 2232 937 2274 sed
962 2247 1058 2274 cum
1074 2232 1274 2289 primum,
1302 2233 1459 2276 scimus
1486 2234 1727 2278 eum‘rece-

177 2307 318 2363 pisse:
363 2306 429 2348 bis
476 2306 608 2362 igitur
661 2312 773 2347 certe
819 2305 997 2347 eandem
1041 2312 1290 2360 potestatem
1336 2306 1514 2362 accepit.
1577 2307 1728 2363 Neque

178 2380 303 2430 enim,
337 2379 500 2435 opinor,
538 2377 791 2435 probabitur
821 2376 999 2419 Eckhel.
1023 2376 1154 2418 doctr.
1182 2392 1297 2419 num.
1320 2378 1430 2421 VIII
1457 2394 1498 2434 p.
1530 2379 1624 2429 391,
1652 2379 1727 2435 qui

181 2453 432 2506 Augustum
467 2457 613 2493 censet
640 2450 709 2491 vel
737 2464 822 2490 non
851 2449 1064 2505 recepisse
1096 2450 1164 2491 vel
1194 2450 1484 2506 negligentius
1501 2449 1724 2493 habuisse:

179 2539 277 2565 nam
313 2523 529 2579 recepisse
561 2520 830 2564 convincitur
863 2531 1008 2576 aperto
1040 2521 1197 2563 Dionis
1231 2522 1487 2573 testimonio,
1515 2522 1580 2564 sin
1607 2537 1726 2564 rece-

177 2605 310 2651 perat,
337 2596 427 2638 sive
456 2595 704 2651 negligebat
737 2594 827 2636 sive
857 2595 1002 2650 magni
1033 2594 1230 2644 faciebat,
1256 2594 1410 2636 iterum
1439 2595 1612 2637 decerni
1641 2609 1726 2637 non

178 2683 284 2724 opus
314 2675 415 2709 erat.
469 2667 680 2709 Eckhelio
711 2675 853 2709 autem
881 2667 971 2708 fere
998 2666 1304 2716 assentiuntur,
1336 2666 1409 2722 qui
1439 2666 1555 2708 idem
1594 2681 1725 2723 argu-

175 2747 367 2782 mentum
407 2739 489 2781 hoc
526 2747 714 2795 tempore
754 2732 999 2795 tetigerunt.
1064 2737 1188 2791 Quae
1228 2753 1326 2779 cum
1366 2737 1425 2780 ita
1465 2737 1562 2788 sint,
1603 2738 1639 2780 si
1682 2746 1724 2780 et

179 2812 435 2868 scriptorum
464 2811 760 2854 auctoritatem
792 2825 1045 2853 conservare
1070 2820 1108 2852 et
1137 2810 1199 2852 rei
1225 2810 1362 2866 ipsius
1384 2808 1723 2866 probabilitatem

181 2883 301 2937 sequi
345 2883 551 2934 volemus,
593 2882 832 2928 necessario
873 2896 923 2924 eo
973 2881 1251 2932 deducemur,
1289 2890 1337 2923 ut
1374 2881 1492 2924 aliud
1533 2879 1721 2932 Caesari,
