1846 3100
216 113 296 157 364
634 119 689 151 De
716 120 962 162 propagatione
985 120 1132 153 civitatis
1158 122 1345 156 Romanae.

214 241 297 269 nus
319 226 488 270 civibus
505 227 725 277 Romanis,
753 227 828 283 qui
856 243 941 270 non
966 227 1299 281 ascriberentur,
1326 231 1371 273 in
1399 232 1578 276 coloniis
1596 232 1766 276 Latinis

217 299 352 342 simile
391 299 566 355 aliquod
608 299 677 342 ius
716 298 924 355 obtigisse
965 300 1183 343 existimo:
1228 316 1311 356 qua
1349 303 1403 346 de
1445 319 1492 347 re
1528 319 1627 348 cum
1661 304 1767 348 nihil

215 371 423 422 tradatur,
454 371 561 414 nihil
590 379 731 414 tamen
763 379 841 422 est,
869 373 986 427 quod
1017 372 1077 415 ita
1104 373 1347 418 existimare
1368 376 1606 432 prohibeat.
1643 377 1767 420 Alte-

215 460 312 487 rum
354 452 455 495 erat,
493 452 554 495 ut,
594 445 667 500 qui
704 444 853 487 relicta
891 445 1029 501 patria
1069 461 1148 489 sua
1189 446 1471 504 depositoque
1500 449 1594 492 iure
1624 456 1768 492 vetere

218 518 414 560 fortunas
457 532 557 560 suas
592 525 701 560 totas
738 518 968 560 transferre
1009 518 1182 569 vellent,
1214 533 1287 561 eos
1326 535 1403 576 per
1432 534 1608 564 censum
1650 524 1768 575 (nam

216 589 344 632 etiam
383 589 499 646 apud
541 589 720 632 Latinos
763 605 939 633 censum
975 589 1111 632 fuisse
1154 591 1340 647 constat)
1377 592 1511 649 recipi
1549 599 1676 650 atque
1712 592 1768 635 ad

215 661 423 718 optimum
455 662 680 717 utriusque
713 661 897 705 civitatis
926 662 995 705 ius
1025 662 1191 705 admitti
1220 663 1380 706 liceret.
1434 665 1502 708 Ita
1528 671 1570 708 et
1598 663 1769 708 Latinis

215 733 444 778 facillimus
488 734 543 777 ad
586 733 787 790 optimam
819 735 1034 778 civitatem
1062 735 1300 778 Romanam
1338 736 1482 780 aditus
1514 735 1697 781 dabatur
1727 744 1770 780 et

216 804 384 849 civibus
424 806 630 849 Romanis
668 806 723 848 ad
756 806 914 850 Latina
951 807 1133 864 oppida:
1180 808 1281 851 hinc
1311 809 1420 851 illud
1455 815 1615 860 natum,
1652 809 1768 866 quod

216 893 315 920 cum
345 878 400 920 ad
430 879 661 935 perniciem
689 878 952 922 coloniarum
981 879 1237 923 Latinarum
1267 888 1564 937 usurparetur,
1595 882 1768 939 saepius

214 949 479 1007 prohibitum
505 966 602 993 esse
634 967 765 1008 supra
796 951 1102 1002 intelleximus,
1132 952 1233 995 hinc
1265 953 1361 1010 ipsa
1390 953 1653 997 coloniarum
1681 954 1768 998 La-

217 1023 402 1066 tinarum
433 1024 636 1067 deductio
663 1033 790 1080 atque
821 1023 957 1080 origo.
1004 1024 1177 1067 Etenim
1205 1033 1354 1068 notum
1383 1034 1447 1069 est
1470 1026 1628 1070 multos
1652 1026 1770 1070 cives

216 1095 431 1139 Romanos
455 1097 500 1138 in
521 1096 709 1139 colonias
729 1096 907 1138 Latinas
934 1096 1108 1139 nomina
1134 1097 1236 1140 dare
1259 1113 1508 1148 consuesse,
1529 1099 1603 1155 qui
1621 1114 1769 1142 omnes

219 1168 358 1224 capite
385 1168 594 1211 deminuti
623 1169 819 1210 Romana
847 1168 1019 1211 civitate
1047 1169 1246 1212 Latinam
1272 1171 1513 1214 necessario
1535 1171 1769 1215 mutabant.

216 1241 362 1296 Atque
392 1241 494 1283 olim
523 1241 713 1298 quidem,
743 1256 841 1284 cum
872 1242 1090 1284 Romanae
1123 1241 1383 1299 reipublicae
1413 1243 1599 1300 potentia
1627 1259 1678 1286 ac
1702 1243 1769 1286 di-

217 1314 359 1370 gnitas
394 1329 527 1370 parva
554 1321 681 1363 esset,
719 1313 967 1370 saepissime
997 1314 1043 1355 id
1077 1314 1240 1357 factum
1275 1329 1371 1358 esse
1410 1315 1606 1366 arbitror,
1644 1322 1770 1372 prout

215 1387 371 1443 cuique
415 1387 619 1430 facilioris
659 1394 865 1443 quaestus
909 1386 1079 1429 occasio
1124 1386 1193 1429 vel
1226 1387 1387 1431 Romae
1425 1389 1494 1431 vel
1531 1388 1576 1431 in
1611 1389 1768 1432 Latino

214 1459 374 1516 oppido
405 1459 600 1511 daretur3
634 1460 711 1503 sed
743 1475 796 1503 ne
826 1467 977 1516 postea
1007 1458 1182 1514 quidem
1211 1474 1410 1516 magnam
1433 1461 1640 1504 iacturam
1665 1461 1767 1504 affe-

214 1532 355 1583 rebat,
394 1548 523 1588 quam
569 1533 605 1575 si
651 1534 747 1589 quis
788 1546 986 1588 reparare
1031 1531 1172 1581 vellet,
1212 1532 1350 1575 facilis
1379 1533 1562 1577 Romam
1603 1533 1768 1576 reditus

214 1606 400 1662 patebat.
456 1605 604 1660 Quare
636 1621 761 1661 saepe
791 1605 977 1648 lIIviros
1007 1603 1139 1660 ipsos,
1169 1603 1328 1660 quibus
1358 1605 1561 1648 deductio
1579 1606 1769 1650 coloniae

215 1680 416 1722 mandata
441 1685 567 1728 esset,
601 1678 802 1721 audimus
835 1677 1008 1720 colonos
1041 1690 1136 1719 esse
1168 1677 1318 1727 factos,
1349 1677 1542 1720 homines
1573 1685 1615 1720 et
1645 1693 1768 1722 sena-

216 1751 324 1793 toria
355 1751 565 1807 dignitate
597 1758 638 1793 et
665 1749 898 1793 honoribus
929 1749 1144 1799 illustres,
1175 1750 1249 1804 qui
1281 1750 1372 1792 sine
1409 1748 1542 1792 dubio
1566 1749 1667 1793 item
1697 1750 1766 1793 ius

215 1824 428 1866 honorum
458 1823 766 1880 pristinamque
796 1822 1048 1878 dignitatem
1075 1821 1338 1872 amittebant,
1371 1821 1462 1872 sed,
1491 1822 1527 1864 si
1548 1829 1623 1864 aut
1647 1822 1766 1879 ipsos

217 1905 291 1939 aut
317 1912 466 1939 eorum
490 1903 683 1952 posteros
713 1895 856 1937 denuo
884 1894 1209 1949 magistratuum
1238 1893 1530 1937 Romanorum
1555 1894 1767 1951 cupiditas

216 1978 399 2026 caperet,
438 1968 563 2013 facile
602 1983 753 2010 rursus
785 1967 989 2010 translata
1025 1965 1127 2009 sede
1157 1981 1235 2008 sua
1264 1966 1309 2008 in
1340 1965 1479 2009 tribus
1509 1966 1671 2023 recepti
1699 1981 1766 2010 re-

217 2041 488 2099 cuperabant.

329 2115 434 2157 Erat
469 2122 626 2164 autem,
667 2127 763 2155 cum
806 2110 1063 2155 Cassianum
1102 2109 1256 2153 foedus
1297 2110 1490 2152 iunctum
1521 2117 1599 2161 est,
1633 2110 1768 2154 maxi-

218 2203 336 2230 mum
363 2187 475 2229 inter
499 2186 618 2243 ipsos
638 2185 853 2227 Romanos
875 2183 1107 2226 discrimen
1124 2182 1399 2239 patriciorum
1423 2189 1465 2224 et
1487 2182 1767 2239 plebeiorum,

217 2260 307 2316 qui,
348 2266 397 2302 ut
435 2260 490 2301 de
527 2265 678 2301 senatu
706 2257 1025 2312 honoribusque
1058 2262 1234 2305 taceam,
1266 2255 1479 2298 connubio
1514 2253 1768 2311 separaban-
1804 2277 1806 2279 ·

218 2341 311 2383 tur;
357 2333 538 2374 fortasse
584 2331 712 2373 etiam
751 2329 834 2372 alia
874 2329 1086 2384 quaedam
1129 2327 1294 2383 privata
1337 2327 1561 2369 commoda
1599 2326 1767 2383 patricii

216 2404 442 2454 habebant,
480 2418 664 2460 quorum
703 2404 908 2445 memoria
942 2401 1081 2458 periit,
1144 2399 1264 2454 Quid
1295 2399 1430 2456 igitur
1459 2399 1766 2450 existimamus,

217 2492 316 2519 eum
348 2477 456 2519 illud
487 2475 719 2517 discrimen
749 2481 976 2524 constaret,
1010 2473 1121 2515 inter
1141 2473 1322 2515 Latinos
1354 2480 1395 2514 et
1424 2472 1640 2515 Romanos
1659 2471 1766 2514 iuris

216 2549 379 2590 fuisse?
429 2548 528 2590 Hoc
557 2547 721 2603 opinor,
754 2554 802 2589 ut
828 2546 1009 2603 patricii,
1036 2545 1111 2601 qui
1145 2545 1224 2588 soli
1252 2545 1436 2586 honores
1464 2558 1616 2604 gerere
1651 2550 1692 2585 et
1721 2543 1766 2585 in

218 2629 413 2663 senatum
449 2620 594 2662 venire
630 2627 818 2676 possent,
858 2619 911 2661 iis
948 2618 1202 2660 Latinorum
1241 2631 1366 2673 pares
1396 2616 1664 2665 haberentur,
1693 2614 1767 2670 qui

215 2693 260 2734 in
300 2692 456 2735 Latina
495 2691 716 2747 republica
757 2692 941 2734 honores
984 2697 1181 2746 gererent
1225 2697 1266 2731 et
1304 2695 1498 2731 senatum
1539 2687 1766 2730 efficerent.

216 2764 277 2806 Hi
317 2765 451 2820 igitur
488 2763 750 2806 connubium
791 2763 1020 2813 habebant,
1056 2762 1138 2804 alia
1167 2761 1292 2804 etiam
1326 2759 1549 2803 commoda
1575 2760 1686 2802 inter
1721 2773 1766 2802 se

221 2835 528 2887 concedebant,
561 2836 680 2879 velut
707 2834 907 2892 patricios
940 2849 1038 2877 cum
1069 2831 1385 2890 Campanorum
1415 2831 1631 2889 equitibus
1663 2830 1765 2873 alia-
