1846 3100
0 1284 8 1291 υ
0 1170 14 1267 ναι-κ
0 1095 14 1161 *τήν
0 1017 13 1074 ψυ-
0 955 17 1002 ·‚-v·-
0 926 9 939 ι-
5 840 10 857 -·
7 782 13 791 ⁴
2 766 6 771 ·
0 732 2 738 ·

575 171 629 203 De
657 170 771 204 Gallia
799 171 1033 203 Romanorum
1062 169 1247 212 provincia.
1629 167 1678 210 21

136 296 310 339 perasse
341 280 590 324 statuamus.
643 279 770 321 Anno
806 278 882 320 108
913 293 1020 333 quas
1047 279 1291 334 provincias
1319 277 1518 321 consules
1547 277 1684 320 sortiti

138 354 236 404 sint,
264 369 418 410 parum
450 360 566 395 certa
594 351 751 393 mentio
779 350 839 391 fit.
884 350 953 391 Ex
982 349 1140 405 quibus
1171 365 1304 392 unum
1325 349 1417 393 Ser.
1438 349 1683 406 Sulpicium

139 425 322 468 Galbam
356 425 574 481 accepisse
604 423 788 466 arbitror
810 422 1067 478 Hispaniam
1091 422 1352 465 ulteriorem.
1398 422 1548 478 Neque
1571 422 1684 464 enim

137 497 244 553 quid
288 498 332 539 in
370 497 495 540 Italia
536 496 720 553 gesserit
761 502 1116 538 commemoratur
1150 501 1192 537 et
1230 494 1284 537 ab
1325 495 1526 551 Appiano
1555 495 1684 551 Hisp.

138 585 174 612 c.
201 570 255 613 99
291 570 402 612 inter
434 568 671 625 Hispaniae
698 567 918 623 praesides
959 574 1227 618 recensetur,
1268 582 1407 622 neque
1439 567 1526 609 ulla
1556 582 1687 610 causa

138 647 224 692 est,
272 657 350 684 cur
389 657 486 684 eum
524 656 576 683 ex
604 647 805 696 praetura
835 639 978 696 potius
1008 654 1137 695 quam
1177 640 1221 681 in
1252 639 1478 682 consulatu
1509 654 1558 682 eo
1587 654 1685 696 pro-

136 714 298 757 fectum
328 729 423 756 esse
453 713 679 756 credamus
709 712 864 768 Pighio
895 712 1050 754 Annal.
1081 712 1150 754 III
1186 727 1228 768 p.
1263 712 1352 755 118.
1419 712 1557 754 Immo
1588 726 1686 754 cum

139 784 306 829 Cimbri
349 793 452 828 tunc
492 786 536 827 in
563 785 820 841 Hispaniam
862 784 1098 840 profecturi
1134 799 1229 826 esse
1259 791 1534 841 putarentur,
1569 783 1686 826 illam

137 858 402 915 provinciam
445 858 658 900 consulari
703 857 894 899 exercitu
932 863 1129 898 coercere
1168 857 1303 899 tutius
1350 857 1487 899 videri
1524 857 1686 899 debuit.

139 931 271 985 Quod
300 931 336 974 si
373 931 433 973 ita
461 937 546 981 est,
589 930 642 972 L.
672 927 954 986 Calpurnium
987 929 1190 971 Pisonem
1220 929 1379 985 Frugi,
1421 929 1557 972 filium
1585 945 1687 972 con-

139 1004 245 1046 sulis
276 1004 374 1047 anni
405 1003 495 1054 133,
526 1017 653 1058 quem
683 989 867 1058 Appian.
896 1001 924 1042 l.
950 1001 978 1042 l.
1006 1001 1098 1043 eius
1130 1016 1424 1062 successorem
1450 1002 1586 1045 fuisse
1615 1003 1686 1053 ait,

138 1092 249 1119 anno
284 1076 360 1119 107
387 1076 432 1117 in
460 1082 660 1132 praetura
689 1082 806 1127 (nam
839 1089 936 1116 cum
970 1071 1061 1115 Cic.
1092 1073 1137 1115 in
1160 1073 1284 1116 Verr.
1312 1073 1400 1124 IV,
1429 1074 1482 1117 25
1519 1082 1687 1130 praeto-

138 1164 228 1191 rem
257 1148 456 1205 appellet‚
485 1155 631 1189 utrum
659 1147 703 1188 in
734 1147 830 1203 ipsa
853 1153 1055 1203 praetura
1085 1161 1139 1188 an
1169 1161 1222 1188 ex
1250 1161 1299 1188 ea
1328 1146 1593 1202 provinciam
1610 1146 1686 1189 ob-

138 1221 332 1271 tinuerit,
377 1219 558 1262 dubium
599 1226 739 1276 potest
777 1218 946 1272 videri)
983 1218 1220 1274 Hispaniae
1263 1219 1504 1275 praefuisse
1542 1219 1688 1274 ibique

139 1293 351 1336 occidisse
393 1299 642 1335 statuemus.
704 1289 929 1347 Collegam
962 1298 1102 1333 autem
1132 1290 1322 1340 Galbae,
1365 1291 1427 1333 M.
1459 1291 1689 1334 Aurelium

141 1364 352 1408 Scaurum
378 1364 545 1407 Italiam
577 1379 675 1406 cum
708 1363 850 1406 Gallia
881 1363 1071 1406 tenuisse
1105 1363 1205 1405 hinc
1240 1363 1410 1420 colligo,
1442 1364 1558 1419 quod
1591 1379 1689 1406 cum

139 1445 368 1495 prorogato
399 1437 576 1493 imperio
606 1437 649 1478 in
675 1436 897 1492 provincia
925 1436 1165 1486 mansisset,
1197 1451 1308 1478 anno
1343 1436 1420 1478 106
1451 1452 1475 1478 a
1501 1434 1688 1479 Cimbris

143 1518 369 1567 superatus
384 1525 434 1552 ac
453 1524 605 1552 caesus
624 1524 718 1551 esse
736 1514 933 1550 narratur
958 1507 1076 1562 (Liv.
1098 1523 1164 1565 ep.
1184 1508 1263 1552 LV
1272 1509 1337 1559 113
1369 1508 1522 1551 Vellei.
1538 1509 1596 1558 ΙΙ,
1617 1509 1688 1559 123

141 1583 244 1625 Tac.
279 1582 426 1625 Germ.
457 1597 492 1624 c.
523 1582 608 1635 37).
650 1581 778 1623 Anno
810 1581 884 1623 107
919 1580 1211 1622 consularium
1239 1581 1555 1636 provinciarum
1584 1580 1690 1623 haec

141 1655 297 1697 divisio
336 1654 439 1705 fuit,
479 1662 527 1696 ut
562 1652 612 1695 C.
652 1653 820 1696 Marius
867 1659 986 1695 extra
1033 1659 1190 1695 sortem
1231 1653 1426 1695 Africam
1464 1653 1689 1709 acciperet,

140 1725 194 1768 L.
233 1725 415 1769 Cassius
451 1726 679 1782 Longinus
719 1725 888 1768 Italiam
925 1731 966 1767 et
1003 1725 1164 1768 bellum
1196 1723 1484 1774 Cimbricum,
1530 1725 1605 1780 qui
1645 1725 1689 1766 in

140 1799 236 1855 ipso
265 1799 491 1842 consulatu
519 1799 564 1840 in
591 1797 734 1840 Gallia
762 1797 1046 1854 Transalpina
1075 1813 1099 1839 a
1128 1797 1322 1840 barbaris
1364 1812 1463 1839 cum
1499 1798 1690 1840 exercitu

143 1886 294 1914 caesus
335 1878 400 1914 est
440 1870 568 1927 (Liv.
606 1870 704 1926 epit.
748 1870 900 1920 LXV;
947 1868 1072 1913 Caes.
1112 1869 1210 1912 bell.
1257 1868 1369 1911 Gall.
1398 1870 1441 1919 I,
1473 1870 1549 1924 7),
1599 1876 1691 1911 tum

143 1959 251 1985 anno
293 1943 371 1986 106
407 1943 488 1985 hoc
526 1950 689 1985 tantum
729 1943 888 1985 scimus
920 1942 975 1996 Q.
1007 1941 1239 1985 Servilium
1271 1939 1534 1997 Caepionem
1571 1950 1612 1984 et
1646 1943 1690 1984 in

143 2015 249 2058 urbe
277 2016 419 2072 legem
446 2014 716 2057 iudiciariam
745 2015 895 2057 tulisse
923 2022 965 2057 et.
992 2016 1035 2056 in
1064 2014 1208 2057 Gallia
1238 2014 1398 2056 crimen
1426 2014 1690 2057 Tolosanum

145 2088 423 2138 commisisse,
454 2095 502 2129 ut
533 2102 631 2129 eum
662 2094 703 2129 et
732 2087 899 2129 Italiam
929 2094 970 2129 et
1002 2086 1188 2130 Galliam
1215 2086 1453 2129 obtinuisse
1477 2086 1691 2142 intelliga-

144 2176 267 2211 mus;
308 2161 361 2203 de
390 2161 554 2216 collega
584 2159 675 2202 eius
706 2157 756 2201 C.
787 2157 922 2201 Atilio
952 2158 1137 2202 Serrano
1166 2167 1350 2209 tacetur,
1389 2174 1517 2215 quem
1549 2158 1691 2214 potius

146 2239 345 2276 externae
387 2233 515 2275 alicui
549 2232 816 2288 provinciae,
854 2247 982 2287 quam
1012 2232 1113 2274 item
1142 2231 1291 2275 Italiae
1323 2231 1562 2287 praefuisse
1591 2245 1692 2272 con-

143 2305 255 2348 iicio.
325 2303 618 2360 Similiterque
659 2304 714 2346 de
759 2318 870 2346 anno
910 2304 987 2346 105
1033 2304 1201 2354 iudico,
1247 2319 1333 2359 quo
1380 2301 1459 2345 Cn.
1493 2302 1692 2344 Mallium

146 2378 385 2420 Maximum
415 2375 602 2419 Cimbris
638 2376 693 2419 ad
722 2375 980 2418 Rhodanum
1015 2375 1297 2418 succubuisse
1327 2381 1506 2423 constat,
1534 2375 1584 2416 P.
1601 2375 1692 2417 Ru-

146 2450 284 2492 tilium
313 2450 477 2492 Rufum
505 2451 622 2502 (nam
651 2448 769 2490 nullo
800 2454 1051 2504 argumento
1082 2449 1208 2491 allato
1240 2448 1278 2490 ci
1307 2447 1473 2490 Italiam
1502 2447 1694 2502 assignat

146 2522 328 2578 Pighius
367 2521 524 2564 Annal.
558 2521 627 2563 III
670 2535 711 2575 p.
754 2521 883 2574 145),
927 2521 1027 2575 quia
1075 2526 1247 2577 propter
1290 2519 1487 2575 peritiam
1533 2535 1558 2561 a
1596 2518 1693 2562 Val.

145 2593 265 2636 Max,
293 2593 352 2643 II,
373 2593 411 2642 3,
434 2593 473 2642 2,
504 2598 677 2648 propter
706 2592 977 2634 severitatem
1004 2609 1030 2635 a
1055 2592 1092 2634 F
1094 2592 1248 2634 rontin.
1273 2590 1458 2646 Strateg.
1474 2590 1555 2640 IV,
1574 2591 1611 2639 1,
1643 2591 1693 2633 12

148 2673 190 2706 et
217 2665 354 2715 1V‚‘2,
378 2666 404 2707 2
433 2663 506 2718 (cf.
537 2664 652 2707 Fest.
685 2679 718 2706 s.
745 2679 786 2705 v.
806 2664 977 2720 Rufuli)
1008 2664 1222 2714 laudatur,
1253 2671 1372 2706 extra
1400 2662 1567 2704 Italiam
1594 2651 1694 2717 pro-

148 2737 335 2779 vinciam
371 2735 609 2778 obtinuisse
651 2750 817 2778 censeo.
878 2736 939 2777 At
973 2736 1027 2778 de
1068 2751 1179 2778 anno
1217 2736 1316 2786 104,
1357 2749 1441 2790 quo
1474 2732 1526 2775 C.
1553 2733 1694 2776 Mario

148 2808 307 2851 bellum
323 2807 590 2851 Cimbricum
610 2807 858 2850 mandatum
879 2822 973 2849 esse
996 2815 1173 2857 constat,
1202 2806 1383 2849 dubium
1409 2806 1500 2855 erit,
1531 2805 1696 2861 collega

151 2879 244 2922 eius
275 2878 326 2923 C.
355 2880 532 2923 Flavius
557 2878 747 2922 Fimbria
784 2885 930 2921 utrum
965 2885 1182 2921 externam
1216 2879 1399 2934 aliquam
1431 2876 1696 2934 provinciam
