1846 3100
11 2550 34 2623 *²13-
15 2467 31 2513 Vr·

519 168 573 200 De
599 166 732 208 legibus
759 166 1021 208 municipalibus
1049 166 1257 208 Hispanicis.
1584 164 1666 207 273

115 276 232 319 latim
260 291 338 333 per
366 275 626 332 provincias,
656 274 698 315 in
727 274 885 330 quibus
917 273 953 316 si
982 288 1091 330 quae
1118 273 1227 316 bene
1247 274 1504 317 meruissent
1523 275 1667 327 urbes,

116 349 285 392 civitate
323 348 501 391 donatas
538 347 638 388 item
676 346 1006 402 municipiorum
1046 361 1201 388 nomen
1240 347 1458 404 accepisse
1468 364 1479 398 3
1523 348 1667 404 itaque

115 436 201 478 quo
223 420 420 478 pluribus
451 420 626 462 daretur
649 419 815 469 civitas,
847 434 898 461 eo
923 419 1049 475 plura
1076 418 1268 461 extitisse
1296 421 1541 478 municipia,
1573 429 1667 464 tan-

115 494 298 550 demque
325 493 412 535 huc
440 507 534 534 esse
562 491 819 541 deventum,
844 499 893 533 ut
918 506 1015 533 cum
1043 490 1095 534 ab
1125 489 1346 534 Caracallo
1374 493 1572 536 omnibus
1600 495 1667 536 in-

115 567 270 623 genuis
318 565 563 608 hominibus
612 579 687 620 per
733 564 959 621 imperium
1005 564 1247 607 Romanum
1292 565 1507 622 impertita
1554 574 1667 609 esset

116 639 289 690 civitas,
317 638 484 680 nullum
515 644 758 694 superesset
789 637 1015 694 oppidum,
1053 636 1170 692 quod
1200 652 1285 679 non
1315 638 1596 695 municipium
1626 646 1667 682 et

116 720 229 754 esset
267 718 309 754 et
341 711 421 753 rite
458 710 688 752 diceretur.
751 709 862 752 Nam
890 710 944 751 de
972 709 1149 752 coloniis
1182 725 1413 766 earumque
1441 711 1495 754 ab
1525 712 1666 753 muni-

116 784 238 841 cipiis
265 783 527 834 discrimine,
556 783 672 839 quod
702 783 827 839 quale
858 783 985 824 fuerit
1014 789 1181 839 praeter
1200 783 1385 825 nominis
1406 783 1666 840 honorisque

114 856 284 899 inanem
313 856 528 912 quandam
557 855 743 912 speciem
770 869 908 910 neque
936 854 1045 897 alius
1069 855 1295 911 quisquam
1315 856 1508 899 invenire
1529 857 1667 913 potuit

115 944 253 985 neque
290 944 369 972 nos
403 929 645 971 invenimus
673 928 718 970 in
746 934 970 971 comment.
997 929 1019 970 I
1048 944 1088 985 p.
1115 928 1196 971 474
1227 943 1311 983 sq.,
1346 928 1428 971 hoc
1457 929 1551 971 loco
1580 945 1666 972 non

117 1003 402 1059 disputamus.
451 1001 578 1044 Nunc
610 1008 752 1043 autem
781 1000 1111 1056 municipiorum
1141 1016 1296 1043 nomen
1327 1015 1374 1043 ac
1401 1001 1509 1043 ratio
1538 1002 1667 1058 paulo

114 1075 242 1118 latius
272 1074 529 1118 extenditur.
584 1073 658 1116 Sic
691 1073 803 1116 enim
834 1079 1027 1115 statuunt
1053 1072 1140 1115 duo
1169 1074 1304 1116 fuisse
1334 1073 1668 1130 municipiorum

116 1162 295 1204 genera,
329 1162 465 1189 unum
493 1145 624 1196 illud,
662 1146 780 1202 quod
810 1145 979 1188 dudum
1009 1160 1156 1188 omnes
1189 1146 1508 1196 existimarunt,
1550 1147 1667 1202 quod

116 1220 286 1263 civitate
312 1220 507 1262 Romana
532 1219 746 1269 utebatur,
783 1218 862 1260 sed
891 1218 1095 1260 accedere
1122 1219 1302 1261 alterum
1332 1219 1531 1261 inferiore
1558 1219 1668 1262 illud

115 1293 291 1348 quidem
320 1293 413 1335 iure
447 1292 700 1348 praeditum,
735 1291 811 1333 sed
839 1291 956 1346 quod
991 1298 1130 1333 tamen
1162 1307 1247 1334 non
1277 1292 1418 1334 minus
1447 1292 1667 1348 municipii

115 1365 286 1407 nomine
316 1371 549 1407 ornaretur.
606 1364 779 1406 Etenim
811 1364 937 1406 etiam
969 1379 1019 1406 ea
1047 1364 1218 1420 oppida,
1252 1380 1362 1421 quae
1389 1364 1668 1407 Latinitatem

116 1437 334 1488 haberent,
364 1438 596 1494 municipia
626 1451 720 1479 esse
750 1436 985 1492 appellata,
1014 1443 1076 1486 ut,
1110 1437 1145 1479 si
1175 1437 1292 1493 quod
1323 1437 1540 1479 diceretur
1571 1453 1667 1479 mu-

115 1510 340 1566 nicipium,
383 1510 594 1552 incertum
629 1516 764 1559 esset,
807 1516 954 1550 utrum
992 1509 1161 1551 civitate
1199 1509 1394 1551 Romana
1431 1525 1485 1552 an
1510 1509 1668 1552 Latino

115 1589 279 1625 tantum
306 1583 399 1625 iure
427 1590 631 1625 uteretur.
689 1580 824 1623 Nobis
854 1581 1042 1637 quidem,
1077 1588 1126 1623 ut
1157 1579 1409 1638 Salpensam
1431 1581 1667 1624 Malacam-

115 1670 198 1711 que
238 1663 280 1698 et
321 1655 552 1711 municipia
591 1654 735 1697 vocari
774 1661 815 1696 et
844 1669 922 1710 pro
949 1654 1118 1696 Latinis
1149 1653 1395 1696 civitatibus
1423 1653 1571 1696 haberi
1599 1654 1666 1696 in-

116 1727 371 1777 telleximus,
401 1742 487 1769 non
517 1727 599 1769 hoc
627 1725 856 1769 videbatur
885 1741 979 1768 esse
1006 1726 1266 1776 faciendum,
1300 1733 1360 1777 ut,
1392 1741 1501 1782 quae
1530 1727 1665 1783 origo,

115 1815 223 1855 quae
241 1800 346 1842 ratio
362 1799 690 1855 municipiorum
709 1799 943 1855 antiquitus
962 1799 1128 1849 fuisset,
1151 1799 1478 1854 explicaremus.
1508 1799 1665 1856 Longa

116 1887 167 1915 ea
195 1873 387 1928 quaestio
418 1879 483 1915 est
508 1886 646 1927 neque
675 1872 730 1914 ad
758 1872 867 1914 hanc
897 1886 987 1913 rem
1016 1886 1125 1926 quae
1155 1871 1226 1927 agi
1246 1867 1458 1914 ur'utilis.
1509 1870 1665 1925 Quod-

117 1960 286 2001 cunque
326 1946 437 1988 enim
473 1945 803 2001 municipiorum
843 1944 911 1986 ius
951 1944 1054 1994 fuit,
1097 1959 1195 1986 cum
1229 1960 1362 2001 Jarva
1403 1951 1493 1986 erat
1528 1944 1666 1986 Roma

116 2018 322 2074 multique
360 2034 409 2061 ac
446 2025 639 2074 potentes
673 2017 821 2074 populi
859 2032 934 2073 per
971 2017 1138 2059 Italiam
1177 2015 1495 2074 imperitabant,
1536 2016 1582 2058 id
1624 2023 1665 2058 et

116 2090 254 2146 potuit
282 2097 394 2132 certe
420 2097 536 2132 tanto
564 2105 771 2132 annorum
797 2090 932 2146 spatio
958 2089 1112 2131 mutari
1139 2096 1181 2132 et
1206 2095 1416 2132 mutatum
1441 2103 1535 2131 esse
1561 2104 1663 2131 con-

119 2169 214 2212 stat,
244 2177 324 2205 nec
353 2162 389 2204 si
416 2162 521 2217 quid
546 2161 680 2204 initiis
704 2161 912 2204 libertatis
930 2162 1147 2204 Romanae
1164 2161 1259 2212 fuit,
1278 2162 1484 2217 *quamvis
1505 2161 1665 2204 semina

118 2249 278 2285 eorum,
311 2249 419 2289 quae
447 2240 595 2290 postea
622 2234 735 2276 facta
762 2241 879 2283 sunt,
912 2233 1148 2284 contineat,
1177 2233 1293 2276 idem
1321 2249 1459 2289 usque
1489 2233 1543 2275 ad
1569 2233 1664 2275 Do-

118 2306 279 2348 mitiani
307 2313 496 2362 tempora
525 2312 739 2348 servatum
766 2320 861 2348 esse
890 2305 1111 2362 probabile
1141 2312 1218 2348 est.
1263 2304 1536 2361 Quamquam
1555 2305 1665 2347 illud

117 2379 268 2420 merito
299 2384 462 2434 poterat
489 2377 712 2434 postulari,
750 2378 786 2420 si
815 2377 931 2433 quod
962 2378 1005 2419 in
1032 2378 1266 2434 provinciis
1298 2378 1365 2420 ius
1395 2378 1572 2434 reperiri
1599 2378 1665 2419 vi-

119 2450 311 2501 deretur,
350 2457 399 2492 ut
427 2450 474 2491 id
504 2449 662 2492 alicubi
688 2450 732 2491 in
758 2450 904 2492 adulta
931 2449 1170 2506 republica,
1216 2464 1313 2491 cum
1343 2465 1478 2491 unum
1503 2449 1588 2491 iam
1616 2465 1666 2492 ac

118 2522 460 2578 potentissimum
484 2529 596 2564 esset
615 2522 842 2579 imperium
859 2523 1116 2572 Romanum,
1145 2521 1336 2564 extitisse
1355 2521 1664 2563 ostenderetur.

119 2593 236 2636 Nihil
275 2594 386 2637 enim
422 2594 524 2637 novi
557 2594 602 2635 in
642 2594 724 2636 hoc
761 2595 937 2650 quidem
966 2609 1123 2651 genere
1157 2593 1453 2649 excogitarunt
1482 2593 1665 2650 impera-

120 2671 255 2716 tores,
286 2666 362 2708 sed
390 2681 498 2721 quae
527 2665 580 2709 ab
607 2666 841 2710 maioribus
869 2668 1025 2710 tradita
1047 2672 1328 2723 acceperant,
1366 2665 1664 2716 definiverunt,

121 2745 351 2788 auxerunt,
391 2738 715 2795 amplificarunt.
768 2739 861 2782 Iam
895 2746 956 2782 tot
993 2739 1093 2781 olim
1131 2739 1301 2780 fuerant
1335 2738 1379 2778 in
1406 2737 1529 2780 Italia
1559 2737 1666 2780 civi-

121 2816 228 2852 tates
255 2809 449 2860 Latinae,
482 2818 544 2852 tot
571 2818 719 2866 postea
750 2811 945 2854 conditae
976 2818 1075 2853 sunt
1104 2825 1182 2866 per
1210 2809 1468 2865 provincias,
1501 2816 1563 2851 tot
1592 2824 1666 2851 su-

64 2934 69 2942 *
120 2888 299 2937 persunt
326 2896 472 2925 rerum
498 2881 788 2926 Romanarum
817 2890 1013 2927 auctores
1043 2881 1313 2939 amplissimi,
1352 2887 1437 2923 tam
1463 2882 1666 2938 frequens

1345 2953 1395 2996 18
