1846 3100
559 133 614 165 De
641 133 816 165 dictatoris
847 132 1005 165 Caesaris
1031 133 1230 166 honoribus.
1585 131 1667 174 213

119 241 247 283 detur
278 256 372 283 esse
394 241 550 290 habita,
582 248 722 283 tamen
744 241 861 283 illius
885 241 985 283 belli
1013 241 1205 297 singulas
1229 256 1298 284 res
1321 256 1406 283 non
1426 242 1527 284 licet
1544 242 1667 285 nobis

118 320 203 355 tam
239 320 436 356 accurate
475 313 700 368 persequi,
744 321 792 355 ut
831 327 999 355 menses
1038 328 1088 355 ac
1118 313 1234 363 dies,
1279 313 1437 369 quibus
1475 315 1666 370 quidque

117 385 343 435 acciderit,
385 385 639 427 indicemus.
700 385 792 427 Nec
829 392 942 428 certe
981 394 1147 441 pugnat
1188 401 1284 427 cum
1323 386 1467 428 Dione
1506 385 1668 429 Caesar

116 457 233 514 ipse,
276 458 400 500 cuius
427 458 567 499 locum
597 473 726 514 supra
753 457 1002 506 citavimus,
1035 458 1109 513 qui
1139 473 1216 514 pro
1245 459 1459 501 consulari
1491 475 1570 501 sua
1599 460 1666 501 di-

117 529 278 583 gnitate
317 529 399 572 sibi
431 529 484 570 (16
510 529 829 586 Aegyptiorum
870 530 1170 572 controversiis
1210 530 1489 573 iudicandum
1533 532 1667 575 fuisse

115 608 281 652 narrat3
328 600 518 657 loquitur
556 601 668 643 enim
708 601 761 643 de
801 602 989 644 adventu
1020 618 1096 644 suo
1127 602 1454 653 Alexandriam,
1497 604 1584 646 Dio
1613 605 1666 647 de

117 673 217 716 belli
257 673 399 725 initio,
441 689 575 729 eoque
611 674 729 730 quod
769 674 880 716 inter
919 674 1027 716 duas
1062 675 1139 717 has
1172 689 1241 717 res
1274 675 1501 734 intercedit
1529 676 1666 731 spatio

116 746 352 789 dictaturae
381 746 585 789 honorem
606 744 768 788 Caesar
789 746 966 801 accepit.
1017 746 1192 788 Maneat
1217 747 1363 802 igitur,
1390 748 1508 803 quod
1537 763 1667 804 supra

117 818 319 869 diximus,
348 819 488 860 medio
520 834 664 861 mense
697 817 878 860 Octobri
910 817 1038 872 (Idus
1069 817 1283 861 Octobres
1312 821 1544 875 ponamus)
1576 821 1665 863 Ro-

117 906 209 933 mae
239 889 415 933 Caesari
456 891 712 933 dictaturam
745 891 920 932 alteram
952 906 976 932 a
1010 898 1161 933 senatu
1202 892 1444 948 populoque
1481 892 1666 935 delatam

116 977 224 1013 esse,
253 970 435 1005 exeunte
455 962 636 1005 Octobri
655 960 885 1005 Caesarem
911 963 1110 1027 nuntium
1139 963 1192 1005 de
1218 964 1358 1006 delata
1375 964 1664 1008 Alexandriae

115 1035 330 1091 accepisse
375 1035 644 1092 insigniaque
687 1035 781 1077 eius
827 1036 1075 1092 sumpsisse.
1153 1036 1224 1078 Ab
1273 1043 1369 1078 utro
1412 1044 1554 1079 autem
1597 1039 1666 1080 die

116 1108 291 1164 publice
331 1107 543 1150 dictatura
583 1108 859 1150 numeratur?
920 1108 992 1150 Ab
1032 1107 1197 1164 priore,
1245 1116 1289 1150 ut
1330 1107 1533 1159 arbitror,
1579 1125 1665 1165 quo

114 1180 286 1237 publice
325 1180 466 1223 delata
503 1187 612 1230 erat3
658 1185 757 1222 na'm
794 1181 996 1235 quoniam
1025 1180 1069 1221 in
1101 1187 1264 1222 certum
1296 1188 1466 1237 tempus
1497 1181 1665 1224 defere-

115 1252 256 1302 batur,
285 1252 329 1293 in
359 1252 456 1308 lege
487 1267 571 1294 non
600 1253 729 1294 modo
758 1252 886 1303 diem,
916 1253 971 1295 ad
1000 1268 1125 1308 quem
1159 1253 1401 1309 pertineret,
1436 1254 1513 1295 sed
1539 1254 1665 1296 etiam

116 1342 142 1368 a
172 1340 272 1381 quo,
302 1324 511 1381 perscribi
543 1324 779 1381 oportebat,
808 1340 901 1374 nec,
932 1340 1031 1368 cum
1048 1326 1119 1368 lex
1136 1327 1334 1375 ferretur,
1361 1326 1533 1381 quando
1553 1324 1665 1368 Cae-

115 1412 185 1440 sar
209 1397 415 1439 honorem
443 1404 557 1439 esset
583 1398 898 1456 auspicaturus,
931 1404 1098 1452 poterat
1125 1397 1323 1439 divinari.
1377 1398 1528 1453 Itaque
1555 1406 1597 1439 et
1620 1399 1665 1440 in

113 1469 194 1512 hac
215 1467 416 1512 Caesaris
447 1469 658 1511 dictatura
687 1477 729 1512 et
757 1470 801 1511 in
831 1469 1044 1519 omnibus,
1076 1484 1162 1524 quo
1186 1470 1256 1511 die
1279 1470 1418 1512 dictus
1446 1470 1501 1512 sit
1528 1470 1664 1514 dicta—

114 1550 193 1592 tor,
223 1541 276 1585 ab
300 1542 448 1584 eodem
470 1542 563 1585 eius
588 1542 794 1585 honorem
824 1541 1039 1584 numerari
1060 1541 1243 1584 arbitror
1265 1549 1464 1598 recteque
1484 1558 1663 1599 prorsus

113 1622 239 1670 atque
265 1630 318 1657 ex
344 1629 470 1665 more,
501 1615 618 1670 quod
639 1630 770 1670 supra
795 1630 836 1670 p.
855 1615 936 1658 ‘205
966 1614 1206 1663 docuimus,
1232 1614 1337 1665 fieri,
1366 1621 1414 1656 ut
1439 1615 1513 1671 qui
1543 1616 1664 1658 chro-

114 1687 323 1743 nographi
360 1686 412 1729 ab
450 1687 588 1742 prima
624 1686 837 1728 dictatura
872 1702 1055 1743 regnum
1086 1684 1284 1729 Caesaris
1323 1687 1567 1738 deducunt,
1611 1689 1663 1731 ab

113 1758 266 1801 Idibus
298 1757 549 1808 Sextilibus,
578 1757 735 1814 quibus
767 1774 816 1801 ea
845 1759 1018 1801 decreta
1047 1766 1125 1809 est,
1154 1758 1494 1815 proficiscantur.

229 1831 376 1884 Quare
401 1830 571 1872 initium
602 1831 777 1873 alterius
808 1831 1044 1873 dictaturae
1077 1829 1275 1873 Caesaris
1305 1832 1541 1887 reperimus
1570 1849 1664 1877 esse

112 1903 220 1946 Idus
249 1902 464 1945 Octobres
493 1903 592 1945 anni
618 1902 684 1946 48.
725 1903 817 1946 Nec
849 1903 902 1945 de
932 1903 1016 1944 fine
1043 1903 1135 1945 eius
1165 1910 1306 1959 potest
1324 1903 1524 1947 dubitari.
1554 1905 1665 1948 Nam

115 1986 246 2032 supra
274 1976 360 2017 duo
377 1975 533 2017 Dionis
562 1975 646 2017 loci
676 1976 790 2018 allati
823 1983 935 2026 sunt,
968 1975 1127 2032 quibus
1158 1991 1348 2018 annuum
1365 1977 1458 2019 eius
1478 1979 1662 2034 spatium

116 2047 382 2104 significatur
426 2048 487 2101 (ἐς
532 2047 712 2089 ἐνιαυτὸν
759 2049 854 2090 ὅλον
894 2050 1092 2104 λεχθῆναι
1127 2047 1284 2103 ἔλαβε).
1344 2048 1464 2102 Quid
1496 2050 1662 2106 igitur?

116 2118 229 2162 Cum
263 2127 413 2177 coepta
443 2127 556 2162 esset
591 2120 658 2162 Id.
698 2118 796 2162 Oct.
835 2121 934 2162 anni
970 2120 1043 2170 48,
1081 2135 1182 2161 num
1216 2121 1318 2163 exiit
1355 2122 1568 2165 dictatura
1596 2123 1664 2165 Id.

115 2189 214 2233 Oet.
241 2193 338 2233 anni
370 2193 457 2236 47?
495 2192 592 2234 Non
623 2192 817 2243 videtur3
848 2192 1004 2234 etenim
1032 2191 1147 2234 idem
1174 2193 1261 2235 Dio
1286 2193 1437 2244 XLII,
1469 2194 1536 2244 55,
1565 2210 1663 2236 nar-

114 2263 217 2306 ratis
253 2279 362 2320 quae
401 2279 510 2307 anno
548 2265 598 2308 47
640 2272 762 2320 gesta
796 2271 958 2315 essent,
996 2265 1078 2307 hoc
1114 2264 1255 2307 addit:
1302 2264 1420 2306 Ἱ.ἀῦτ’
1447 2266 1487 2306 ἐν
1522 2267 1664 2322 ἐκείνῳ

115 2334 173 2391 τῷ
207 2335 301 2386 ἔτει,
329 2337 369 2377 ἐν
404 2335 438 2394 ᾤ
470 2338 665 2392 δικτάτωρ
698 2338 768 2392 μὲν
804 2337 930 2382 ὅντως
961 2337 1083 2382 αὐτὸς
1110 2338 1153 2378 τὸ
1188 2337 1375 2392 δεύτερον
1405 2337 1537 2393 ἦρξεν,
1568 2338 1664 2379 ὅπα-

115 2421 178 2447 τοι
210 2408 255 2448 δὲ
283 2408 345 2449 ἐπ’
363 2408 493 2464 ἐξόδῳ
527 2408 650 2449 αὐτοῦ
683 2409 998 2464 ἀποδειχθέντες
1029 2410 1051 2450 ὅ
1081 2425 1124 2450 τε
1155 2408 1343 2463 Καλῆνος
1371 2410 1437 2450 καὶ
1465 2411 1486 2451 ὁ
1520 2407 1664 2452 Οὐατί-

117 2493 201 2522 νιος
232 2479 418 2532 ἐλέγοντο
451 2480 566 2529 εἷναι,
594 2480 773 2534 ἐποίησε.
832 2481 955 2523 Haec
981 2496 1121 2523 nonne
1151 2487 1295 2536 aperte
1325 2480 1565 2536 significant
1590 2497 1664 2524 us-

117 2564 199 2604 que
231 2549 284 2591 ad
317 2551 478 2592 exitum
507 2551 606 2592 anni
643 2566 741 2594 eum
771 2553 906 2595 fuisse
926 2553 1204 2595 dictatorem?
1244 2552 1312 2594 Ac
1338 2552 1507 2608 planius
1539 2554 1665 2596 etiam

119 2620 267 2663 scribit
293 2621 408 2664 Plut.
438 2621 562 2667 Caes.
592 2623 641 2665 51
677 2626 950 2667 τοῦ-ἐνιαντοῦ
982 2624 1343 2680 καταστρέφοντος,
1377 2626 1433 2670 εἰς
1460 2625 1502 2666 ὃν
1534 2621 1663 2681 ᾕρητο

120 2693 314 2747 δικτάτωρ
345 2695 389 2735 τὸ
420 2694 631 2750 δεύτερονς
661 2711 757 2738 nam
789 2697 824 2738 si
854 2697 951 2752 quis
985 2697 1028 2738 in
1046 2703 1209 2739 certum
1229 2711 1387 2738 annum
1403 2696 1451 2737 fit
1469 2696 1664 2747 dictator,

117 2764 166 2805 fit
195 2764 240 2805 in
268 2771 419 2815 totum,
445 2779 530 2807 non
559 2767 602 2809 in
632 2775 793 2823 partem
814 2769 1011 2825 aliquam.
1060 2768 1206 2822 Quare
1226 2768 1448 2817 efficietur,
1478 2775 1526 2810 ut
1552 2766 1664 2811 Cae-

124 2850 193 2878 sar
223 2850 322 2879 cum
348 2837 466 2879 exitu
493 2839 591 2880 anni
621 2840 872 2884 dictaturam
901 2841 1161 2898 deposuerit,
1192 2839 1516 2896 quatuordecim
1543 2854 1663 2883 men-
