1846 3100
7 2812 9 2820 i
0 2781 10 2788 ι
0 2681 14 2771 «Ἄρ-ιη
0 2587 19 2669 ’νρῃυῖ
0 2554 11 2575 ,Ἰ
0 2503 17 2543 -δι,
0 2460 14 2492 χ,

585 139 640 171 De
668 137 782 171 Gallia
806 139 1039 171 Romanorum
1069 138 1254 180 provincia.
1614 135 1684 178 151

149 263 186 291 0.
214 249 240 290 5
281 256 324 291 et
356 249 593 290 Pausanias
620 247 755 297 VIII,
786 247 860 297 423,
892 247 915 288 3
953 246 1140 287 tradunt.
1200 247 1320 301 Quid
1358 248 1522 304 igitur?
1566 247 1601 289 si
1637 247 1692 288 ad

150 321 512 376 comprimendam
542 336 632 362 eam
663 321 776 362 facta
803 325 902 361 sunt
930 318 1079 360 eadem
1109 334 1218 374 quae
1240 327 1390 376 postea
1407 320 1470 361 M.
1485 318 1693 362 Aurelius

150 393 271 443 fecit,
311 400 360 435 ut
388 393 563 435 Baetica
594 391 759 434 senatui
788 390 987 446 adempta
1015 390 1350 434 Tarraconensis
1380 392 1425 434 in
1455 392 1564 435 duas
1595 406 1694 448 pro-

151 466 314 508 vincias
350 465 646 508 divideretur?
700 463 852 505 Nonne
889 463 970 504 hoc
1008 463 1144 505 simile
1186 464 1277 506 ‘veri
1316 464 1534 507 videbitur
1571 465 1694 507 esse?

149 537 219 580 Ac
248 538 521 579 confirmatur
550 537 656 579 haec
684 535 931 577 coniectura
960 550 1138 590 prorsus
1170 536 1544 592 inscriptionibus,
1585 551 1694 592 quae

151 625 283 665 supra
311 610 461 652 allatae
490 615 610 658 sunt,
641 608 694 650 L.
719 607 865 656 Ranii,
893 607 968 661 qui
993 607 1163 663 legatus
1190 606 1384 663 Augusti
1415 618 1456 650 et
1485 608 1695 651 iuridicus

151 680 354 737 Astyriae
387 689 429 723 et
459 681 702 724 Gallaeciae
740 679 1005 729 nominatur,
1048 687 1090 722 et
1125 680 1179 721 L.
1213 678 1350 722 Coelii
1387 681 1528 731 Festi,
1564 681 1695 737 legati

150 754 250 810 imp.
275 751 483 796 Antonini
514 751 632 809 Aug.
662 750 867 795 Asturiae
897 741 939 792 et‘
967 750 1233 802 Gallaeciae‚
1269 752 1393 795 cuius
1424 753 1598 795 titulum
1627 753 1696 795 Pii

153 833 290 868 aetate
320 826 527 882 scriptum
559 841 653 868 esse
679 825 803 867 etiam
835 823 1101 878 Borghesius
1132 824 1350 867 iudicavit.
1408 825 1622 875 Efficitur‚
1649 833 1698 867 ut

154 898 399 940 Antoninus
434 898 535 940 Pius
565 897 730 954 primus
764 896 1015 938 Maurorum
1044 910 1174 939 causa
1203 896 1425 939 Asturiam
1454 905 1496 939 et
1523 896 1697 940 Gallae-

152 971 260 1013 ciam
291 986 365 1027 per
393 956 525 1012 breve
556 977 724 1025 tempus
751 967 955 1024 peculiari
981 967 1122 1021 legato
1150 968 1387 1018 tradiderit,
1413 977 1503 1011 tum
1521 970 1584 1011 M.
1602 970 1697 1012 Au-

152 1044 283 1086 relius
321 1043 471 1085 eadem
507 1042 561 1083 de
600 1057 730 1084 causa
759 1042 913 1083 iterum
941 1041 983 1082 in
1013 1039 1167 1095 viginti
1198 1041 1287 1083 fere
1313 1057 1473 1092 annos,
1513 1041 1698 1097 denique

154 1114 402 1158 Caracallus
449 1115 491 1156 in
537 1121 791 1170 perpetuum
836 1112 1054 1169 separarit.
1126 1113 1194 1155 Ac
1240 1115 1356 1169 quod
1392 1115 1556 1170 primus
1591 1114 1698 1157 Pius

86 1190 90 1194 ’
153 1195 328 1244 propter
357 1195 514 1229 certam
545 1187 825 1236 occasionem,
858 1186 982 1228 cuius
1013 1193 1183 1243 tempus
1214 1194 1327 1229 esset
1357 1187 1698 1242 praeteriturum,

154 1260 420 1310 seiunxerat,
452 1259 549 1301 ideo
580 1259 852 1301 Ptolemaeus
882 1260 1109 1314 separatim
1138 1260 1255 1302 illam
1286 1259 1474 1314 quidem,
1509 1260 1586 1302 sed
1617 1275 1699 1302 non

155 1330 236 1374 sub
276 1347 356 1373 suo
399 1332 535 1387 capite
574 1331 797 1373 Asturiam
837 1332 1105 1374 recensuisse
1143 1332 1336 1374 videtur:
1383 1338 1432 1372 ut
1468 1331 1699 1374 dioecesim

154 1411 318 1446 tantum
353 1403 593 1458 mixtaeque
623 1402 939 1458 quodammodo
971 1418 1068 1445 cum
1097 1404 1262 1459 reliqua
1286 1403 1597 1446 Tarraconensi
1623 1403 1700 1445 ad-

156 1476 479 1518 ministrationis
527 1476 662 1517 fuisse
710 1475 1025 1525 existimemus,
1070 1477 1210 1518 facere
1256 1483 1369 1518 certe
1414 1476 1531 1518 nullo
1573 1477 1701 1519 modo

156 1548 422 1592 debebimus.

269 1621 437 1674 Quare,
483 1635 579 1662 cum
622 1627 663 1661 et
697 1618 919 1662 Asturiam
958 1627 999 1662 et
1035 1619 1282 1661 Numidiam
1321 1635 1420 1662 cum
1458 1619 1701 1663 Germaniis

156 1693 392 1748 comparari
421 1707 505 1734 non
532 1707 658 1747 posse
686 1692 1014 1742 ostenderimus,
1043 1707 1225 1747 cumque
1245 1692 1421 1747 reliqua,
1449 1707 1558 1747 quae
1577 1692 1703 1735 allata

157 1773 271 1814 sunt,
303 1779 401 1807 cum
431 1778 548 1805 more
573 1754 767 1805 Romano
799 1764 868 1805 vel
899 1779 996 1805 cum
1028 1764 1247 1805 titulorum
1281 1764 1591 1820 con-suetudine
1622 1780 1702 1820 pu-

159 1852 291 1894 gnare
322 1835 612 1885 docuerimus,
646 1842 824 1885 maneat,
858 1836 975 1891 quod
1007 1851 1136 1890 supra
1166 1836 1328 1878 dictum
1356 1843 1434 1886 est,
1465 1851 1563 1878 cum
1589 1835 1701 1878 Ger-

157 1909 350 1951 manicus
381 1906 541 1950 Caesar
569 1923 622 1949 ex
652 1907 806 1950 Galliis
835 1915 1131 1957 revocaretur,
1168 1924 1193 1950 a
1220 1907 1416 1958 Tiberio,
1455 1923 1508 1950 ne
1537 1909 1613 1950 uni
1643 1915 1703 1950 tot

158 1981 414 2037 populorum
444 1980 635 2036 regimen
668 1981 929 2022 committere
961 1986 1200 2036 cogeretur,
1235 1979 1566 2023 Germaniarum
1594 1980 1703 2022 duas

158 2052 398 2108 provincias
429 2066 523 2094 esse
553 2051 783 2101 institutas,
815 2052 1089 2107 inferiorique
1121 2052 1368 2108 impositum
1400 2051 1450 2094 C.
1477 2051 1704 2095 Visellium

158 2124 416 2174 Varronem,
452 2124 662 2179 superiori
690 2122 741 2165 C.
771 2122 947 2174 Silium3
989 2124 1105 2166 hunc
1133 2124 1289 2166 deinde
1318 2123 1473 2166 Silium
1509 2139 1620 2166 anno
1650 2124 1703 2167 24

157 2195 460 2252 exprovincia
489 2203 736 2238 revocatum
767 2196 1083 2251 maiestatisque
1111 2196 1441 2239 condemnatum
1468 2196 1706 2238 voluntaria

159 2275 293 2310 morte
323 2267 479 2310 obisse.
535 2268 606 2310 De
635 2267 813 2310 Visellio
842 2267 1033 2311 Varrone
1066 2268 1272 2324 quamdiu
1302 2267 1548 2323 provinciae
1580 2282 1705 2323 prae-

157 2340 300 2390 fuerit,
333 2340 439 2382 nihil
466 2339 667 2389 traditum
702 2355 800 2382 nam
831 2339 946 2395 quod
978 2340 1080 2383 Tac.
1108 2339 1267 2382 Annal.
1297 2339 1375 2389 IV,
1406 2339 1455 2381 19
1485 2337 1535 2381 C.
1561 2338 1705 2382 Visel-

158 2412 264 2454 lium
282 2411 534 2463 Varronem,
561 2427 647 2454 cos.
676 2411 776 2452 anni
792 2412 860 2461 24,
889 2419 1033 2454 narrat
1058 2420 1256 2468 paternas
1284 2410 1528 2453 inimicitias
1555 2410 1705 2453 obten-

160 2483 332 2525 dentem
367 2481 417 2526 C.
446 2482 554 2525 Silio
586 2483 698 2525 diem
729 2483 910 2534 dixisse,
944 2484 1126 2527 dubium
1156 2490 1242 2533 est,
1284 2497 1388 2524 num
1416 2489 1599 2537 patrem,
1631 2483 1706 2538 qui

141 2556 418 2600 ‘Germaniae
453 2555 644 2597 inferiori
681 2556 945 2611 praefuerat,
990 2564 1093 2598 tunc
1137 2554 1427 2611 supervixisse
1471 2553 1683 2609 significet
1693 2570 1704 2604 ;

162 2626 360 2682 equidem
387 2627 512 2682 paulo
539 2635 635 2669 ante
662 2627 707 2668 in
731 2627 827 2682 ipsa
852 2628 1071 2684 provincia
1091 2627 1331 2671 decessisse
1354 2625 1564 2668 existimo.
1617 2624 1705 2667 Ne-

161 2713 244 2754 que
281 2698 390 2740 illud
427 2704 646 2749 narratur,
685 2699 780 2754 quis
822 2699 861 2741 ei
900 2699 1175 2749 successerit,
1216 2698 1292 2740 sed
1330 2712 1415 2739 non
1445 2697 1580 2739 multo
1609 2703 1707 2753 post

162 2785 273 2812 anno
301 2769 355 2813 28
397 2785 436 2825 p.
465 2767 567 2811 Chr.
605 2770 648 2812 in
685 2771 923 2813 Frisiorum
966 2771 1174 2813 seditione
1214 2785 1239 2811 a
1266 2768 1368 2810 Tac.
1401 2770 1514 2810 Ann.
1543 2768 1623 2819 IV,
1651 2769 1701 2812 71

164 2848 523 2884 commemoratur
541 2841 595 2883 L.
611 2842 846 2898 Apronius,
866 2841 1122 2886 Germaniae
1141 2840 1354 2884 inferioris
1373 2840 1557 2896 legatus,
1576 2839 1705 2890 idem,
