1846 3100
262 236 412 279 Artior
445 249 549 278 vero
586 241 651 277 est
680 233 898 291 colligatio
927 233 1075 276 tertiae
1103 240 1146 277 et
1173 242 1348 291 quartae
1380 237 1699 280 commentatio-

149 306 231 358 nis,
259 322 369 363 quae
405 308 486 350 hoc
516 322 743 350 commune
766 307 939 356 habent,
966 307 1083 362 quod
1114 307 1157 349 in
1186 308 1356 352 civitate
1379 309 1572 353 Romana
1602 324 1699 353 ver-

151 386 313 431 santur,
343 395 453 436 quae
484 380 700 436 quomodo
731 378 938 436 proximis
966 378 1159 422 finitimis
1191 381 1364 437 populis
1395 381 1508 433 data,
1543 381 1712 431 deinde*

150 466 249 494 cum
278 451 400 495 Italia
429 452 757 503 communicata,
786 451 972 506 denique
997 457 1086 507 per*
1103 454 1347 508 provincias
1375 461 1610 511 propagata
1631 453 1699 504 sit,

150 525 510 567 examinavimus:
538 525 686 581 quain
706 523 955 579 quaestione
977 523 1147 580 insigne
1172 525 1310 582 ipsius
1335 526 1518 569 civitatis
1546 526 1700 569 discri-

150 612 246 640 men
281 598 493 655 reperisse
534 613 586 640 ac
627 596 877 640 certissimis
919 596 1173 652 scriptorum
1210 598 1464 641 testimoniis
1502 598 1701 641 videmur

150 670 439 713 constituisse.
493 670 711 727 Imprimis
743 676 885 711 autem
917 669 1263 725 municipiorum,
1293 685 1403 726 quae
1435 679 1477 714 et
1505 671 1548 713 in
1577 671 1701 714 Italia

150 750 192 785 et
227 743 271 784 in
312 743 544 799 provinciis
581 742 768 800 plurima
805 742 994 790 fuerunt,
1036 741 1242 784 rationem
1285 743 1499 798 persecuti
1537 758 1700 794 sumus,

149 830 276 871 quam
317 815 440 858 aliam
481 831 531 858 ac
571 815 746 872 quidam
780 821 1054 863 censuerunt,
1091 829 1229 869 neque
1259 815 1431 858 omnino
1462 815 1698 872 simplicem

149 888 284 931 fuisse
322 888 726 931 demonstravimus.
785 886 1068 929 Potueramus
1103 886 1186 929 hoc
1223 894 1360 928 totum
1398 895 1701 944 argumentum

149 961 232 1003 alio
259 961 388 1004 modo
416 961 613 1018 digerere
641 966 1052 1016 praeceptorumque
1072 973 1190 1001 more
1213 959 1383 1002 civitate
1405 959 1498 1016 ipsa
1512 959 1702 1003 Romana

149 1032 325 1076 definita
352 1042 444 1076 tum
477 1033 686 1089 originem
713 1032 820 1082 eius,
847 1031 1213 1087 propagationem,
1236 1031 1492 1089 oppidorum
1512 1047 1560 1074 ea
1577 1047 1700 1089 prae-

149 1105 335 1148 ditorum
376 1121 535 1163 genera
566 1120 805 1155 recensere,
837 1119 947 1160 quae
978 1105 1216 1160 praeceptio
1245 1119 1373 1160 quam
1406 1104 1524 1147 utilis
1555 1105 1701 1147 futura

149 1178 292 1228 fuerit,
325 1193 410 1220 non
441 1179 788 1227 dissimulamus3
828 1191 978 1218 verum
1009 1177 1208 1232 quoniam
1244 1191 1325 1219 nee
1351 1183 1481 1219 totam
1513 1177 1566 1220 de
1594 1177 1700 1219 civi-

150 1257 235 1292 tate
268 1239 456 1293 Romana
492 1251 727 1293 doctrinam
758 1257 939 1292 tractare
970 1249 1166 1305 placebat
1205 1256 1246 1291 et
1282 1249 1387 1291 viris
1425 1249 1562 1291 doctis
1594 1249 1700 1292 scri-

151 1322 374 1373 bebamus,
409 1338 494 1378 qua
527 1323 720 1379 quidque
750 1322 912 1364 ratione
942 1322 1272 1371 invenissemus,
1313 1321 1462 1363 eadem
1490 1322 1604 1377 quod
1634 1321 1699 1363 in-

148 1395 434 1446 venissemus,
452 1411 690 1452 proponere
710 1395 956 1437 maluimus.
994 1393 1140 1446 Quare
1164 1394 1333 1436 duabus
1351 1393 1700 1449 inscriptionibus

147 1467 315 1510 Latinis
347 1468 415 1510 usi
452 1483 601 1510 sumus
629 1475 845 1523 tamquam
880 1466 1081 1516 ducibus,
1113 1481 1294 1522 quarum
1323 1465 1574 1508 auctoritate
1609 1465 1699 1507 dis-

146 1540 310 1596 putatio
341 1547 486 1582 nostra
510 1548 551 1582 et
578 1547 801 1597 regeretur
825 1546 866 1580 et
897 1539 1202 1581 contineretur.
1692 1537 1695 1540 ’

260 1612 433 1655 Habere
471 1613 606 1669 igitur
643 1613 845 1654 videntur
885 1611 964 1654 hae
1003 1611 1397 1660 commentationes,
1430 1624 1562 1666 quare
1595 1609 1699 1651 viris

147 1685 384 1727 litterarum
427 1685 678 1727 Latinarum
721 1683 926 1726 studiosis
966 1683 1330 1725 commendentur.
1384 1683 1435 1725 In
1470 1681 1629 1737 quibus
1663 1681 1698 1722 si

148 1758 217 1800 cui
247 1773 327 1799 nee
360 1773 443 1807 res,
476 1757 529 1799 de
550 1756 708 1813 quibus
740 1757 923 1812 agimus,
952 1756 1149 1812 placeant
1175 1770 1255 1797 nec
1279 1770 1388 1810 quae
1416 1768 1583 1810 quoque
1604 1753 1699 1795 loco

147 1831 383 1880 effecimus,
417 1830 667 1887 probentur,
695 1838 736 1871 at
766 1829 848 1871 hoc
878 1828 1127 1884 profitemur
1152 1841 1231 1868 nos
1260 1827 1421 1882 ubique
1449 1841 1543 1868 esse
1574 1840 1698 1868 secu·

146 1910 227 1953 tos,
267 1911 314 1944 ut
355 1902 407 1945 ab
450 1904 564 1945 omni
603 1901 837 1957 quaerendi
877 1915 926 1942 ac
967 1899 1137 1942 dicendi
1175 1899 1412 1942 temeritate
1449 1898 1698 1941 abessemus

147 1975 411 2032 longissime.
471 1974 601 2027 Quod
635 1988 740 2015 num
768 1973 955 2015 assecuti
988 1972 1138 2022 simus,
1167 1972 1347 2014 aliorum
1385 1971 1439 2012 sit
1465 1970 1697 2012 iudicium:

147 2047 476 2103 diligentissime
506 2053 618 2087 certe
649 2046 754 2100 quid
786 2046 840 2087 de
869 2059 1037 2100 quaque
1073 2059 1119 2086 re
1147 2044 1399 2092 traderetur,
1438 2042 1698 2084 examinavi-

147 2135 258 2167 mus,
289 2119 455 2160 nullum
488 2118 776 2159 testimonium
811 2116 1159 2173 contempsimus,
1191 2115 1404 2157 neminem
1432 2122 1481 2156 ut
1515 2114 1600 2170 ipsi
1631 2129 1697 2156 sa·-

146 2205 362 2247 peremus‚
406 2204 603 2246 peccasse
643 2190 883 2237 statuimus,
922 2196 1006 2230 tam
1051 2187 1126 2230 diu
1167 2187 1352 2243 denique
1391 2186 1696 2242 quaesivimus,

148 2263 252 2304 dum
290 2263 334 2304 in
366 2277 521 2315 magna
551 2276 678 2317 saepe
710 2269 932 2303 auctorum
965 2259 1252 2315 discrepantia
1280 2259 1396 2314 quod
1433 2273 1531 2300 cum
1560 2256 1697 2299 omni-

148 2334 231 2376 bus
277 2333 593 2389 quodammodo
639 2333 905 2381 conveniret,
946 2332 1269 2387 reperissemus.
1326 2331 1452 2372 Hanc
1491 2329 1694 2371 rationem

149 2407 307 2448 scimus
337 2420 415 2447 nos
455 2406 630 2461 quidem
659 2405 713 2447 ad
744 2404 888 2446 studia
915 2403 1146 2445 multorum
1174 2404 1394 2445 hominum
1430 2400 1696 2444 concilianda

148 2478 397 2532 animosque
419 2478 666 2533 opinionum
692 2477 879 2518 novitate
898 2476 1018 2530 quasi
1037 2475 1414 2531 praestringendos
1433 2489 1582 2531 parum
1599 2487 1695 2515 esse

147 2557 311 2606 aptam3
339 2549 414 2590 sed
446 2549 625 2591 eandem
654 2557 811 2591 rectam
843 2555 884 2589 et
911 2548 1063 2589 litteris
1094 2547 1250 2588 nostris
1281 2547 1428 2588 utilem
1451 2554 1492 2588 et
1510 2546 1693 2600 denique

112 2616 115 2617 ⁷
147 2622 202 2663 ad
217 2621 261 2663 id
279 2621 398 2676 quod
416 2636 565 2663 verum
585 2629 649 2663 est
667 2620 971 2662 inveniendum
992 2635 1120 2661 unam
1138 2634 1232 2660 esse
1246 2618 1370 2660 nobis
1389 2618 1694 2675 persuasimus.

264 2708 527 2767 Scripsimus
559 2709 750 2752 Berolini
780 2709 879 2751 Kal.
908 2709 1004 2750 Iun.
1035 2708 1152 2750 1859.
