1846 3100
0 1818 5 1823 .
4 1803 6 1807 ,
0 1718 15 1791 uva<

588 159 642 192 De
667 158 780 191 Gallia
803 147 1035 189 Romanorum
1068 156 1250 199 provincia.
1631 154 1680 197 31

136 281 221 310 non
254 265 436 308 dubium
472 274 549 316 est,
579 268 682 323 quin
710 282 795 308 non
827 267 967 307 minus
999 281 1126 321 quam
1158 266 1323 322 collega
1340 267 1505 308 laturus
1538 263 1719 315 fuerit3‘

136 339 230 396 ipso
259 347 399 382 autem
430 346 619 381 extremo
650 354 761 381 anno
793 353 887 380 esse
916 339 1042 380 latam
1077 340 1259 394 Appian.
1289 338 1333 388 Ι,
1367 338 1417 380 44
1460 338 1685 391 significat,

138 411 211 466 qui
242 411 294 453 L.
323 409 499 453 Caesari
532 419 674 454 narrat
703 411 837 453 otium
868 425 952 452 non
983 410 1118 452 fuisse
1148 410 1191 451 in
1224 409 1371 451 urbem
1391 409 1601 451 redeundi
1631 409 1684 451 ad

139 484 310 526 comitia
335 483 612 540 subrogando
639 483 826 540 collegae
857 482 1067 532 habenda,
1098 482 1171 538 qui
1194 497 1291 524 cum
1317 482 1564 524 revertisset
1593 489 1686 523 tan-

140 557 238 599 dem
268 564 457 599 extremo
495 571 628 605 anno,
671 570 750 597 nec
780 554 921 597 suffici
948 555 1166 596 consulem
1199 570 1350 610 operae
1381 555 1565 610 pretium
1593 569 1688 596 esse

139 628 263 670 duxit
296 635 338 670 et
369 628 498 670 huius
538 627 649 683 legis
683 627 900 683 rogandae
937 634 1104 683 tempus
1137 627 1299 670 habuit.
1358 626 1447 669 Sed
1486 627 1540 668 de
1569 626 1611 668 vi
1638 640 1688 668 ac

138 707 292 743 natura
330 700 460 742 huius
499 700 608 755 legis
637 699 772 742 Iuliae
797 700 924 756 paulo
959 699 1080 742 aliter
1117 714 1233 741 nunc
1270 699 1550 741 iudicandum
1593 713 1688 740 esse

141 773 262 815 video
293 787 343 814 ac
373 771 453 814 viri
490 771 605 813 docti
641 770 779 812 solent
807 771 1063 814 existimare.
1125 770 1329 813 Statuunt
1366 772 1477 813 enim
1505 772 1687 827 primum

142 861 235 888 eam
264 845 426 894 Italiae,
457 859 586 899 quam
611 843 779 899 proprie
806 843 866 885 ita
896 845 1189 900 appellandam
1222 859 1316 886 esse
1339 852 1502 901 putant,
1529 843 1688 884 finibus

140 917 276 960 fuisse
307 916 694 972 circumscriptam:
729 931 814 970 qua
842 907 885 956 in
917 931 962 958 re
997 917 1225 972 opinantur
1254 916 1482 958 discrimen
1514 915 1687 971 aliquod

141 989 277 1031 fuisse
307 988 490 1031 nominis
513 988 670 1038 ltaliae,
701 988 818 1043 quod
835 988 1002 1030 nullum
1028 1004 1215 1044 unquam
1248 989 1340 1030 fuit.
1382 987 1546 1030 Omnes
1578 988 1689 1029 enim

142 1063 370 1118 scriptores
400 1061 526 1103 etiam
560 1068 656 1103 ante
686 1061 983 1116 imperatorem
1014 1060 1282 1117 Augustum,
1314 1078 1338 1103 a
1365 1076 1451 1117 quo
1483 1060 1688 1115 quicquid

141 1135 194 1177 ad
213 1134 346 1190 Alpes
370 1133 552 1189 pertinet
567 1133 714 1174 Italiae
732 1133 947 1175 adiectum
968 1149 1062 1176 esse
1083 1149 1229 1176 omnes
1259 1133 1513 1182 concedunt,
1543 1133 1690 1174 Italiae

141 1207 310 1248 nomine
347 1206 591 1247 universam
626 1204 812 1247 Galliam
841 1203 1104 1262 Cisalpinam
1147 1205 1526 1262 comprehendunt.
1594 1204 1689 1246 Non

142 1293 426 1321 commemoro
452 1278 571 1328 alios,
605 1279 679 1334 qui
708 1279 810 1334 quia
838 1294 888 1320 ea
915 1286 1051 1320 aetate
1081 1279 1293 1328 vixerunt,
1322 1293 1408 1332 qua
1437 1286 1561 1318 vetus
1592 1291 1690 1332 pro-

143 1350 381 1392 vinciarum
406 1350 513 1392 ratio
543 1351 812 1393 existimatur
842 1366 936 1393 esse
968 1349 1137 1400 abolita,
1167 1351 1308 1392 minus
1339 1350 1520 1392 fortasse
1547 1349 1690 1390 idonei

141 1429 272 1464 testes
303 1437 397 1465 esse
427 1422 666 1474 videantur,
696 1438 776 1465 nec
795 1422 1048 1465 Strabonem
1075 1422 1170 1464 libr.
1198 1422 1237 1465 V
1257 1422 1347 1463 init.
1373 1422 1518 1472 affero,
1550 1422 1623 1477 qui
1655 1422 1690 1463 si

142 1502 257 1536 recte
288 1493 545 1548 explicetur,
584 1496 835 1538 sententiam
866 1503 1055 1538 nostram
1084 1509 1168 1536 non
1197 1495 1340 1536 minus
1373 1495 1612 1544 confirmet,
1650 1502 1692 1537 at

143 1566 352 1622 Polybius
383 1566 445 1616 II,
486 1566 533 1608 14
577 1567 691 1608 haud
729 1567 859 1610 dubie
891 1567 1075 1609 Galliam
1107 1565 1370 1622 Cisalpinam
1409 1567 1691 1623 appellatione

143 1638 289 1681 Italiae
322 1638 630 1694 complectitur,
654 1638 756 1681 item
788 1638 949 1682 Caesar
977 1638 1074 1681 bell.
1108 1638 1221 1681 Gall.
1247 1639 1301 1689 V,
1337 1642 1371 1689 1,
1402 1639 1477 1681 ubi
1508 1655 1605 1681 cum
1635 1638 1693 1680 ait

145 1725 197 1752 ex
214 1709 357 1753 Gallia
385 1725 477 1752 sese
509 1710 553 1752 in
571 1710 737 1752 Italiam
761 1726 855 1753 esse
886 1713 1135 1767 profectum,
1164 1711 1208 1752 in
1225 1710 1410 1753 Galliam
1428 1710 1692 1766 Cisalpinam

146 1797 191 1824 se
219 1781 361 1824 abisse
391 1782 495 1823 dicit
528 1783 611 1839 (cf.
642 1782 730 1832 VI,
758 1783 811 1824 44
844 1790 884 1824 et
910 1783 1021 1834 VII,
1060 1785 1075 1824 1
1113 1793 1151 1825 et
1181 1783 1233 1825 50
1263 1792 1304 1825 et
1336 1783 1440 1838 52),
1468 1790 1509 1825 et
1540 1781 1692 1824 Cicero

145 1854 256 1896 Phil.
284 1853 362 1903 IV,
393 1854 418 1895 4
448 1861 575 1907 negat
601 1858 755 1904 Gallia,
788 1863 912 1909 negat
942 1862 1091 1896 cuncta
1122 1858 1262 1906 ltalz'a3
1290 1854 1535 1910 ibidemque
1566 1855 1620 1904 V',
1645 1856 1692 1897 12

147 1929 338 1968 delectum
379 1927 521 1966 haberi
551 1951 604 1956 —
642 1929 686 1966 in
720 1930 844 1968 ltalia
874 1934 1042 1980 praeter
1078 1930 1262 1969 Gallium
1301 1934 1407 1975 lota,
1448 1929 1520 1982 qui
1564 1929 1597 1969 si
1635 1929 1694 1970 ita

146 1996 348 2040 dixerunt
381 2013 430 2040 eo
461 2006 665 2054 tempore,
697 2013 783 2054 quo
817 1997 983 2041 Galliae
1006 1997 1250 2055 Cisalpinae
1278 1999 1489 2054 propriam
1520 2000 1693 2055 provin-

147 2071 254 2113 ciam
293 2072 428 2113 fuisse
469 2078 656 2120 constat,
701 2071 804 2126 quid
845 2071 997 2126 reliqui
1037 2079 1078 2112 et
1118 2071 1400 2113 existimarint
1427 2079 1468 2113 et
1495 2072 1693 2120 dixerint,

146 2143 332 2185 dubitari
362 2158 446 2185 non
475 2150 627 2199 potest.
685 2142 815 2184 Nulla
850 2143 984 2198 igitur
1016 2151 1079 2184 est
1109 2158 1219 2198 quae
1258 2144 1428 2200 proprie
1460 2152 1611 2186 vocata
1641 2144 1693 2186 sit

146 2215 270 2256 Italia
301 2223 421 2257 extra
447 2214 632 2257 Galliam
662 2212 948 2270 Cisalpinam,
991 2214 1067 2256 sed
1102 2230 1254 2257 nomen
1284 2215 1366 2257 hoe
1398 2216 1480 2258 iam
1510 2216 1694 2271 antiquis

147 2286 411 2342 temporibus
441 2301 580 2342 usque
612 2286 667 2328 ad
696 2285 832 2342 Alpes
862 2286 1054 2342 pertinet.
1115 2287 1284 2329 Deinde
1314 2287 1373 2328 illi
1406 2302 1503 2329 cum
1531 2288 1693 2330 Italiam

146 2358 361 2414 propriam
388 2373 481 2400 eam
510 2373 637 2414 quam
669 2358 871 2408 diximus,
911 2358 1019 2400 falso
1049 2359 1309 2415 intelligunt,
1339 2359 1461 2414 eique
1491 2360 1569 2402 soli
1599 2360 1694 2415 lege

147 2431 259 2472 Iulia
297 2430 511 2472 civitatem
550 2430 693 2472 datam
737 2446 832 2472 esse
873 2438 1071 2480 censent,
1118 2431 1161 2472 in
1203 2431 1464 2487 singularem
1511 2431 1695 2486 aliquam

150 2501 446 2544 difficultatem
475 2502 685 2544 incidunt.
727 2503 899 2544 Etenim
930 2503 1126 2557 quamvis
1142 2503 1289 2545 Italiae
1315 2503 1486 2545 nomine
1511 2502 1696 2545 Galliam

152 2571 415 2628 Cisalpinam
440 2574 684 2624 excludant,
713 2574 955 2616 faciendum
973 2582 1112 2616 tamen
1133 2589 1227 2616 8888
1248 2575 1408 2625 vident,
1441 2582 1489 2616 ut
1513 2575 1695 2616 civitatis

151 2645 314 2686 donum
352 2645 478 2687 latius
523 2646 775 2696 extendant,
822 2656 1069 2701 partemque
1117 2645 1362 2703 Cisalpinae
1401 2646 1565 2690 Galliae
1601 2646 1629 2687 i.
1660 2660 1695 2688 e.

152 2714 421 2773 Cispadanos
452 2731 599 2759 omnes
639 2717 787 2759 eodem
822 2725 1010 2774 tempore
1047 2719 1089 2760 in
1123 2719 1336 2761 civitatem
1374 2725 1567 2773 receptos
1601 2733 1696 2760 esse

152 2795 374 2838 censeant,
414 2802 500 2843 quo
529 2788 667 2830 Italici
704 2789 785 2845 ipsi
822 2790 919 2846 lege
950 2790 1061 2832 Iulia
1099 2791 1258 2846 recepti
1296 2798 1408 2831 sunt..
1465 2790 1589 2842 Quae
1627 2805 1695 2832 res

152 2875 248 2903 cum
282 2861 465 2917 primum
495 2875 520 2902 a
547 2859 598 2901 F.
627 2857 677 2902 C.
709 2861 918 2917 Savignio
959 2860 1115 2903 celebri
1153 2862 1528 2912 commentatione,
1567 2877 1697 2918 quam
