<?xml version="1.0" encoding="UTF-8"?>
<!DOCTYPE html PUBLIC "-//W3C//DTD XHTML 1.0 Transitional//EN"
    "http://www.w3.org/TR/xhtml1/DTD/xhtml1-transitional.dtd">
<html xmlns="http://www.w3.org/1999/xhtml" xml:lang="en" lang="en">
 <head>
  <title>
</title>
<meta http-equiv="Content-Type" content="text/html;charset=utf-8" />
  <meta name='ocr-system' content='tesseract 3.04.00' />
  <meta name='ocr-capabilities' content='ocr_page ocr_carea ocr_par ocr_line ocrx_word'/>
</head>
<body>
  <div class='ocr_page' id='page_1' title='image "./studiaromanasive00zump_0117.png"; bbox 0 0 1846 3100; ppageno 0'>
   <div class='ocr_carea' id='block_1_1' title="bbox 595 147 1695 195">
    <p class='ocr_par' dir='ltr' id='par_1_1' title="bbox 595 147 1695 195">
     <span class='ocr_line' id='line_1_1' title="bbox 595 147 1695 195; baseline -0.006 -8"><span class='ocrx_word' id='word_1_1' title='bbox 595 156 648 187; x_wconf 89' lang='lat' dir='ltr'>De</span> <span class='ocrx_word' id='word_1_2' title='bbox 673 154 788 187; x_wconf 82' lang='lat' dir='ltr'>Gallia</span> <span class='ocrx_word' id='word_1_3' title='bbox 811 154 1046 185; x_wconf 86' lang='lat' dir='ltr'>Romanorum</span> <span class='ocrx_word' id='word_1_4' title='bbox 1077 152 1261 195; x_wconf 86' lang='lat' dir='ltr'>provincia.</span> <span class='ocrx_word' id='word_1_5' title='bbox 1614 147 1695 190; x_wconf 83' lang='lat'>105</span> 
     </span>
    </p>
   </div>
   <div class='ocr_carea' id='block_1_2' title="bbox 145 260 1704 2055">
    <p class='ocr_par' dir='ltr' id='par_1_2' title="bbox 145 260 1704 2055">
     <span class='ocr_line' id='line_1_2' title="bbox 145 260 1696 319; baseline -0.005 -9"><span class='ocrx_word' id='word_1_6' title='bbox 145 268 340 310; x_wconf 88' lang='lat' dir='ltr'>Romano</span> <span class='ocrx_word' id='word_1_7' title='bbox 367 282 462 309; x_wconf 84' lang='lat' dir='ltr'>esse</span> <span class='ocrx_word' id='word_1_8' title='bbox 493 266 706 309; x_wconf 87' lang='lat' dir='ltr'>adiectam</span> <span class='ocrx_word' id='word_1_9' title='bbox 733 262 840 319; x_wconf 90' lang='lat' dir='ltr'>(Dio</span> <span class='ocrx_word' id='word_1_10' title='bbox 857 262 979 312; x_wconf 89' lang='lat' dir='ltr'><strong>LIV,</strong></span> <span class='ocrx_word' id='word_1_11' title='bbox 1010 262 1083 312; x_wconf 78' lang='lat'>223</span> <span class='ocrx_word' id='word_1_12' title='bbox 1117 260 1238 303; x_wconf 87' lang='lat' dir='ltr'>Suet.</span> <span class='ocrx_word' id='word_1_13' title='bbox 1258 260 1374 317; x_wconf 87' lang='lat' dir='ltr'><strong>Aug.</strong></span> <span class='ocrx_word' id='word_1_14' title='bbox 1395 261 1444 303; x_wconf 76' lang='lat'>21</span> <span class='ocrx_word' id='word_1_15' title='bbox 1475 268 1517 303; x_wconf 90' lang='lat' dir='ltr'>et</span> <span class='ocrx_word' id='word_1_16' title='bbox 1534 260 1631 302; x_wconf 89' lang='lat' dir='ltr'><strong>Tib.</strong></span> <span class='ocrx_word' id='word_1_17' title='bbox 1648 260 1696 310; x_wconf 77' lang='lat'>93</span> 
     </span>
     <span class='ocr_line' id='line_1_3' title="bbox 146 333 1697 392; baseline -0.006 -9"><span class='ocrx_word' id='word_1_18' title='bbox 146 340 245 383; x_wconf 88' lang='lat' dir='ltr'>Liv.</span> <span class='ocrx_word' id='word_1_19' title='bbox 263 339 552 392; x_wconf 83' lang='lat' dir='ltr'>CXXXVI),</span> <span class='ocrx_word' id='word_1_20' title='bbox 586 352 666 379; x_wconf 90' lang='lat' dir='ltr'>nec</span> <span class='ocrx_word' id='word_1_21' title='bbox 692 343 835 379; x_wconf 89' lang='lat' dir='ltr'>tamen</span> <span class='ocrx_word' id='word_1_22' title='bbox 859 341 973 377; x_wconf 88' lang='lat' dir='ltr'>recte</span> <span class='ocrx_word' id='word_1_23' title='bbox 1003 333 1056 375; x_wconf 89' lang='lat' dir='ltr'>de</span> <span class='ocrx_word' id='word_1_24' title='bbox 1080 333 1173 375; x_wconf 92' lang='lat' dir='ltr'>eius</span> <span class='ocrx_word' id='word_1_25' title='bbox 1194 333 1559 375; x_wconf 82' lang='lat' dir='ltr'>administratione</span> <span class='ocrx_word' id='word_1_26' title='bbox 1583 333 1697 377; x_wconf 88' lang='lat' dir='ltr'>iudi-</span> 
     </span>
     <span class='ocr_line' id='line_1_4' title="bbox 147 407 1699 468; baseline -0.006 -12"><span class='ocrx_word' id='word_1_27' title='bbox 147 419 258 463; x_wconf 88' lang='lat' dir='ltr'>cant,</span> <span class='ocrx_word' id='word_1_28' title='bbox 288 412 363 468; x_wconf 89' lang='lat' dir='ltr'>qui</span> <span class='ocrx_word' id='word_1_29' title='bbox 390 412 506 467; x_wconf 92' lang='lat' dir='ltr'>quod</span> <span class='ocrx_word' id='word_1_30' title='bbox 536 410 689 454; x_wconf 88' lang='lat' dir='ltr'>Vellei.</span> <span class='ocrx_word' id='word_1_31' title='bbox 710 409 768 457; x_wconf 87' lang='grc' dir='ltr'>ΙΙ,</span> <span class='ocrx_word' id='word_1_32' title='bbox 801 407 853 449; x_wconf 77' lang='lat'>39</span> <span class='ocrx_word' id='word_1_33' title='bbox 884 407 961 448; x_wconf 88' lang='lat' dir='ltr'>ait:</span> <span class='ocrx_word' id='word_1_34' title='bbox 1013 409 1203 447; x_wconf 67' lang='lat' dir='ltr'>[caeliam</span> <span class='ocrx_word' id='word_1_35' title='bbox 1230 412 1366 446; x_wconf 80' lang='lat' dir='ltr'>autem</span> <span class='ocrx_word' id='word_1_36' title='bbox 1397 413 1438 447; x_wconf 81' lang='lat' dir='ltr'>et</span> <span class='ocrx_word' id='word_1_37' title='bbox 1473 408 1699 448; x_wconf 81' lang='lat' dir='ltr'>Vindelicos</span> 
     </span>
     <span class='ocr_line' id='line_1_5' title="bbox 145 478 1698 541; baseline -0.006 -13"><span class='ocrx_word' id='word_1_38' title='bbox 145 484 233 541; x_wconf 86' lang='lat' dir='ltr'>(Ti.</span> <span class='ocrx_word' id='word_1_39' title='bbox 261 483 441 538; x_wconf 84' lang='lat' dir='ltr'>Caesar)</span> <span class='ocrx_word' id='word_1_40' title='bbox 471 498 597 524; x_wconf 78' lang='lat' dir='ltr'>novas</span> <span class='ocrx_word' id='word_1_41' title='bbox 626 483 796 535; x_wconf 78' lang='lat' dir='ltr'>imperio</span> <span class='ocrx_word' id='word_1_42' title='bbox 822 486 962 520; x_wconf 79' lang='lat' dir='ltr'>nostro</span> <span class='ocrx_word' id='word_1_43' title='bbox 987 479 1204 518; x_wconf 72' lang='lat' dir='ltr'>subiunxit</span> <span class='ocrx_word' id='word_1_44' title='bbox 1225 482 1477 531; x_wconf 77' lang='lat' dir='ltr'>provincias,</span> <span class='ocrx_word' id='word_1_45' title='bbox 1509 478 1698 535; x_wconf 87' lang='lat' dir='ltr'>peculia-</span> 
     </span>
     <span class='ocr_line' id='line_1_6' title="bbox 146 546 1699 612; baseline -0.006 -12"><span class='ocrx_word' id='word_1_46' title='bbox 146 572 236 599; x_wconf 85' lang='lat' dir='ltr'>rem</span> <span class='ocrx_word' id='word_1_47' title='bbox 264 557 348 599; x_wconf 89' lang='lat' dir='ltr'>iam</span> <span class='ocrx_word' id='word_1_48' title='bbox 366 556 571 612; x_wconf 88' lang='lat' dir='ltr'>Augusto</span> <span class='ocrx_word' id='word_1_49' title='bbox 598 555 833 610; x_wconf 89' lang='lat' dir='ltr'>imperante</span> <span class='ocrx_word' id='word_1_50' title='bbox 865 550 1127 608; x_wconf 86' lang='lat' dir='ltr'>provinciam</span> <span class='ocrx_word' id='word_1_51' title='bbox 1144 550 1337 592; x_wconf 85' lang='lat' dir='ltr'>Raetiam</span> <span class='ocrx_word' id='word_1_52' title='bbox 1369 546 1505 593; x_wconf 86' lang='lat' dir='ltr'>fuisse</span> <span class='ocrx_word' id='word_1_53' title='bbox 1534 558 1699 607; x_wconf 85' lang='lat' dir='ltr'>putant.</span> 
     </span>
     <span class='ocr_line' id='line_1_7' title="bbox 148 623 1699 680; baseline -0.005 -9"><span class='ocrx_word' id='word_1_54' title='bbox 148 629 280 671; x_wconf 84' lang='lat' dir='ltr'>Recte</span> <span class='ocrx_word' id='word_1_55' title='bbox 319 628 432 671; x_wconf 91' lang='lat' dir='ltr'>enim</span> <span class='ocrx_word' id='word_1_56' title='bbox 456 626 694 669; x_wconf 85' lang='lat' dir='ltr'>Fechterus</span> <span class='ocrx_word' id='word_1_57' title='bbox 727 625 770 666; x_wconf 93' lang='lat' dir='ltr'>in</span> <span class='ocrx_word' id='word_1_58' title='bbox 802 623 1105 680; x_wconf 86' lang='lat' dir='ltr'>disputatione,</span> <span class='ocrx_word' id='word_1_59' title='bbox 1136 637 1264 677; x_wconf 90' lang='lat' dir='ltr'>quam</span> <span class='ocrx_word' id='word_1_60' title='bbox 1297 638 1427 679; x_wconf 88' lang='lat' dir='ltr'>supra</span> <span class='ocrx_word' id='word_1_61' title='bbox 1459 623 1699 673; x_wconf 81' lang='lat' dir='ltr'>citavimus,</span> 
     </span>
     <span class='ocr_line' id='line_1_8' title="bbox 146 694 1699 757; baseline -0.004 -15"><span class='ocrx_word' id='word_1_62' title='bbox 146 717 188 757; x_wconf 89' lang='lat' dir='ltr'>p.</span> <span class='ocrx_word' id='word_1_63' title='bbox 208 701 302 751; x_wconf 75' lang='lat'>338,</span> <span class='ocrx_word' id='word_1_64' title='bbox 330 715 423 743; x_wconf 89' lang='lat' dir='ltr'>eam</span> <span class='ocrx_word' id='word_1_65' title='bbox 448 697 765 754; x_wconf 82' lang='lat' dir='ltr'>quodammodo</span> <span class='ocrx_word' id='word_1_66' title='bbox 789 696 937 739; x_wconf 79' lang='lat' dir='ltr'>statuit</span> <span class='ocrx_word' id='word_1_67' title='bbox 951 695 1087 737; x_wconf 81' lang='lat' dir='ltr'>fuisse</span> <span class='ocrx_word' id='word_1_68' title='bbox 1109 710 1207 737; x_wconf 90' lang='lat' dir='ltr'>cum</span> <span class='ocrx_word' id='word_1_69' title='bbox 1225 694 1458 738; x_wconf 84' lang='lat' dir='ltr'>Germania</span> <span class='ocrx_word' id='word_1_70' title='bbox 1479 695 1699 751; x_wconf 80' lang='lat' dir='ltr'>superiore</span> 
     </span>
     <span class='ocr_line' id='line_1_9' title="bbox 148 766 1700 823; baseline -0.005 -7"><span class='ocrx_word' id='word_1_71' title='bbox 148 773 432 823; x_wconf 88' lang='lat' dir='ltr'>coniunctam,</span> <span class='ocrx_word' id='word_1_72' title='bbox 463 771 590 814; x_wconf 88' lang='lat' dir='ltr'>modo</span> <span class='ocrx_word' id='word_1_73' title='bbox 617 785 670 812; x_wconf 90' lang='lat' dir='ltr'>ne</span> <span class='ocrx_word' id='word_1_74' title='bbox 697 769 769 810; x_wconf 88' lang='lat' dir='ltr'>illa</span> <span class='ocrx_word' id='word_1_75' title='bbox 796 783 905 823; x_wconf 91' lang='lat' dir='ltr'>quae</span> <span class='ocrx_word' id='word_1_76' title='bbox 935 783 960 808; x_wconf 90' lang='lat' dir='ltr'>a</span> <span class='ocrx_word' id='word_1_77' title='bbox 988 766 1112 810; x_wconf 91' lang='lat' dir='ltr'>nobis</span> <span class='ocrx_word' id='word_1_78' title='bbox 1142 767 1324 809; x_wconf 87' lang='lat' dir='ltr'>refutata</span> <span class='ocrx_word' id='word_1_79' title='bbox 1353 775 1418 810; x_wconf 90' lang='lat' dir='ltr'>est</span> <span class='ocrx_word' id='word_1_80' title='bbox 1448 768 1501 810; x_wconf 91' lang='lat' dir='ltr'>de</span> <span class='ocrx_word' id='word_1_81' title='bbox 1530 768 1700 810; x_wconf 83' lang='lat' dir='ltr'>militari</span> 
     </span>
     <span class='ocr_line' id='line_1_10' title="bbox 147 837 1700 902; baseline -0.003 -15"><span class='ocrx_word' id='word_1_82' title='bbox 147 845 324 902; x_wconf 87' lang='lat' dir='ltr'>imperio</span> <span class='ocrx_word' id='word_1_83' title='bbox 355 844 553 901; x_wconf 91' lang='lat' dir='ltr'>opinione</span> <span class='ocrx_word' id='word_1_84' title='bbox 582 842 788 884; x_wconf 88' lang='lat' dir='ltr'>inductus</span> <span class='ocrx_word' id='word_1_85' title='bbox 817 837 961 896; x_wconf 88' lang='lat' dir='ltr'>copias</span> <span class='ocrx_word' id='word_1_86' title='bbox 990 839 1133 890; x_wconf 84' lang='lat' dir='ltr'>mode,</span> <span class='ocrx_word' id='word_1_87' title='bbox 1161 855 1270 894; x_wconf 87' lang='lat' dir='ltr'>quae</span> <span class='ocrx_word' id='word_1_88' title='bbox 1299 840 1344 881; x_wconf 89' lang='lat' dir='ltr'>in</span> <span class='ocrx_word' id='word_1_89' title='bbox 1362 840 1512 882; x_wconf 81' lang='lat' dir='ltr'>Raetia</span> <span class='ocrx_word' id='word_1_90' title='bbox 1542 849 1700 890; x_wconf 87' lang='lat' dir='ltr'>essent,</span> 
     </span>
     <span class='ocr_line' id='line_1_11' title="bbox 146 911 1700 973; baseline -0.003 -14"><span class='ocrx_word' id='word_1_91' title='bbox 146 918 288 973; x_wconf 86' lang='lat' dir='ltr'>legato</span> <span class='ocrx_word' id='word_1_92' title='bbox 305 916 562 958; x_wconf 83' lang='lat' dir='ltr'>Germaniae</span> <span class='ocrx_word' id='word_1_93' title='bbox 592 914 800 971; x_wconf 90' lang='lat' dir='ltr'>paruisse,</span> <span class='ocrx_word' id='word_1_94' title='bbox 834 912 1002 954; x_wconf 89' lang='lat' dir='ltr'>civilem</span> <span class='ocrx_word' id='word_1_95' title='bbox 1033 912 1157 967; x_wconf 84' lang='lat' dir='ltr'>quasi</span> <span class='ocrx_word' id='word_1_96' title='bbox 1187 911 1526 955; x_wconf 85' lang='lat' dir='ltr'>iurisdictionem</span> <span class='ocrx_word' id='word_1_97' title='bbox 1546 913 1599 956; x_wconf 88' lang='lat' dir='ltr'>ab</span> <span class='ocrx_word' id='word_1_98' title='bbox 1618 913 1700 956; x_wconf 89' lang='lat' dir='ltr'>alio</span> 
     </span>
     <span class='ocr_line' id='line_1_12' title="bbox 147 984 1701 1046; baseline -0.002 -15"><span class='ocrx_word' id='word_1_99' title='bbox 147 989 344 1046; x_wconf 85' lang='lat' dir='ltr'>praeside</span> <span class='ocrx_word' id='word_1_100' title='bbox 371 987 709 1031; x_wconf 75' lang='lat' dir='ltr'>administratam</span> <span class='ocrx_word' id='word_1_101' title='bbox 737 1001 832 1028; x_wconf 89' lang='lat' dir='ltr'>esse</span> <span class='ocrx_word' id='word_1_102' title='bbox 861 991 1068 1041; x_wconf 86' lang='lat' dir='ltr'>putasset.</span> <span class='ocrx_word' id='word_1_103' title='bbox 1127 984 1280 1026; x_wconf 79' lang='lat' dir='ltr'>Narrat</span> <span class='ocrx_word' id='word_1_104' title='bbox 1307 994 1446 1028; x_wconf 86' lang='lat' dir='ltr'>autem</span> <span class='ocrx_word' id='word_1_105' title='bbox 1477 986 1530 1028; x_wconf 89' lang='lat' dir='ltr'>de</span> <span class='ocrx_word' id='word_1_106' title='bbox 1560 1001 1611 1028; x_wconf 87' lang='lat' dir='ltr'>ea</span> <span class='ocrx_word' id='word_1_107' title='bbox 1639 986 1701 1028; x_wconf 90' lang='lat' dir='ltr'>sic</span> 
     </span>
     <span class='ocr_line' id='line_1_13' title="bbox 148 1059 1703 1112; baseline -0.008 -9"><span class='ocrx_word' id='word_1_108' title='bbox 148 1061 250 1104; x_wconf 86' lang='lat' dir='ltr'>Tac.</span> <span class='ocrx_word' id='word_1_109' title='bbox 277 1061 377 1104; x_wconf 81' lang='lat' dir='ltr'>hist.</span> <span class='ocrx_word' id='word_1_110' title='bbox 397 1061 434 1111; x_wconf 92' lang='lat' dir='ltr'>I,</span> <span class='ocrx_word' id='word_1_111' title='bbox 466 1062 508 1102; x_wconf 80' lang='lat'>11</span> <span class='ocrx_word' id='word_1_112' title='bbox 549 1062 712 1108; x_wconf 76' lang='lat' dir='ltr'>Raetia,</span> <span class='ocrx_word' id='word_1_113' title='bbox 743 1060 954 1106; x_wconf 75' lang='lat' dir='ltr'>Noricum,</span> <span class='ocrx_word' id='word_1_114' title='bbox 991 1059 1173 1098; x_wconf 73' lang='lat' dir='ltr'>Thracia</span> <span class='ocrx_word' id='word_1_115' title='bbox 1202 1064 1244 1098; x_wconf 77' lang='lat' dir='ltr'>et</span> <span class='ocrx_word' id='word_1_116' title='bbox 1268 1074 1372 1111; x_wconf 76' lang='lat' dir='ltr'>quae</span> <span class='ocrx_word' id='word_1_117' title='bbox 1402 1061 1512 1099; x_wconf 75' lang='lat' dir='ltr'>aliae</span> <span class='ocrx_word' id='word_1_118' title='bbox 1530 1062 1703 1112; x_wconf 80' lang='lat' dir='ltr'>provin-</span> 
     </span>
     <span class='ocr_line' id='line_1_14' title="bbox 148 1129 1703 1187; baseline -0.002 -12"><span class='ocrx_word' id='word_1_119' title='bbox 148 1137 236 1175; x_wconf 73' lang='lat' dir='ltr'>viae</span> <span class='ocrx_word' id='word_1_120' title='bbox 261 1133 602 1187; x_wconf 79' lang='lat' dir='ltr'>procuratoribus</span> <span class='ocrx_word' id='word_1_121' title='bbox 633 1132 890 1181; x_wconf 74' lang='lat' dir='ltr'>cohibentur,</span> <span class='ocrx_word' id='word_1_122' title='bbox 932 1138 980 1172; x_wconf 92' lang='lat' dir='ltr'>ut</span> <span class='ocrx_word' id='word_1_123' title='bbox 1006 1129 1146 1172; x_wconf 84' lang='lat' dir='ltr'>Taciti</span> <span class='ocrx_word' id='word_1_124' title='bbox 1177 1138 1363 1186; x_wconf 86' lang='lat' dir='ltr'>tempore</span> <span class='ocrx_word' id='word_1_125' title='bbox 1395 1131 1422 1172; x_wconf 91' lang='lat' dir='ltr'>i.</span> <span class='ocrx_word' id='word_1_126' title='bbox 1455 1146 1491 1173; x_wconf 90' lang='lat' dir='ltr'>e.</span> <span class='ocrx_word' id='word_1_127' title='bbox 1519 1130 1703 1172; x_wconf 87' lang='lat' dir='ltr'>Traiano</span> 
     </span>
     <span class='ocr_line' id='line_1_15' title="bbox 147 1203 1703 1263; baseline -0.003 -15"><span class='ocrx_word' id='word_1_128' title='bbox 147 1207 382 1263; x_wconf 84' lang='lat' dir='ltr'>imperante</span> <span class='ocrx_word' id='word_1_129' title='bbox 420 1211 719 1262; x_wconf 86' lang='lat' dir='ltr'>procuratores</span> <span class='ocrx_word' id='word_1_130' title='bbox 746 1203 920 1246; x_wconf 88' lang='lat' dir='ltr'>Raetiae</span> <span class='ocrx_word' id='word_1_131' title='bbox 960 1204 1197 1260; x_wconf 87' lang='lat' dir='ltr'>praefuisse</span> <span class='ocrx_word' id='word_1_132' title='bbox 1239 1211 1418 1246; x_wconf 87' lang='lat' dir='ltr'>constet.</span> <span class='ocrx_word' id='word_1_133' title='bbox 1481 1203 1569 1245; x_wconf 82' lang='lat' dir='ltr'>Sed</span> <span class='ocrx_word' id='word_1_134' title='bbox 1602 1203 1703 1244; x_wconf 81' lang='lat' dir='ltr'>item</span> 
     </span>
     <span class='ocr_line' id='line_1_16' title="bbox 149 1275 1703 1333; baseline -0.002 -13"><span class='ocrx_word' id='word_1_135' title='bbox 149 1278 421 1333; x_wconf 87' lang='lat' dir='ltr'>praefuerant</span> <span class='ocrx_word' id='word_1_136' title='bbox 463 1277 547 1319; x_wconf 90' lang='lat' dir='ltr'>iam</span> <span class='ocrx_word' id='word_1_137' title='bbox 589 1275 668 1318; x_wconf 91' lang='lat' dir='ltr'>sub</span> <span class='ocrx_word' id='word_1_138' title='bbox 709 1276 900 1326; x_wconf 89' lang='lat' dir='ltr'>Nerone,</span> <span class='ocrx_word' id='word_1_139' title='bbox 946 1276 1158 1331; x_wconf 87' lang='lat' dir='ltr'>siquidem</span> <span class='ocrx_word' id='word_1_140' title='bbox 1199 1277 1242 1318; x_wconf 91' lang='lat' dir='ltr'>in</span> <span class='ocrx_word' id='word_1_141' title='bbox 1282 1275 1393 1318; x_wconf 94' lang='lat' dir='ltr'>bello</span> <span class='ocrx_word' id='word_1_142' title='bbox 1435 1276 1574 1325; x_wconf 90' lang='lat' dir='ltr'>civili,</span> <span class='ocrx_word' id='word_1_143' title='bbox 1619 1290 1703 1330; x_wconf 92' lang='lat' dir='ltr'>quo</span> 
     </span>
     <span class='ocr_line' id='line_1_17' title="bbox 149 1349 1703 1406; baseline -0.001 -14"><span class='ocrx_word' id='word_1_144' title='bbox 149 1350 443 1406; x_wconf 87' lang='lat' dir='ltr'>Vespasianus</span> <span class='ocrx_word' id='word_1_145' title='bbox 469 1349 697 1405; x_wconf 66' lang='lat' dir='ltr'>imperium</span> <span class='ocrx_word' id='word_1_146' title='bbox 723 1349 905 1405; x_wconf 89' lang='lat' dir='ltr'>adeptus</span> <span class='ocrx_word' id='word_1_147' title='bbox 933 1357 1010 1398; x_wconf 86' lang='lat' dir='ltr'>est,</span> <span class='ocrx_word' id='word_1_148' title='bbox 1040 1349 1222 1392; x_wconf 86' lang='lat' dir='ltr'>Porcius</span> <span class='ocrx_word' id='word_1_149' title='bbox 1245 1349 1509 1406; x_wconf 85' lang='lat' dir='ltr'>Septiminus</span> <span class='ocrx_word' id='word_1_150' title='bbox 1528 1349 1703 1391; x_wconf 89' lang='lat' dir='ltr'>Raetiae</span> 
     </span>
     <span class='ocr_line' id='line_1_18' title="bbox 149 1420 1704 1478; baseline -0.001 -14"><span class='ocrx_word' id='word_1_151' title='bbox 149 1430 400 1478; x_wconf 86' lang='lat' dir='ltr'>procurator</span> <span class='ocrx_word' id='word_1_152' title='bbox 435 1437 460 1463; x_wconf 90' lang='lat' dir='ltr'>a</span> <span class='ocrx_word' id='word_1_153' title='bbox 495 1421 599 1463; x_wconf 87' lang='lat' dir='ltr'>Tac.</span> <span class='ocrx_word' id='word_1_154' title='bbox 634 1421 748 1463; x_wconf 88' lang='lat' dir='ltr'>Hist.</span> <span class='ocrx_word' id='word_1_155' title='bbox 789 1420 876 1471; x_wconf 90' lang='lat' dir='ltr'>III,</span> <span class='ocrx_word' id='word_1_156' title='bbox 922 1422 946 1462; x_wconf 69' lang='grc' dir='ltr'>ἴ)</span> <span class='ocrx_word' id='word_1_157' title='bbox 988 1429 1353 1464; x_wconf 90' lang='lat' dir='ltr'>commemoratur.</span> <span class='ocrx_word' id='word_1_158' title='bbox 1422 1421 1515 1463; x_wconf 92' lang='lat' dir='ltr'>Iam</span> <span class='ocrx_word' id='word_1_159' title='bbox 1557 1436 1704 1463; x_wconf 90' lang='lat' dir='ltr'>omnes</span> 
     </span>
     <span class='ocr_line' id='line_1_19' title="bbox 150 1492 1703 1550; baseline 0.001 -15"><span class='ocrx_word' id='word_1_160' title='bbox 150 1494 390 1550; x_wconf 89' lang='lat' dir='ltr'>provincias</span> <span class='ocrx_word' id='word_1_161' title='bbox 404 1525 414 1544; x_wconf 92' lang='lat'>,</span> <span class='ocrx_word' id='word_1_162' title='bbox 450 1508 558 1549; x_wconf 85' lang='lat' dir='ltr'>quae</span> <span class='ocrx_word' id='word_1_163' title='bbox 583 1492 936 1550; x_wconf 88' lang='lat' dir='ltr'>procuratoribus</span> <span class='ocrx_word' id='word_1_164' title='bbox 957 1500 1166 1549; x_wconf 88' lang='lat' dir='ltr'>parerent,</span> <span class='ocrx_word' id='word_1_165' title='bbox 1198 1501 1364 1536; x_wconf 87' lang='lat' dir='ltr'>constat</span> <span class='ocrx_word' id='word_1_166' title='bbox 1384 1495 1582 1549; x_wconf 90' lang='lat' dir='ltr'>quamvis</span> <span class='ocrx_word' id='word_1_167' title='bbox 1604 1509 1703 1536; x_wconf 91' lang='lat' dir='ltr'>suos</span> 
     </span>
     <span class='ocr_line' id='line_1_20' title="bbox 152 1563 1702 1624; baseline 0.001 -17"><span class='ocrx_word' id='word_1_168' title='bbox 152 1565 368 1624; x_wconf 83' lang='lat' dir='ltr'>praesides</span> <span class='ocrx_word' id='word_1_169' title='bbox 396 1566 622 1616; x_wconf 90' lang='lat' dir='ltr'>haberent,</span> <span class='ocrx_word' id='word_1_170' title='bbox 653 1565 807 1621; x_wconf 90' lang='lat' dir='ltr'>legatis</span> <span class='ocrx_word' id='word_1_171' title='bbox 836 1572 978 1608; x_wconf 87' lang='lat' dir='ltr'>tamen</span> <span class='ocrx_word' id='word_1_172' title='bbox 1009 1563 1232 1616; x_wconf 84' lang='lat' dir='ltr'>Caesaris,</span> <span class='ocrx_word' id='word_1_173' title='bbox 1263 1566 1337 1622; x_wconf 91' lang='lat' dir='ltr'>qui</span> <span class='ocrx_word' id='word_1_174' title='bbox 1366 1566 1596 1608; x_wconf 89' lang='lat' dir='ltr'>finitimum</span> <span class='ocrx_word' id='word_1_175' title='bbox 1625 1566 1702 1609; x_wconf 87' lang='lat' dir='ltr'>ali-</span> 
     </span>
     <span class='ocr_line' id='line_1_21' title="bbox 150 1637 1703 1695; baseline -0.001 -14"><span class='ocrx_word' id='word_1_176' title='bbox 150 1654 277 1694; x_wconf 90' lang='lat' dir='ltr'>quem</span> <span class='ocrx_word' id='word_1_177' title='bbox 307 1638 542 1681; x_wconf 85' lang='lat' dir='ltr'>exercitum</span> <span class='ocrx_word' id='word_1_178' title='bbox 573 1644 780 1688; x_wconf 88' lang='lat' dir='ltr'>tenerent,</span> <span class='ocrx_word' id='word_1_179' title='bbox 810 1637 1016 1694; x_wconf 89' lang='lat' dir='ltr'>paruisse,</span> <span class='ocrx_word' id='word_1_180' title='bbox 1048 1645 1096 1680; x_wconf 90' lang='lat' dir='ltr'>ut</span> <span class='ocrx_word' id='word_1_181' title='bbox 1125 1653 1204 1680; x_wconf 91' lang='lat' dir='ltr'>nec</span> <span class='ocrx_word' id='word_1_182' title='bbox 1231 1653 1293 1688; x_wconf 90' lang='lat' dir='ltr'>ea,</span> <span class='ocrx_word' id='word_1_183' title='bbox 1323 1639 1367 1680; x_wconf 91' lang='lat' dir='ltr'>in</span> <span class='ocrx_word' id='word_1_184' title='bbox 1387 1639 1545 1694; x_wconf 90' lang='lat' dir='ltr'>quibus</span> <span class='ocrx_word' id='word_1_185' title='bbox 1565 1639 1703 1695; x_wconf 86' lang='lat' dir='ltr'>legio-</span> 
     </span>
     <span class='ocr_line' id='line_1_22' title="bbox 150 1709 1702 1766; baseline 0.001 -14"><span class='ocrx_word' id='word_1_186' title='bbox 150 1725 253 1752; x_wconf 90' lang='lat' dir='ltr'>num</span> <span class='ocrx_word' id='word_1_187' title='bbox 294 1709 447 1752; x_wconf 89' lang='lat' dir='ltr'>robore</span> <span class='ocrx_word' id='word_1_188' title='bbox 485 1725 594 1766; x_wconf 90' lang='lat' dir='ltr'>opus</span> <span class='ocrx_word' id='word_1_189' title='bbox 628 1717 738 1760; x_wconf 90' lang='lat' dir='ltr'>erat,</span> <span class='ocrx_word' id='word_1_190' title='bbox 782 1710 865 1766; x_wconf 87' lang='lat' dir='ltr'>ipsi</span> <span class='ocrx_word' id='word_1_191' title='bbox 905 1710 1252 1753; x_wconf 86' lang='lat' dir='ltr'>administrarent</span> <span class='ocrx_word' id='word_1_192' title='bbox 1285 1718 1326 1752; x_wconf 90' lang='lat' dir='ltr'>et</span> <span class='ocrx_word' id='word_1_193' title='bbox 1361 1711 1405 1752; x_wconf 92' lang='lat' dir='ltr'>in</span> <span class='ocrx_word' id='word_1_194' title='bbox 1442 1710 1702 1766; x_wconf 89' lang='lat' dir='ltr'>quibusdam</span> 
     </span>
     <span class='ocr_line' id='line_1_23' title="bbox 152 1781 1703 1838; baseline 0.001 -15"><span class='ocrx_word' id='word_1_195' title='bbox 152 1781 509 1838; x_wconf 87' lang='lat' dir='ltr'>appellationibus</span> <span class='ocrx_word' id='word_1_196' title='bbox 548 1782 696 1824; x_wconf 90' lang='lat' dir='ltr'>maiori</span> <span class='ocrx_word' id='word_1_197' title='bbox 733 1781 904 1824; x_wconf 90' lang='lat' dir='ltr'>illorum</span> <span class='ocrx_word' id='word_1_198' title='bbox 934 1783 1134 1838; x_wconf 86' lang='lat' dir='ltr'>potestati</span> <span class='ocrx_word' id='word_1_199' title='bbox 1167 1783 1379 1825; x_wconf 87' lang='lat' dir='ltr'>cederent.</span> <span class='ocrx_word' id='word_1_200' title='bbox 1444 1783 1497 1825; x_wconf 89' lang='lat' dir='ltr'>Id</span> <span class='ocrx_word' id='word_1_201' title='bbox 1529 1798 1627 1825; x_wconf 90' lang='lat' dir='ltr'>cum</span> <span class='ocrx_word' id='word_1_202' title='bbox 1659 1782 1703 1824; x_wconf 90' lang='lat' dir='ltr'>in</span> 
     </span>
     <span class='ocr_line' id='line_1_24' title="bbox 152 1854 1702 1910; baseline 0 -14"><span class='ocrx_word' id='word_1_203' title='bbox 152 1854 327 1910; x_wconf 88' lang='lat' dir='ltr'>reliquis</span> <span class='ocrx_word' id='word_1_204' title='bbox 357 1854 423 1896; x_wconf 89' lang='lat' dir='ltr'>his</span> <span class='ocrx_word' id='word_1_205' title='bbox 454 1854 692 1896; x_wconf 89' lang='lat' dir='ltr'>minoribus</span> <span class='ocrx_word' id='word_1_206' title='bbox 721 1854 953 1910; x_wconf 89' lang='lat' dir='ltr'>provinciis</span> <span class='ocrx_word' id='word_1_207' title='bbox 985 1855 1087 1898; x_wconf 89' lang='lat' dir='ltr'>satis</span> <span class='ocrx_word' id='word_1_208' title='bbox 1118 1855 1245 1897; x_wconf 82' lang='lat' dir='ltr'>certis</span> <span class='ocrx_word' id='word_1_209' title='bbox 1277 1855 1546 1898; x_wconf 86' lang='lat' dir='ltr'>documentis</span> <span class='ocrx_word' id='word_1_210' title='bbox 1578 1855 1702 1896; x_wconf 90' lang='lat' dir='ltr'>intel-</span> 
     </span>
     <span class='ocr_line' id='line_1_25' title="bbox 151 1926 1701 1983; baseline 0 -15"><span class='ocrx_word' id='word_1_211' title='bbox 151 1927 332 1983; x_wconf 88' lang='lat' dir='ltr'>ligatur,</span> <span class='ocrx_word' id='word_1_212' title='bbox 374 1934 466 1968; x_wconf 91' lang='lat' dir='ltr'>tum</span> <span class='ocrx_word' id='word_1_213' title='bbox 500 1927 544 1968; x_wconf 92' lang='lat' dir='ltr'>in</span> <span class='ocrx_word' id='word_1_214' title='bbox 575 1926 755 1975; x_wconf 89' lang='lat' dir='ltr'>Iudaea,</span> <span class='ocrx_word' id='word_1_215' title='bbox 798 1927 922 1969; x_wconf 91' lang='lat' dir='ltr'>cuius</span> <span class='ocrx_word' id='word_1_216' title='bbox 962 1934 1261 1983; x_wconf 84' lang='lat' dir='ltr'>procurat-ores</span> <span class='ocrx_word' id='word_1_217' title='bbox 1299 1927 1507 1983; x_wconf 88' lang='lat' dir='ltr'>imprimis</span> <span class='ocrx_word' id='word_1_218' title='bbox 1537 1926 1701 1969; x_wconf 88' lang='lat' dir='ltr'>nobiles</span> 
     </span>
     <span class='ocr_line' id='line_1_26' title="bbox 153 1998 1703 2055; baseline -0.001 -14"><span class='ocrx_word' id='word_1_219' title='bbox 153 2005 272 2048; x_wconf 72' lang='lat' dir='ltr'>sunt,</span> <span class='ocrx_word' id='word_1_220' title='bbox 313 1998 509 2055; x_wconf 91' lang='lat' dir='ltr'>plurimis</span> <span class='ocrx_word' id='word_1_221' title='bbox 548 1999 678 2042; x_wconf 91' lang='lat' dir='ltr'>rebus</span> <span class='ocrx_word' id='word_1_222' title='bbox 709 2000 996 2042; x_wconf 87' lang='lat' dir='ltr'>confirmatur.</span> <span class='ocrx_word' id='word_1_223' title='bbox 1048 1999 1198 2042; x_wconf 88' lang='lat' dir='ltr'>Raetia</span> <span class='ocrx_word' id='word_1_224' title='bbox 1225 1999 1359 2055; x_wconf 88' lang='lat' dir='ltr'>igitur</span> <span class='ocrx_word' id='word_1_225' title='bbox 1389 2007 1430 2041; x_wconf 91' lang='lat' dir='ltr'>et</span> <span class='ocrx_word' id='word_1_226' title='bbox 1459 1998 1703 2042; x_wconf 88' lang='lat' dir='ltr'>Vindelicia</span> 
     </span>
    </p>
   </div>
   <div class='ocr_carea' id='block_1_3' title="bbox 153 2070 1769 2128">
    <p class='ocr_par' dir='ltr' id='par_1_3' title="bbox 153 2070 1769 2128">
     <span class='ocr_line' id='line_1_27' title="bbox 153 2070 1769 2128; baseline -0.001 -16"><span class='ocrx_word' id='word_1_227' title='bbox 153 2074 269 2125; x_wconf 88' lang='lat' dir='ltr'>(nam</span> <span class='ocrx_word' id='word_1_228' title='bbox 293 2071 370 2113; x_wconf 89' lang='lat' dir='ltr'>has</span> <span class='ocrx_word' id='word_1_229' title='bbox 399 2071 443 2113; x_wconf 93' lang='lat' dir='ltr'>in</span> <span class='ocrx_word' id='word_1_230' title='bbox 467 2087 602 2113; x_wconf 89' lang='lat' dir='ltr'>unum</span> <span class='ocrx_word' id='word_1_231' title='bbox 621 2071 864 2128; x_wconf 87' lang='lat' dir='ltr'>provinciae</span> <span class='ocrx_word' id='word_1_232' title='bbox 885 2087 1041 2127; x_wconf 91' lang='lat' dir='ltr'>corpus</span> <span class='ocrx_word' id='word_1_233' title='bbox 1063 2072 1313 2114; x_wconf 91' lang='lat' dir='ltr'>coniunctas</span> <span class='ocrx_word' id='word_1_234' title='bbox 1331 2072 1467 2114; x_wconf 89' lang='lat' dir='ltr'>fuisse</span> <span class='ocrx_word' id='word_1_235' title='bbox 1487 2070 1704 2124; x_wconf 90' lang='lat' dir='ltr'>existimo)</span> <span class='ocrx_word' id='word_1_236' title='bbox 1765 2081 1769 2084; x_wconf 83' lang='grc'><strong>’</strong></span> 
     </span>
    </p>
   </div>
   <div class='ocr_carea' id='block_1_4' title="bbox 151 2143 1706 2920">
    <p class='ocr_par' dir='ltr' id='par_1_4' title="bbox 151 2143 1706 2920">
     <span class='ocr_line' id='line_1_28' title="bbox 153 2143 1705 2200; baseline 0 -16"><span class='ocrx_word' id='word_1_237' title='bbox 153 2143 221 2185; x_wconf 92' lang='lat' dir='ltr'>cui</span> <span class='ocrx_word' id='word_1_238' title='bbox 257 2143 400 2199; x_wconf 87' lang='lat' dir='ltr'>legato</span> <span class='ocrx_word' id='word_1_239' title='bbox 433 2143 604 2200; x_wconf 85' lang='lat' dir='ltr'>paruit?</span> <span class='ocrx_word' id='word_1_240' title='bbox 666 2143 922 2200; x_wconf 85' lang='lat' dir='ltr'>Significant</span> <span class='ocrx_word' id='word_1_241' title='bbox 956 2159 1026 2194; x_wconf 91' lang='lat' dir='ltr'>ea,</span> <span class='ocrx_word' id='word_1_242' title='bbox 1067 2159 1177 2200; x_wconf 87' lang='lat' dir='ltr'>quae</span> <span class='ocrx_word' id='word_1_243' title='bbox 1214 2159 1324 2186; x_wconf 92' lang='lat' dir='ltr'>anno</span> <span class='ocrx_word' id='word_1_244' title='bbox 1355 2144 1408 2187; x_wconf 72' lang='lat'>69</span> <span class='ocrx_word' id='word_1_245' title='bbox 1454 2150 1577 2200; x_wconf 88' lang='lat' dir='ltr'>gesta</span> <span class='ocrx_word' id='word_1_246' title='bbox 1610 2157 1705 2185; x_wconf 88' lang='lat' dir='ltr'>esse</span> 
     </span>
     <span class='ocr_line' id='line_1_29' title="bbox 151 2213 1702 2272; baseline 0.001 -16"><span class='ocrx_word' id='word_1_247' title='bbox 151 2222 390 2257; x_wconf 87' lang='lat' dir='ltr'>narrantur.</span> <span class='ocrx_word' id='word_1_248' title='bbox 455 2213 568 2257; x_wconf 84' lang='lat' dir='ltr'>Cum</span> <span class='ocrx_word' id='word_1_249' title='bbox 608 2215 719 2257; x_wconf 89' lang='lat' dir='ltr'>enim</span> <span class='ocrx_word' id='word_1_250' title='bbox 750 2216 932 2258; x_wconf 86' lang='lat' dir='ltr'>Alienus</span> <span class='ocrx_word' id='word_1_251' title='bbox 965 2214 1174 2267; x_wconf 86' lang='lat' dir='ltr'>Caecina,</span> <span class='ocrx_word' id='word_1_252' title='bbox 1222 2217 1274 2258; x_wconf 91' lang='lat' dir='ltr'>L.</span> <span class='ocrx_word' id='word_1_253' title='bbox 1316 2217 1478 2260; x_wconf 84' lang='lat' dir='ltr'>Vitellii</span> <span class='ocrx_word' id='word_1_254' title='bbox 1518 2216 1702 2272; x_wconf 88' lang='lat' dir='ltr'>legatus,</span> 
     </span>
     <span class='ocr_line' id='line_1_30' title="bbox 154 2286 1702 2344; baseline 0.001 -16"><span class='ocrx_word' id='word_1_255' title='bbox 154 2286 392 2337; x_wconf 88' lang='lat' dir='ltr'>Helvetios,</span> <span class='ocrx_word' id='word_1_256' title='bbox 421 2287 495 2343; x_wconf 92' lang='lat' dir='ltr'>qui</span> <span class='ocrx_word' id='word_1_257' title='bbox 525 2287 569 2328; x_wconf 93' lang='lat' dir='ltr'>in</span> <span class='ocrx_word' id='word_1_258' title='bbox 596 2287 761 2330; x_wconf 86' lang='lat' dir='ltr'>Galbae</span> <span class='ocrx_word' id='word_1_259' title='bbox 790 2288 876 2330; x_wconf 90' lang='lat' dir='ltr'>fide</span> <span class='ocrx_word' id='word_1_260' title='bbox 902 2288 1257 2344; x_wconf 88' lang='lat' dir='ltr'>perseverabant,</span> <span class='ocrx_word' id='word_1_261' title='bbox 1290 2288 1441 2330; x_wconf 90' lang='lat' dir='ltr'>ulcisci</span> <span class='ocrx_word' id='word_1_262' title='bbox 1471 2288 1702 2338; x_wconf 87' lang='lat' dir='ltr'>statuisset,</span> 
     </span>
     <span class='ocr_line' id='line_1_31' title="bbox 153 2359 1703 2416; baseline 0.001 -16"><span class='ocrx_word' id='word_1_263' title='bbox 153 2359 393 2414; x_wconf 84' lang='lat' dir='ltr'>praefectus</span> <span class='ocrx_word' id='word_1_264' title='bbox 439 2359 573 2416; x_wconf 87' lang='lat' dir='ltr'>copiis</span> <span class='ocrx_word' id='word_1_265' title='bbox 613 2359 874 2415; x_wconf 87' lang='lat' dir='ltr'>quibusdam</span> <span class='ocrx_word' id='word_1_266' title='bbox 916 2360 1147 2416; x_wconf 90' lang='lat' dir='ltr'>superioris</span> <span class='ocrx_word' id='word_1_267' title='bbox 1181 2359 1440 2403; x_wconf 87' lang='lat' dir='ltr'>Germaniae</span> <span class='ocrx_word' id='word_1_268' title='bbox 1485 2359 1600 2402; x_wconf 88' lang='lat' dir='ltr'>misit</span> <span class='ocrx_word' id='word_1_269' title='bbox 1648 2359 1703 2402; x_wconf 85' lang='lat' dir='ltr'>ad</span> 
     </span>
     <span class='ocr_line' id='line_1_32' title="bbox 154 2430 1701 2487; baseline 0.001 -16"><span class='ocrx_word' id='word_1_270' title='bbox 154 2430 331 2473; x_wconf 89' lang='lat' dir='ltr'>Raetica</span> <span class='ocrx_word' id='word_1_271' title='bbox 357 2431 534 2482; x_wconf 76' lang='lat' dir='ltr'>auxilia,</span> <span class='ocrx_word' id='word_1_272' title='bbox 571 2431 645 2486; x_wconf 89' lang='lat' dir='ltr'>qui</span> <span class='ocrx_word' id='word_1_273' title='bbox 671 2446 721 2474; x_wconf 89' lang='lat' dir='ltr'>ea</span> <span class='ocrx_word' id='word_1_274' title='bbox 750 2432 1047 2482; x_wconf 89' lang='lat' dir='ltr'>admonerent,</span> <span class='ocrx_word' id='word_1_275' title='bbox 1077 2440 1127 2474; x_wconf 82' lang='lat' dir='ltr'>ut</span> <span class='ocrx_word' id='word_1_276' title='bbox 1155 2432 1250 2474; x_wconf 89' lang='lat' dir='ltr'>illos</span> <span class='ocrx_word' id='word_1_277' title='bbox 1282 2448 1307 2474; x_wconf 93' lang='lat' dir='ltr'>a</span> <span class='ocrx_word' id='word_1_278' title='bbox 1335 2439 1457 2487; x_wconf 88' lang='lat' dir='ltr'>tergo</span> <span class='ocrx_word' id='word_1_279' title='bbox 1488 2431 1701 2487; x_wconf 78' lang='lat' dir='ltr'>aggrede-</span> 
     </span>
     <span class='ocr_line' id='line_1_33' title="bbox 155 2502 1704 2561; baseline 0.001 -19"><span class='ocrx_word' id='word_1_280' title='bbox 155 2509 303 2543; x_wconf 89' lang='lat' dir='ltr'>rentur</span> <span class='ocrx_word' id='word_1_281' title='bbox 327 2502 452 2556; x_wconf 85' lang='lat' dir='ltr'>(Tac.</span> <span class='ocrx_word' id='word_1_282' title='bbox 468 2503 580 2545; x_wconf 91' lang='lat' dir='ltr'>Hist.</span> <span class='ocrx_word' id='word_1_283' title='bbox 598 2503 633 2553; x_wconf 94' lang='lat' dir='ltr'>I,</span> <span class='ocrx_word' id='word_1_284' title='bbox 653 2504 741 2558; x_wconf 78' lang='lat'>67).</span> <span class='ocrx_word' id='word_1_285' title='bbox 789 2504 1002 2546; x_wconf 88' lang='lat' dir='ltr'>Alacriter</span> <span class='ocrx_word' id='word_1_286' title='bbox 1023 2511 1252 2561; x_wconf 86' lang='lat' dir='ltr'>postquam</span> <span class='ocrx_word' id='word_1_287' title='bbox 1274 2519 1358 2546; x_wconf 92' lang='lat' dir='ltr'>non</span> <span class='ocrx_word' id='word_1_288' title='bbox 1386 2504 1511 2545; x_wconf 91' lang='lat' dir='ltr'>modo</span> <span class='ocrx_word' id='word_1_289' title='bbox 1532 2503 1704 2553; x_wconf 86' lang='lat' dir='ltr'>auxilia,</span> 
     </span>
     <span class='ocr_line' id='line_1_34' title="bbox 151 2574 1705 2631; baseline 0.001 -17"><span class='ocrx_word' id='word_1_290' title='bbox 151 2584 305 2615; x_wconf 70' lang='lat' dir='ltr'>verum</span> <span class='ocrx_word' id='word_1_291' title='bbox 351 2580 440 2616; x_wconf 89' lang='lat' dir='ltr'>tota</span> <span class='ocrx_word' id='word_1_292' title='bbox 478 2574 714 2618; x_wconf 87' lang='lat' dir='ltr'>Raetorum</span> <span class='ocrx_word' id='word_1_293' title='bbox 759 2575 963 2618; x_wconf 91' lang='lat' dir='ltr'>iuventus</span> <span class='ocrx_word' id='word_1_294' title='bbox 1007 2577 1208 2626; x_wconf 90' lang='lat' dir='ltr'>advenit,</span> <span class='ocrx_word' id='word_1_295' title='bbox 1253 2576 1468 2631; x_wconf 86' lang='lat' dir='ltr'>utrimque</span> <span class='ocrx_word' id='word_1_296' title='bbox 1513 2574 1705 2617; x_wconf 85' lang='lat' dir='ltr'>Helvetii</span> 
     </span>
     <span class='ocr_line' id='line_1_35' title="bbox 156 2644 1706 2704; baseline 0.001 -17"><span class='ocrx_word' id='word_1_297' title='bbox 156 2644 298 2687; x_wconf 89' lang='lat' dir='ltr'>vexati</span> <span class='ocrx_word' id='word_1_298' title='bbox 334 2653 459 2695; x_wconf 89' lang='lat' dir='ltr'>sunt,</span> <span class='ocrx_word' id='word_1_299' title='bbox 499 2653 717 2702; x_wconf 89' lang='lat' dir='ltr'>totumque</span> <span class='ocrx_word' id='word_1_300' title='bbox 757 2648 978 2704; x_wconf 87' lang='lat' dir='ltr'>negotium</span> <span class='ocrx_word' id='word_1_301' title='bbox 1008 2655 1094 2691; x_wconf 91' lang='lat' dir='ltr'>tam</span> <span class='ocrx_word' id='word_1_302' title='bbox 1126 2648 1322 2691; x_wconf 75' lang='lat' dir='ltr'>celeriter</span> <span class='ocrx_word' id='word_1_303' title='bbox 1352 2647 1616 2697; x_wconf 90' lang='lat' dir='ltr'>confectum,</span> <span class='ocrx_word' id='word_1_304' title='bbox 1658 2654 1706 2689; x_wconf 91' lang='lat' dir='ltr'>ut</span> 
     </span>
     <span class='ocr_line' id='line_1_36' title="bbox 155 2716 1706 2777; baseline 0.002 -19"><span class='ocrx_word' id='word_1_305' title='bbox 155 2716 207 2758; x_wconf 89' lang='lat' dir='ltr'>iis</span> <span class='ocrx_word' id='word_1_306' title='bbox 236 2731 314 2759; x_wconf 91' lang='lat' dir='ltr'>nec</span> <span class='ocrx_word' id='word_1_307' title='bbox 342 2716 626 2773; x_wconf 89' lang='lat' dir='ltr'>poenitentiae</span> <span class='ocrx_word' id='word_1_308' title='bbox 651 2734 732 2761; x_wconf 90' lang='lat' dir='ltr'>nec</span> <span class='ocrx_word' id='word_1_309' title='bbox 757 2719 1016 2776; x_wconf 90' lang='lat' dir='ltr'>deprecandi</span> <span class='ocrx_word' id='word_1_310' title='bbox 1042 2728 1210 2777; x_wconf 87' lang='lat' dir='ltr'>tempus</span> <span class='ocrx_word' id='word_1_311' title='bbox 1233 2720 1420 2762; x_wconf 87' lang='lat' dir='ltr'>daretur.</span> <span class='ocrx_word' id='word_1_312' title='bbox 1468 2718 1568 2771; x_wconf 76' lang='lat' dir='ltr'>Qua</span> <span class='ocrx_word' id='word_1_313' title='bbox 1590 2725 1706 2761; x_wconf 89' lang='lat' dir='ltr'>tanta</span> 
     </span>
     <span class='ocr_line' id='line_1_37' title="bbox 157 2787 1704 2848; baseline 0.003 -19"><span class='ocrx_word' id='word_1_314' title='bbox 157 2787 370 2831; x_wconf 90' lang='lat' dir='ltr'>celeritate</span> <span class='ocrx_word' id='word_1_315' title='bbox 400 2789 560 2832; x_wconf 82' lang='lat' dir='ltr'>auxilia</span> <span class='ocrx_word' id='word_1_316' title='bbox 586 2790 658 2832; x_wconf 87' lang='lat' dir='ltr'>illa</span> <span class='ocrx_word' id='word_1_317' title='bbox 687 2791 889 2834; x_wconf 89' lang='lat' dir='ltr'>advocari</span> <span class='ocrx_word' id='word_1_318' title='bbox 918 2807 1003 2834; x_wconf 92' lang='lat' dir='ltr'>non</span> <span class='ocrx_word' id='word_1_319' title='bbox 1034 2792 1296 2848; x_wconf 87' lang='lat' dir='ltr'>potuissent,</span> <span class='ocrx_word' id='word_1_320' title='bbox 1338 2791 1421 2833; x_wconf 91' lang='lat' dir='ltr'>nisi</span> <span class='ocrx_word' id='word_1_321' title='bbox 1454 2790 1592 2832; x_wconf 89' lang='lat' dir='ltr'>eidem</span> <span class='ocrx_word' id='word_1_322' title='bbox 1623 2790 1704 2833; x_wconf 92' lang='lat' dir='ltr'>im-</span> 
     </span>
     <span class='ocr_line' id='line_1_38' title="bbox 158 2860 1705 2920; baseline 0.003 -19"><span class='ocrx_word' id='word_1_323' title='bbox 158 2860 275 2915; x_wconf 90' lang='lat' dir='ltr'>perio</span> <span class='ocrx_word' id='word_1_324' title='bbox 304 2861 560 2918; x_wconf 86' lang='lat' dir='ltr'>paruissent.</span> <span class='ocrx_word' id='word_1_325' title='bbox 608 2862 674 2904; x_wconf 90' lang='lat' dir='ltr'>Ac</span> <span class='ocrx_word' id='word_1_326' title='bbox 701 2877 809 2919; x_wconf 88' lang='lat' dir='ltr'>quae</span> <span class='ocrx_word' id='word_1_327' title='bbox 839 2863 999 2906; x_wconf 88' lang='lat' dir='ltr'>diversi</span> <span class='ocrx_word' id='word_1_328' title='bbox 1027 2871 1146 2906; x_wconf 88' lang='lat' dir='ltr'>erant</span> <span class='ocrx_word' id='word_1_329' title='bbox 1172 2863 1336 2920; x_wconf 88' lang='lat' dir='ltr'>imperii</span> <span class='ocrx_word' id='word_1_330' title='bbox 1360 2862 1507 2919; x_wconf 90' lang='lat' dir='ltr'>copiae</span> <span class='ocrx_word' id='word_1_331' title='bbox 1529 2862 1705 2919; x_wconf 90' lang='lat' dir='ltr'>suisque</span> 
     </span>
    </p>
   </div>
  </div>
 </body>
</html>
