1846 3100
566 153 620 186 De
645 155 820 187 dictatoris
849 153 1008 186 Caesaris
1035 154 1232 187 honoribus,
1592 151 1674 195 203

127 262 250 306 iure?
306 261 548 319 Scriptores
579 261 712 322 enim,
753 261 949 317 quamvis
978 261 1083 318 quid
1112 276 1191 318 pro
1221 277 1271 305 ea
1298 269 1510 319 potestate
1541 263 1678 319 egerit

129 334 287 386 dicant,
317 334 455 391 qualis
483 341 673 391 potestas
703 334 847 385 fuerit,
878 349 964 376 non
993 342 1337 377 commemorant.
1391 335 1461 378 Ac
1490 336 1677 392 primum

129 407 301 462 quidem
336 413 510 449 senatus
542 405 738 449 consulto
769 405 961 449 dandum
999 413 1110 457 erat,
1155 407 1235 449 etsi
1273 407 1424 450 urbem
1461 408 1676 459 intrasset,

127 485 177 521 ut
208 479 434 536 imperium
471 494 524 521 ne
561 479 793 530 amitteret,
836 479 951 535 quod
986 485 1131 521 utrum
1166 479 1226 522 ita
1264 479 1486 522 decretum
1517 481 1590 531 sit,
1629 488 1679 523 ut

129 551 230 594 olim
260 550 316 605 Q.
340 551 496 594 Fulvio
525 551 769 608 proconsuli
797 551 1017 594 decretum
1047 566 1142 594 esse
1169 552 1300 594 refert
1324 552 1480 596 Livius
1497 553 1676 605 XXVI,

128 624 176 675 9,
214 630 264 666 ut
299 623 339 666 ei
376 639 454 680 par
491 639 588 666 eum
629 624 879 667 consulibus
908 624 1135 680 imperium
1166 633 1301 676 esset,
1346 641 1398 668 an
1429 626 1509 668 alia
1536 627 1679 684 aliqua

127 696 289 739 ratione
323 696 564 747 nescimus,
607 696 684 739 sed
723 697 944 739 decretum
984 711 1078 739 esse
1116 705 1302 754 apparet.
1362 699 1499 742 Extra
1527 699 1678 742 urbem

128 775 272 811 autem
312 768 589 811 efficiendum
629 776 739 819 erat,
779 776 828 811 ut
863 770 981 825 quod
1018 769 1178 812 bellum
1211 768 1371 813 Caesar
1403 779 1591 827 gereret,
1632 772 1678 813 id

127 841 240 884 iuste
277 856 326 884 ac
368 841 559 897 legitime
599 856 748 898 gerere
787 841 1020 884 videretur.
1087 842 1281 884 Primum
1324 843 1568 886 Sardiniam
1605 844 1678 899 qui

129 913 402 970 Pompeianis
433 914 628 970 eriperet,
660 914 776 957 misit
808 912 859 956 C.
886 914 1110 957 Valerium
1136 914 1350 971 legatum,
1384 923 1475 957 tum
1507 915 1557 958 C.
1587 914 1677 959 Cu-

129 986 292 1029 rionem
324 987 370 1028 in
403 986 594 1029 Siciliam
629 987 820 1043 legatum
860 1002 960 1046 pro·
980 995 1172 1042 praetore
1212 985 1359 1042 (Caes.
1398 989 1495 1031 bell.
1529 989 1612 1031 civ.
1641 989 1677 1040 I,

130 1058 224 1112 30),
269 1073 340 1101 eas
383 1074 490 1115 quas
532 1060 608 1102 diu
647 1060 740 1116 ipse
782 1068 950 1103 rexerat
987 1059 1149 1102 Gallias
1190 1060 1290 1103 item
1334 1062 1487 1117 legatis
1534 1061 1680 1103 divisit

129 1133 374 1188 (comment.
406 1132 627 1189 epigraph.
656 1133 754 1176 Vol.
778 1133 824 1176 11
854 1150 895 1188 p.
922 1133 1051 1188 224),
1098 1134 1282 1190 denique
1311 1134 1459 1176 Italiae
1491 1134 1552 1176 M.
1585 1134 1678 1176 An-

129 1204 312 1254 tonium,
344 1212 436 1247 tum
464 1206 646 1247 maxime
677 1205 896 1248 tribunum
924 1206 1084 1262 plebis,
1116 1207 1337 1262 praefecit,
1371 1207 1448 1249 sed
1477 1207 1607 1262 legati
1638 1214 1679 1248 et

130 1293 205 1334 pro
233 1278 441 1334 praetoris
468 1279 561 1320 iure
585 1278 840 1334 praeditum.
898 1279 1176 1321 Proconsulis
1195 1279 1300 1321 haec
1321 1286 1433 1328 sunt,
1465 1279 1539 1320 sed
1570 1279 1678 1329 eius,

129 1351 203 1406 qui
230 1351 428 1393 omnibus
456 1351 690 1407 provinciis
715 1351 918 1407 imperet:
953 1367 1085 1407 quare
1115 1367 1199 1394 non
1228 1367 1341 1394 nova
1360 1358 1549 1408 potestas
1567 1349 1677 1394 Cae-

131 1425 215 1468 sari
252 1423 393 1466 delata
426 1431 491 1465 est
527 1424 644 1479 (nam
682 1430 723 1465 et
758 1424 988 1480 proconsul
1027 1425 1166 1467 fuerat
1205 1433 1246 1466 et
1287 1440 1339 1466 ex
1379 1424 1475 1479 lege
1506 1424 1679 1467 Vatinia

128 1503 191 1539 tot
218 1503 322 1552 quot
351 1496 435 1552 ipsi
464 1496 695 1552 placuisset
721 1497 873 1553 legatis
905 1496 966 1539 uti
991 1496 1173 1553 potuit),
1216 1496 1292 1538 sed
1328 1512 1397 1545 ea,
1442 1512 1571 1551 quam
1600 1497 1677 1538 has

127 1567 278 1619 bebat‚
331 1568 492 1610 ambitu
544 1583 593 1611 ao
625 1568 942 1624 provinciarum
980 1584 1159 1611 numero
1195 1568 1462 1624 amplificata.
1509 1568 1677 1623 ·Neque

129 1640 326 1683 definitas
363 1655 459 1683 esse
496 1640 693 1683 existimo
733 1640 995 1695 provincias,
1040 1640 1199 1695 quibus
1230 1639 1391 1683 Caesar
1425 1643 1676 1696 imperaret:

129 1727 258 1767 quam
297 1712 410 1754 enim
444 1713 635 1755 omittere
673 1720 747 1755 aut
782 1719 947 1768 poterat
976 1719 1050 1754 aut
1078 1712 1277 1755 volebat?
1335 1713 1387 1755 In
1418 1711 1676 1764 Sardiniam,

131 1785 348 1834 Siciliam,
395 1784 592 1828 Africam
630 1785 794 1842 legatos
836 1784 1049 1835 mittebat,
1092 1785 1391 1827 Macedoniam
1426 1785 1676 1840 Asiamque,

129 1858 174 1900 in
191 1874 320 1914 quam
334 1857 568 1914 Pompeius
585 1859 812 1907 invaserat,
840 1858 1092 1914 propediem
1109 1864 1198 1899 erat
1213 1857 1487 1907 liberaturus,
1515 1857 1677 1913 Hispa-

128 1931 222 1973 nias
250 1929 445 1987 petebat:
491 1930 597 1986 quid
625 1930 759 1987 igitur
788 1946 840 1973 ex
867 1930 1044 1986 imperio
1072 1929 1296 1980 universo,
1339 1929 1453 1985 quod
1484 1944 1570 1971 non
1598 1943 1676 1971 no-

129 2004 335 2047 minatum
374 2018 469 2046 esse
502 2010 654 2059 putare
694 2002 932 2059 possimus,
974 2002 1255 2057 relinquitur?
1317 2000 1441 2055 Quae
1483 2017 1580 2043 cum
1618 2001 1678 2044 ita

131 2075 228 2126 sint,
258 2075 312 2118 ab
340 2075 403 2118 M.
429 2075 619 2118 Antonio
650 2081 692 2116 et
722 2072 772 2116 C.
801 2072 954 2116 Cassio
984 2074 1068 2116 trib
1097 2073 1233 2130 pleb.,
1264 2074 1442 2124 iisdem,
1474 2073 1548 2128 qui
1577 2073 1676 2114 reli·
1725 2089 1743 2099 -’

129 2163 216 2203 qua
253 2155 356 2190 tunc
394 2147 600 2204 agebant,
642 2148 783 2203 legem
821 2147 949 2188 latam
989 2161 1084 2188 esse
1118 2146 1479 2196 existimabimus,
1518 2145 1562 2186 in
1593 2160 1678 2200 qua

131 2220 241 2262 duae
269 2219 348 2262 hae
376 2234 444 2262 res
471 2220 802 2269 continerentur,
830 2218 1016 2274 primum
1041 2224 1091 2258 ut
1118 2218 1235 2272 quod
1263 2217 1489 2273 imperium
1518 2215 1678 2259 Caesar

130 2291 324 2342 haberet,
367 2292 412 2333 id
443 2292 487 2333 in
519 2292 626 2334 urbe
658 2292 752 2348 ipsa
778 2291 1002 2339 retineret,
1038 2289 1194 2331 deinde
1224 2296 1272 2331 ut
1300 2297 1467 2345 praeter
1497 2288 1676 2339 Gallias,

132 2379 237 2418 quas
269 2363 466 2414 habebat,
496 2364 621 2406 Italia
649 2378 822 2419 quoque
850 2363 1123 2417 reliquaeque
1151 2361 1397 2417 provinciae
1431 2361 1468 2402 ei
1501 2361 1676 2417 permit-

131 2443 334 2478 terentur.
400 2436 544 2492 Atque
572 2436 677 2479 haec
704 2436 764 2478 ita
794 2451 888 2479 esse
920 2436 1006 2478 lata
1037 2434 1250 2491 significat
1280 2434 1365 2475 Dio
1397 2431 1521 2476 Cass.
1549 2433 1675 2483 XLI,

136 2507 208 2549 17:
250 2506 457 2551 Τοσούτου
489 2525 532 2550 τε
564 2509 736 2564 ἐδέησαν
766 2509 815 2550 τὰ
843 2509 1034 2564 χρήματα
1067 2507 1092 2548 ἃ
1125 2506 1324 2561 ὑπέσχετο
1360 2506 1483 2560 σφίσι,
1515 2505 1605 2547 τότε
1630 2520 1675 2560 γε

117 2580 296 2636 λαβεῖν,
339 2582 443 2622 ὥστε
478 2582 545 2623 καὶ
582 2581 711 2623 τᾶλλα
744 2581 782 2621 οἱ
811 2580 956 2631 πάνθ’,
1002 2579 1080 2620 ὅσα
1111 2578 1151 2618 ἐν
1181 2576 1239 2633 τῷ
1271 2577 1455 2632 δημοσίῳ
1484 2578 1547 2632 ἦν,
1577 2578 1678 2632 πρὸς

132 2652 202 2706 τὴν
232 2654 310 2692 τῶν
342 2658 608 2707 στρατιωτῶν,
645 2653 715 2698 οὓς
743 2653 984 2709 ἐφοβοῦντο,
1013 2650 1165 2706 τροφὴν
1198 2647 1359 2690 ἔδοσαν.
1416 2649 1561 2691 Unam
1587 2663 1676 2690 rem

131 2724 333 2774 nominat,
357 2739 466 2780 quae
494 2726 623 2772 fuerit
648 2725 691 2767 in
718 2726 828 2781 lege,
861 2725 938 2767 sed
970 2723 1006 2766 si
1034 2723 1116 2765 fuit
1145 2722 1198 2764 de
1226 2721 1410 2778 pecunia
1433 2721 1488 2764 ad
1515 2721 1675 2763 bellum

132 2795 384 2846 necessaria,
416 2803 528 2838 certe
557 2812 643 2840 non
672 2798 813 2840 minus
845 2798 899 2840 de
926 2797 1022 2853 ipso
1051 2795 1152 2838 belli
1182 2793 1371 2850 imperi0,
1403 2801 1610 2848 quantum
1634 2801 1676 2836 et

133 2869 257 2924 quale
278 2883 372 2911 esse
389 2876 614 2924 oporteret,
642 2869 736 2918 fuit,
761 2869 1134 2925 intelligemusque
1156 2882 1240 2909 non
1262 2865 1368 2907 illud
1390 2865 1531 2916 modo,
1557 2866 1675 2921 quod
