1846 3100
165 146 247 211 230
603 170 657 202 De
684 170 859 202 dictatoris
885 169 1044 202 Caesaris
1070 170 1267 202 honoribus.

164 278 349 321 faciendi
375 293 470 321 esse
496 277 736 327 videantur,
764 277 1108 333 praetermittam,
1139 278 1390 330 Eckhelius‚
1419 280 1486 322 vir
1513 279 1709 322 eruditus

165 358 291 406 atque
316 351 525 407 imprimis
552 356 792 399 accuratus,
823 349 867 391 in
894 349 1029 392 doctr.
1056 366 1217 392 numm.
1248 350 1345 394 Vol.
1362 352 1427 395 VI
1452 368 1494 409 p.
1515 352 1564 395 14
1593 360 1709 408 post-

164 438 293 479 quam
332 423 465 464 multa
507 421 560 463 de
603 420 802 463 Caesaris
845 421 1068 464 dictaturis
1113 423 1372 479 disputavit,
1416 425 1586 466 tandem
1626 425 1710 467 huc

165 495 359 544 devenit,
400 501 450 536 ut
488 509 587 536 eum
625 501 819 549 quartam
857 493 1110 536 dictaturam
1149 502 1330 537 exeunte
1362 511 1473 538 anno
1503 497 1577 547 45,
1618 504 1709 538 tum

164 582 310 621 mense
349 568 440 609 fere
474 566 711 608 Februario
750 565 848 607 anni
882 565 934 608 44
976 566 1230 609 dictaturam
1267 575 1539 624 perpetuam,
1581 584 1709 625 quam

164 655 240 696 pro
269 639 419 694 quinta
444 638 567 693 quasi
593 645 801 687 numerat,
835 638 1077 694 suscepisse
1108 646 1276 681 statuat.
1336 639 1468 693 Quod
1496 641 1710 696 quomodo

165 711 353 754 effecerit
393 710 641 766 singillatim
678 710 877 765 persequi
919 725 968 752 ac
1007 711 1192 752 refutare
1230 720 1271 753 et
1307 711 1486 768 longum
1526 720 1592 755 est
1634 729 1711 756 nec

166 783 326 839 suscipi
362 782 499 838 possit
534 797 558 823 a
591 782 736 832 nobis,
778 782 862 824 nisi
903 783 1037 825 multa
1072 799 1124 825 ex
1162 783 1214 824 iis
1252 798 1362 839 quae
1400 792 1496 840 post
1529 785 1711 828 dicenda

165 864 283 906 sunt,
325 869 598 911 occupemus.
654 851 784 896 Illud'
801 870 900 896 vero
928 863 1068 898 tacere
1097 871 1181 897 non
1213 855 1442 906 debemus,
1482 857 1526 898 in
1561 858 1711 913 quinta

165 928 350 984 quadam
379 927 611 982 eademque
637 934 844 982 perpetua
869 927 1080 970 dictatura
1107 928 1392 983 excogitanda
1411 944 1588 985 prorsus
1609 945 1708 973 eum

165 1017 262 1043 cum
292 999 515 1043 marmoris
538 996 749 1041 Colotiani
779 999 1029 1042 auctoritate
1060 1015 1266 1056 pugnare,
1297 1002 1341 1042 in
1368 1016 1453 1057 quo
1475 1017 1573 1044 cum
1592 1003 1710 1046 nulla

163 1074 318 1115 lacuna
353 1073 431 1123 sit,
474 1072 549 1114 sed
591 1087 736 1114 omnes
777 1071 830 1114 ab
862 1086 972 1114 anno
1003 1072 1055 1114 45
1088 1073 1363 1128 magistratus
1395 1083 1708 1127 recenseantur,

163 1146 222 1188 ita
252 1145 457 1201 scriptum
485 1145 716 1201 reperitur:

221 1216 271 1259 C·
301 1215 525 1260 IVLIVS·
556 1215 812 1258 CAESAR·
841 1217 944 1258 IIII·
976 1216 1114 1259 SINE
1144 1216 1454 1261 CONLEGA·
1483 1218 1590 1261 DIC

221 1289 326 1332 SVF
357 1289 412 1343 Q·
444 1287 680 1331 FABIVS·
711 1288 941 1330 MAXIM·
971 1288 1022 1331 C·
1050 1288 1411 1333 TREBONIVS·
1443 1289 1494 1333 C·
1524 1291 1575 1333 F-

333 1360 383 1404 C·
414 1359 718 1403 CANINIVS·
751 1359 801 1403 C·
831 1361 868 1402 F

218 1434 440 1476 IVLIVS·
468 1430 726 1475 CAESAR·
755 1431 917 1474 DICT-
944 1433 1020 1475 IV·
1049 1433 1110 1475 M·
1137 1433 1450 1477 AEMILIVS·
1478 1434 1540 1476 M·
1568 1434 1654 1488 ΕΩ

219 1505 270 1548 e.
301 1506 523 1548 IVLIVS·
555 1504 811 1547 CAESAR·
839 1493 892 1547 V.
1075 1505 1137 1547 M·
1166 1505 1491 1550 ANTONIVS·
1523 1507 1584 1548 M·
1614 1507 1652 1548 F

217 1578 323 1620 SVF
355 1578 405 1619 P·
438 1576 801 1620 CORNELIVS·
834 1578 883 1619 P·
918 1578 952 1618 F

161 1650 291 1692 Nulla
330 1651 374 1691 in
411 1650 477 1692 his
517 1665 615 1692 cum
653 1650 727 1692 fiat
767 1649 939 1704 quintae
976 1649 1211 1692 dictaturae
1251 1651 1431 1701 mentio,
1475 1665 1584 1707 quae
1617 1651 1653 1693 si
1683 1666 1708 1693 a

163 1720 349 1765 Caesare
378 1722 483 1764 init-a
511 1737 561 1764 ac
588 1723 657 1764 vel
683 1737 759 1778 per
783 1722 914 1764 breve
946 1729 1113 1776 tempus
1137 1730 1259 1777 gesta
1278 1733 1404 1773 esset,
1436 1723 1570 1765 omitti
1588 1723 1706 1765 nullo

161 1794 290 1836 modo
319 1795 471 1851 potuit,
501 1794 715 1850 praeclare
746 1795 954 1835 fastorum
980 1792 1321 1849 Capitolinorum
1349 1796 1579 1837 auctoritas
1605 1810 1706 1837 con-

160 1868 367 1917 firmatur,
398 1867 472 1922 qui
502 1866 602 1908 licet
630 1866 712 1908 hoc
740 1866 835 1907 loco
854 1865 906 1908 ab
925 1866 1057 1907 altera
1076 1873 1194 1921 parte
1213 1866 1349 1907 mutili
1367 1866 1464 1917 sint,
1490 1867 1550 1909 ita
1565 1876 1705 1909 tamen

160 1939 259 1981 anni
279 1939 331 1981 44
363 1939 561 1981 consules
594 1954 692 1980 cum
724 1938 988 1993 insequentis
1018 1937 1117 1978 anni
1147 1938 1397 1980 consulibus
1429 1939 1705 1995 coniungunt,

160 2019 209 2053 ut
223 2012 340 2053 nulla
356 2026 490 2053 novae
509 2011 744 2053 dictaturae
773 2010 959 2066 suspicio
986 2010 1147 2052 moveri
1167 2011 1312 2065 possit.
1357 2009 1546 2053 Omnino
1563 2019 1706 2054 autem

160 2085 332 2140 quintae
371 2083 607 2126 dictaturae
642 2082 840 2125 Caesaris
882 2099 967 2125 una
1005 2089 1168 2124 tantum
1208 2082 1420 2139 reperitur
1451 2097 1705 2125 commemo-

159 2156 267 2198 ratio
304 2156 419 2212 apud
459 2156 644 2197 Dionem
669 2154 851 2204 XLIII,
883 2155 958 2196 49:
1005 2153 1074 2210 Τῷ
1108 2155 1152 2195 δὲ
1181 2154 1369 2210 ἐχομένῳ
1401 2154 1501 2206 ἔτει,
1547 2156 1586 2196 ἐν
1620 2154 1654 2212 ᾧ
1682 2158 1703 2198 ὁ

161 2227 320 2284 Καῖσαρ
353 2227 670 2283 ἐδικτατώρευσέ
702 2243 744 2268 τε
776 2228 862 2282 ἅμα
891 2228 933 2268 τὸ
966 2226 1168 2281 πέμπτον,
1200 2227 1401 2282 ἵππαρχον
1431 2228 1497 2268 τὸν
1529 2227 1703 2268 Λέπιδον

159 2302 400 2357 προςλαβὼν
444 2301 511 2341 καὶ
557 2300 758 2340 ὑπάτευσε
795 2299 838 2339 τὸ
879 2298 1059 2353 πέμπτον
1099 2300 1352 2353 συνάρχοντα
1388 2299 1454 2339 τὸν
1487 2298 1703 2340 Ἀντώνιον

159 2372 477 2427 προςελόμενος,
520 2372 564 2413 in
600 2370 758 2426 quibus
797 2376 991 2426 apertum
1032 2369 1230 2412 videatur
1267 2385 1362 2412 esse
1398 2370 1703 2421 testimonium,

159 2443 275 2498 quod
314 2443 456 2485 hercle
495 2458 592 2485 cum
622 2443 710 2484 Dio
749 2457 802 2483 ex
841 2442 1039 2484 omnibus
1083 2442 1156 2496 qui
1195 2449 1339 2484 extant
1370 2442 1618 2485 auctoribus
1649 2442 1703 2485 de

159 2515 394 2557 honoribus
425 2513 600 2558 Caesari
631 2514 787 2556 habitis
818 2513 1062 2569 plenissime
1093 2515 1269 2564 referat,
1302 2529 1570 2569 nequaquam
1602 2529 1703 2556 con-

159 2587 434 2629 temnendum
459 2602 553 2629 esse
580 2602 789 2629 censeam.
835 2585 1125 2627 Veruntamen
1148 2601 1404 2642 magnopere
1423 2586 1603 2629 dubium
1624 2595 1702 2636 est,

159 2675 261 2701 num
291 2659 511 2715 scripserit
539 2659 598 2701 ita
624 2659 712 2701 Dio
740 2671 820 2699 nec
846 2654 1119 2699 librariorum
1150 2660 1276 2715 culpa
1312 2659 1548 2709 addiderit,
1585 2659 1702 2713 quod

160 2732 196 2774 si
233 2731 287 2774 ab
324 2732 419 2788 ipso
453 2732 690 2787 profectum
731 2735 865 2778 esset,
908 2729 1072 2771 crimini
1101 2731 1139 2772 ei
1168 2731 1354 2773 daretur.
1401 2730 1563 2773 Omnes
1590 2731 1702 2772 enim

158 2811 324 2845 veteres
355 2803 564 2845 editiones
594 2816 644 2844 ac
674 2801 844 2844 codices
876 2802 1069 2843 nonnulli
1104 2818 1212 2858 quae
1241 2803 1352 2844 inter
1379 2802 1497 2859 prius
1528 2804 1571 2844 τὸ
1603 2802 1700 2857 πέμ-

160 2890 255 2915 πτον
288 2882 329 2916 et
359 2874 468 2916 inter
496 2875 673 2916 alterum
705 2873 922 2915 interiecta
951 2881 1064 2924 sunt,
1096 2874 1308 2925 omittunt,
1338 2882 1383 2916 ut
1416 2889 1513 2916 cum
1538 2880 1702 2930 pugnet
