1846 3100
585 139 640 172 De
662 138 774 172 Gallia
796 139 1029 171 Romanorum
1058 138 1242 180 provincia.
1636 136 1686 179 41

141 251 363 293 attributas
381 253 620 305 municipiis
643 253 730 305 lege
746 252 937 303 Pompeia
964 249 1167 291 referens.
1197 247 1305 290 Nam
1322 248 1438 303 quod
1454 245 1690 305 Savignius

140 324 168 366 l.
201 323 228 366 l.
257 339 299 380 p.
332 322 427 373 326,
459 323 576 378 quod
605 322 799 365 civitates
827 321 954 364 Latio
982 322 1197 378 praeditae
1224 320 1458 376 municipia
1487 321 1691 378 appellari

140 410 226 438 non
252 402 440 452 possent,
479 395 533 438 de
561 395 645 437 alio
672 393 859 450 quodam
886 393 1117 450 Pompeio,
1155 393 1274 436 velut
1299 407 1386 435 cos.
1412 393 1512 434 anni
1540 393 1592 440 35
1622 393 1691 435 vel

142 468 190 510 31
222 484 261 511 a.
289 466 392 510 Chr.
434 467 502 509 vel
535 467 584 509 14
615 482 658 523 p.
689 465 792 509 Chr.
832 466 1013 522 cogitat,
1055 480 1135 508 nec
1164 465 1339 508 difficile
1377 465 1495 507 factu
1528 465 1605 515 sit,
1643 473 1692 507 ut

141 555 287 583 omnes
303 539 397 582 illos
415 539 544 582 huius
568 539 678 595 legis
694 547 888 581 auctores
911 553 1006 581 esse
1020 553 1106 580 non
1120 553 1248 595 posse
1270 537 1627 588 demonstremus,
1651 544 1693 580 et

141 611 374 668 municipia
400 611 527 654 etiam
553 611 599 653 in
625 610 936 667 Transpadana
967 609 1110 653 Gallia
1138 610 1273 653 fuisse
1305 625 1436 666 supra
1463 609 1690 652 docuimus

141 691 183 727 et
211 683 396 739 denique
425 682 594 726 Plinius
635 698 689 725 ex
725 698 827 725 suae
863 683 1012 725 aetatis
1049 698 1133 725 usu
1169 683 1342 726 videtur
1384 682 1553 733 dicere,
1595 697 1693 724 cum

140 771 248 812 quae
289 756 483 799 civitates
524 771 600 812 per
641 755 800 798 bellum
836 755 1073 798 Marsicum
1115 755 1391 798 Latinitatem
1426 762 1691 812 acceperant,

141 828 308 870 dudum
348 828 391 869 in
430 829 567 885 ipsam
603 828 816 870 civitatem
856 835 1050 884 receptae
1089 834 1221 870 erant.
1286 826 1375 870 Sed
1411 842 1522 883 quae
1552 834 1693 869 tamen

142 908 205 944 est
233 901 305 943 illa
334 901 434 943 lex?
494 900 581 943 Vix
612 901 723 943 enim
753 900 878 943 video
908 900 1000 943 fieri
1035 900 1251 956 potuisse,
1283 907 1332 941 ut
1365 900 1433 942 hic
1459 898 1540 942 Cn.
1565 899 1692 941 Pom-

140 973 263 1030 peius
295 973 473 1015 similem
502 973 685 1028 aliquam
713 974 853 1030 legem
895 973 1024 1015 ferret
1060 979 1186 1027 atque
1220 972 1319 1015 illae
1349 973 1546 1021 fuerunt,
1586 986 1693 1026 quas

141 1046 193 1088 L.
225 1044 387 1088 Caesar
415 1053 457 1088 et
486 1045 547 1087 illi
579 1046 740 1089 tribuni
766 1044 905 1102 plebis
935 1051 1210 1100 rogaverunt.
1251 1043 1477 1100 Siquidem
1506 1059 1559 1085 ex
1585 1042 1692 1085 urbe

141 1119 359 1175 profectus
388 1125 453 1161 est
481 1118 683 1161 continuo
710 1125 938 1174 postquam
969 1117 1239 1160 consulatum
1265 1116 1382 1166 iniit;
1412 1132 1511 1159 nam
1530 1116 1573 1158 in
1599 1116 1694 1172 ipsa

140 1191 277 1234 hieme
295 1191 523 1247 Appianus
553 1190 651 1233 bell.
680 1191 761 1233 civ.
788 1191 822 1240 I,
855 1190 908 1232 50
937 1189 990 1232 ab
1015 1204 1064 1232 eo
1084 1189 1228 1232 hostes
1260 1188 1314 1231 ad
1345 1204 1459 1231 mare
1490 1204 1694 1244 superum

142 1278 298 1320 magno
314 1264 476 1320 proelio
503 1264 640 1306 victos
671 1278 766 1305 esse
794 1269 962 1312 narrat3
995 1262 1160 1304 redisse
1191 1268 1332 1304 autem
1356 1277 1454 1304 eum
1477 1261 1522 1303 in
1543 1261 1694 1303 urbem

143 1351 196 1377 ex
223 1336 346 1379 fastis
378 1336 680 1393 cognoscimus
699 1351 735 1377 a.
758 1335 799 1376 d.
816 1334 881 1377 VI
895 1334 961 1376 Id.
977 1335 1067 1377 Ian.
1095 1334 1151 1377 ad
1179 1334 1443 1391 triumphum
1476 1333 1695 1390 agendum

142 1408 395 1464 comitiaque
425 1408 605 1464 proximi
635 1407 734 1449 anni
763 1406 974 1448 habenda.
1029 1405 1217 1460 Quando
1248 1407 1382 1464 igitur
1409 1407 1554 1449 tulerit
1585 1406 1696 1449 hanc

140 1481 294 1537 legem,
326 1495 409 1523 non
436 1480 616 1536 reperio.
674 1478 764 1521 Sed
790 1478 978 1535 potuerit
1007 1479 1132 1529 ferre,
1158 1486 1206 1521 ut
1230 1495 1314 1522 non
1342 1480 1495 1536 potuit,
1526 1480 1695 1535 qualem

141 1554 312 1596 tandem
339 1568 431 1595 eam
459 1552 596 1595 fuisse
627 1551 865 1607 putamus?
895 1551 1064 1594 Plinius
1097 1567 1147 1595 ea
1177 1551 1385 1606 quosdam
1413 1553 1596 1608 populos
1615 1550 1695 1594 Al-

141 1625 265 1682 pinos
296 1625 540 1681 municipiis
557 1624 717 1667 Italicis
747 1622 976 1666 attributos
1009 1638 1104 1666 esse
1137 1623 1287 1666 scribit
1303 1623 1331 1666 i.
1351 1639 1388 1666 e.
1416 1638 1490 1666 eos
1518 1623 1577 1665 ita
1599 1639 1694 1666 esse

141 1698 185 1739 in
214 1698 366 1740 horum
387 1697 456 1739 ius
473 1712 523 1739 ac
536 1703 787 1753 potestatem
803 1696 1015 1746 redactos,
1044 1703 1092 1738 ut
1109 1696 1192 1752 ipsi
1210 1696 1370 1738 nullam
1386 1695 1694 1752 rempublicam

140 1769 366 1820 haberent,
399 1769 475 1811 sed
503 1785 528 1810 a
556 1769 797 1824 praefectis,
832 1784 939 1824 quos
970 1768 1222 1811 decuriones
1252 1768 1583 1824 municipiorum
1609 1768 1693 1810 iuri

141 1841 330 1884 dicundo
351 1841 672 1898 praefecissent,
692 1848 956 1896 regerentur.
1001 1840 1062 1882 At
1082 1840 1163 1883 hoc
1178 1840 1393 1895 huiusque
1413 1840 1566 1882 similia
1581 1855 1692 1882 nun—

141 1929 268 1970 quam
294 1915 339 1956 in
356 1915 534 1971 imperio
549 1914 739 1956 Romano
768 1913 821 1955 iis
853 1912 1024 1969 legibus
1054 1913 1286 1955 constituta
1316 1920 1429 1962 sunt,
1462 1927 1568 1968 quas
1602 1913 1695 1970 ipse

144 1987 329 2044 populus
354 1987 514 2029 Romae
546 1986 778 2036 sanxisset3
806 1985 1071 2038 pertinebant
1099 1985 1209 2027 enim
1234 1986 1289 2027 ad
1318 1985 1598 2042 provincialia
1626 1987 1695 2028 vel

145 2059 419 2115 municipalia
437 2059 644 2109 instituta,
668 2074 777 2114 quae
796 2058 879 2100 nisi
904 2057 958 2100 ab
977 2073 1026 2100 co
1043 2058 1116 2113 qui
1133 2057 1177 2099 in
1194 2057 1301 2099 locis
1317 2058 1422 2113 ipsis
1438 2065 1694 2109 versaretur,

142 2138 256 2174 recte
285 2131 573 2173 administrari
601 2131 838 2186 nequirent.
882 2130 1086 2185 Longum
1104 2135 1168 2171 est
1185 2129 1295 2171 hanc
1322 2144 1411 2171 rem
1431 2131 1695 2186 argumentis

141 2209 267 2259 atque
297 2203 517 2259 exemplis,
557 2217 665 2258 quae
694 2202 877 2259 plurima
905 2201 1188 2258 reperiuntur,
1219 2202 1530 2253 demonstrare,
1567 2219 1695 2259 quam

142 2275 215 2330 qui
259 2275 464 2317 rationem
508 2274 744 2316 Romanam
782 2274 1005 2330 paululum
1052 2273 1235 2324 tenebit,
1280 2274 1405 2316 facile
1452 2275 1694 2331 perspiciet.

145 2346 375 2401 Nunquam
409 2346 508 2388 dico
548 2361 598 2388 eo
627 2346 800 2401 quidem
829 2353 1043 2403 tempore,
1085 2362 1169 2402 quo
1205 2346 1432 2402 imperium
1456 2347 1695 2390 Romanum

143 2418 271 2460 latius
294 2417 478 2474 patebat,
508 2416 813 2474 rempublicam
843 2418 974 2461 ullius
1004 2419 1188 2461 civitatis
1209 2417 1262 2459 ab
1281 2425 1431 2460 senatu
1449 2420 1694 2475 populoque

145 2490 336 2532 Romano
364 2490 424 2532 ita
451 2505 545 2532 esse
574 2490 862 2541 constitutam,
891 2497 940 2532 ut
969 2491 1006 2533 is
1023 2491 1116 2548 ipse
1145 2490 1250 2546 quid
1267 2489 1321 2532 de
1337 2505 1505 2546 quaque
1530 2507 1575 2532 re
1602 2491 1695 2534 fieri

146 2562 332 2617 placeret
363 2561 683 2617 praescriberet,
712 2562 789 2605 sed
815 2562 882 2605 vir
905 2562 990 2605 fide
1011 2563 1171 2619 dignus
1186 2563 1478 2618 locorumque,
1511 2577 1694 2618 quorum

147 2648 216 2675 res
247 2633 469 2690 agebatur,
497 2634 663 2690 peritus
693 2634 956 2690 eligebatur:
995 2635 1034 2677 ei
1058 2634 1353 2686 mandabatur,
1382 2642 1430 2676 ut
1460 2635 1576 2689 quod
1609 2634 1693 2690 ipsi

146 2705 407 2760 consilioque
440 2705 547 2755 eius,
576 2705 668 2748 sive
698 2706 744 2748 id
773 2706 865 2762 ipse
886 2707 1071 2764 elegerat
1096 2707 1187 2750 sive
1202 2707 1340 2750 Roma
1356 2707 1510 2748 missos
1525 2706 1692 2762 legatos

145 2786 390 2834 acceperat,
419 2777 677 2834 placuisset,
705 2778 751 2820 id
783 2779 1083 2830 constitueret,
1119 2794 1249 2835 quare
1278 2779 1366 2821 fere
1392 2792 1565 2834 praeses
1593 2793 1692 2834 pro-

146 2850 312 2893 vinciae
338 2849 407 2893 vel
443 2849 518 2905 qui
547 2850 751 2907 populum
782 2850 964 2907 aliquem
995 2851 1156 2894 vicerat
1188 2851 1366 2907 eiusque
1403 2850 1588 2893 rationes
1621 2864 1693 2893 co-
