<?xml version="1.0" encoding="UTF-8"?>
<!DOCTYPE html PUBLIC "-//W3C//DTD XHTML 1.0 Transitional//EN"
    "http://www.w3.org/TR/xhtml1/DTD/xhtml1-transitional.dtd">
<html xmlns="http://www.w3.org/1999/xhtml" xml:lang="en" lang="en">
 <head>
  <title>
</title>
<meta http-equiv="Content-Type" content="text/html;charset=utf-8" />
  <meta name='ocr-system' content='tesseract 3.04.00' />
  <meta name='ocr-capabilities' content='ocr_page ocr_carea ocr_par ocr_line ocrx_word'/>
</head>
<body>
  <div class='ocr_page' id='page_1' title='image "./studiaromanasive00zump_0403.png"; bbox 0 0 1846 3100; ppageno 0'>
   <div class='ocr_carea' id='block_1_1' title="bbox 155 366 1706 470">
    <p class='ocr_par' dir='ltr' id='par_1_1' title="bbox 155 366 1706 470">
     <span class='ocr_line' id='line_1_1' title="bbox 266 366 1706 424; baseline -0.003 -11"><span class='ocrx_word' id='word_1_1' title='bbox 266 371 317 412; x_wconf 91' lang='lat' dir='ltr'>In</span> <span class='ocrx_word' id='word_1_2' title='bbox 352 370 388 413; x_wconf 87' lang='lat' dir='ltr'><strong>F</strong></span> <span class='ocrx_word' id='word_1_3' title='bbox 400 386 422 413; x_wconf 93' lang='lat' dir='ltr'>e</span> <span class='ocrx_word' id='word_1_4' title='bbox 431 385 453 412; x_wconf 87' lang='lat' dir='ltr'>r</span> <span class='ocrx_word' id='word_1_5' title='bbox 464 370 506 412; x_wconf 89' lang='lat' dir='ltr'>d.</span> <span class='ocrx_word' id='word_1_6' title='bbox 544 370 586 412; x_wconf 95' lang='lat' dir='ltr'>D</span> <span class='ocrx_word' id='word_1_7' title='bbox 598 376 625 412; x_wconf 78' lang='grc' dir='ltr'>ἱὶ</span> <span class='ocrx_word' id='word_1_8' title='bbox 637 385 678 411; x_wconf 92' lang='lat' dir='ltr'>m</span> <span class='ocrx_word' id='word_1_9' title='bbox 689 369 755 411; x_wconf 92' lang='lat' dir='ltr'>ml</span> <span class='ocrx_word' id='word_1_10' title='bbox 766 383 788 411; x_wconf 90' lang='lat' dir='ltr'>e</span> <span class='ocrx_word' id='word_1_11' title='bbox 798 384 819 411; x_wconf 86' lang='lat' dir='ltr'>r</span> <span class='ocrx_word' id='word_1_12' title='bbox 833 369 842 386; x_wconf 93' lang='lat'>&#39;</span> <span class='ocrx_word' id='word_1_13' title='bbox 854 384 873 411; x_wconf 81' lang='lat' dir='ltr'>s</span> <span class='ocrx_word' id='word_1_14' title='bbox 909 367 1439 424; x_wconf 83' lang='lat' dir='ltr'>Verlagsbuchhandlung</span> <span class='ocrx_word' id='word_1_15' title='bbox 1477 368 1520 409; x_wconf 93' lang='lat' dir='ltr'>in</span> <span class='ocrx_word' id='word_1_16' title='bbox 1560 366 1706 410; x_wconf 82' lang='lat' dir='ltr'><strong>Berlin</strong></span> 
     </span>
     <span class='ocr_line' id='line_1_2' title="bbox 155 427 557 470; baseline -0.005 0"><span class='ocrx_word' id='word_1_17' title='bbox 155 427 254 470; x_wconf 85' lang='lat' dir='ltr'>sind</span> <span class='ocrx_word' id='word_1_18' title='bbox 283 427 557 470; x_wconf 73' lang='lat' dir='ltr'>erechienen:</span> 
     </span>
    </p>
   </div>
   <div class='ocr_carea' id='block_1_2' title="bbox 153 551 1704 662">
    <p class='ocr_par' dir='ltr' id='par_1_2' title="bbox 153 551 1704 662">
     <span class='ocr_line' id='line_1_3' title="bbox 153 551 1704 606; baseline -0.004 -12"><span class='ocrx_word' id='word_1_19' title='bbox 153 553 332 606; x_wconf 79' lang='lat' dir='ltr'>Zumptii</span> <span class='ocrx_word' id='word_1_20' title='bbox 361 553 482 606; x_wconf 84' lang='lat' dir='ltr'>(Aug.</span> <span class='ocrx_word' id='word_1_21' title='bbox 511 552 673 599; x_wconf 82' lang='lat' dir='ltr'>Wilh.)‚</span> <span class='ocrx_word' id='word_1_22' title='bbox 713 553 1095 591; x_wconf 83' lang='lat' dir='ltr'>commentationum</span> <span class='ocrx_word' id='word_1_23' title='bbox 1131 551 1478 602; x_wconf 87' lang='lat' dir='ltr'>epigraphicarum</span> <span class='ocrx_word' id='word_1_24' title='bbox 1513 551 1564 588; x_wconf 88' lang='lat' dir='ltr'>ad</span> <span class='ocrx_word' id='word_1_25' title='bbox 1604 551 1704 589; x_wconf 89' lang='lat' dir='ltr'>anti-</span> 
     </span>
     <span class='ocr_line' id='line_1_4' title="bbox 268 607 1611 662; baseline -0.002 -14"><span class='ocrx_word' id='word_1_26' title='bbox 268 611 441 662; x_wconf 82' lang='lat' dir='ltr'>quitates</span> <span class='ocrx_word' id='word_1_27' title='bbox 470 610 680 649; x_wconf 86' lang='lat' dir='ltr'>Romanas</span> <span class='ocrx_word' id='word_1_28' title='bbox 711 608 995 659; x_wconf 86' lang='lat' dir='ltr'>pertinentium</span> <span class='ocrx_word' id='word_1_29' title='bbox 1027 608 1227 647; x_wconf 84' lang='lat' dir='ltr'>volumen.</span> <span class='ocrx_word' id='word_1_30' title='bbox 1291 608 1410 647; x_wconf 80' lang='lat'>1850.</span> <span class='ocrx_word' id='word_1_31' title='bbox 1467 607 1490 645; x_wconf 93' lang='grc'>4</span> <span class='ocrx_word' id='word_1_32' title='bbox 1520 609 1611 656; x_wconf 89' lang='lat' dir='ltr'>maj.</span> 
     </span>
    </p>
   </div>
   <div class='ocr_carea' id='block_1_3' title="bbox 1335 663 1704 715">
    <p class='ocr_par' dir='ltr' id='par_1_3' title="bbox 1335 663 1704 715">
     <span class='ocr_line' id='line_1_5' title="bbox 1335 663 1704 715; baseline -0.003 -12"><span class='ocrx_word' id='word_1_33' title='bbox 1335 665 1358 703; x_wconf 89' lang='lat'>5</span> <span class='ocrx_word' id='word_1_34' title='bbox 1389 664 1500 702; x_wconf 78' lang='lat' dir='ltr'>Thlr.</span> <span class='ocrx_word' id='word_1_35' title='bbox 1540 665 1588 702; x_wconf 91' lang='lat'>10</span> <span class='ocrx_word' id='word_1_36' title='bbox 1615 663 1704 715; x_wconf 79' lang='lat' dir='ltr'>sgr.</span> 
     </span>
    </p>
   </div>
   <div class='ocr_carea' id='block_1_4' title="bbox 334 727 1706 907">
    <p class='ocr_par' dir='ltr' id='par_1_4' title="bbox 334 727 1706 907">
     <span class='ocr_line' id='line_1_6' title="bbox 399 727 1706 770; baseline -0.002 -9"><span class='ocrx_word' id='word_1_37' title='bbox 399 729 529 761; x_wconf 83' lang='lat' dir='ltr'>Inhalt:</span> <span class='ocrx_word' id='word_1_38' title='bbox 563 728 744 761; x_wconf 85' lang='lat' dir='ltr'>Fastorum</span> <span class='ocrx_word' id='word_1_39' title='bbox 768 729 1019 770; x_wconf 81' lang='lat' dir='ltr'>municipalium</span> <span class='ocrx_word' id='word_1_40' title='bbox 1044 727 1296 770; x_wconf 79' lang='lat' dir='ltr'>Campanorum</span> <span class='ocrx_word' id='word_1_41' title='bbox 1319 727 1548 768; x_wconf 81' lang='lat' dir='ltr'>fragmentum</span> <span class='ocrx_word' id='word_1_42' title='bbox 1571 727 1706 759; x_wconf 85' lang='lat' dir='ltr'>restitu-</span> 
     </span>
     <span class='ocr_line' id='line_1_7' title="bbox 335 773 1706 816; baseline -0.002 -9"><span class='ocrx_word' id='word_1_43' title='bbox 335 780 406 808; x_wconf 80' lang='lat' dir='ltr'>tum</span> <span class='ocrx_word' id='word_1_44' title='bbox 439 780 473 807; x_wconf 85' lang='lat' dir='ltr'>et</span> <span class='ocrx_word' id='word_1_45' title='bbox 508 775 721 816; x_wconf 78' lang='lat' dir='ltr'>explicatum.</span> <span class='ocrx_word' id='word_1_46' title='bbox 754 792 794 796; x_wconf 91' lang='lat'><strong>—</strong></span> <span class='ocrx_word' id='word_1_47' title='bbox 823 774 878 805; x_wconf 90' lang='lat' dir='ltr'>De</span> <span class='ocrx_word' id='word_1_48' title='bbox 907 773 1224 815; x_wconf 82' lang='lat' dir='ltr'>Quinquennalibus</span> <span class='ocrx_word' id='word_1_49' title='bbox 1258 774 1519 815; x_wconf 85' lang='lat' dir='ltr'>municipiorum</span> <span class='ocrx_word' id='word_1_50' title='bbox 1552 777 1586 805; x_wconf 79' lang='lat' dir='ltr'>et</span> <span class='ocrx_word' id='word_1_51' title='bbox 1616 773 1706 805; x_wconf 91' lang='lat' dir='ltr'>colo-</span> 
     </span>
     <span class='ocr_line' id='line_1_8' title="bbox 335 819 1706 862; baseline -0.002 -9"><span class='ocrx_word' id='word_1_52' title='bbox 335 822 479 853; x_wconf 79' lang='lat' dir='ltr'>niarum.</span> <span class='ocrx_word' id='word_1_53' title='bbox 514 839 557 844; x_wconf 89' lang='lat'><strong>—</strong></span> <span class='ocrx_word' id='word_1_54' title='bbox 592 821 645 852; x_wconf 87' lang='lat' dir='ltr'>De</span> <span class='ocrx_word' id='word_1_55' title='bbox 670 819 919 859; x_wconf 83' lang='lat' dir='ltr'>Quattuorviris</span> <span class='ocrx_word' id='word_1_56' title='bbox 950 819 1223 862; x_wconf 83' lang='lat' dir='ltr'>municipalibus.</span> <span class='ocrx_word' id='word_1_57' title='bbox 1260 838 1306 845; x_wconf 78' lang='lat'>——-</span> <span class='ocrx_word' id='word_1_58' title='bbox 1336 819 1389 851; x_wconf 85' lang='lat' dir='ltr'>De</span> <span class='ocrx_word' id='word_1_59' title='bbox 1415 819 1557 851; x_wconf 88' lang='lat' dir='ltr'>coloniis</span> <span class='ocrx_word' id='word_1_60' title='bbox 1581 819 1706 851; x_wconf 85' lang='lat' dir='ltr'>Roma-</span> 
     </span>
     <span class='ocr_line' id='line_1_9' title="bbox 334 865 976 907; baseline -0.003 -9"><span class='ocrx_word' id='word_1_61' title='bbox 334 876 455 899; x_wconf 90' lang='lat' dir='ltr'>norum</span> <span class='ocrx_word' id='word_1_62' title='bbox 479 866 680 898; x_wconf 81' lang='lat' dir='ltr'>militaribus</span> <span class='ocrx_word' id='word_1_63' title='bbox 706 865 784 897; x_wconf 86' lang='lat' dir='ltr'>libri</span> <span class='ocrx_word' id='word_1_64' title='bbox 809 870 976 907; x_wconf 84' lang='lat' dir='ltr'>quattuor.</span> 
     </span>
    </p>
   </div>
   <div class='ocr_carea' id='block_1_5' title="bbox 156 933 1705 1042">
    <p class='ocr_par' dir='ltr' id='par_1_5' title="bbox 156 933 1705 1042">
     <span class='ocr_line' id='line_1_10' title="bbox 156 933 1705 985; baseline -0.002 -10"><span class='ocrx_word' id='word_1_65' title='bbox 156 960 214 981; x_wconf 15' lang='lat' dir='ltr'>—ss</span> <span class='ocrx_word' id='word_1_66' title='bbox 239 958 293 964; x_wconf 90' lang='lat'>—-</span> <span class='ocrx_word' id='word_1_67' title='bbox 332 935 714 974; x_wconf 84' lang='lat' dir='ltr'>commentationum</span> <span class='ocrx_word' id='word_1_68' title='bbox 748 934 1097 985; x_wconf 83' lang='lat' dir='ltr'>epigraphicarum</span> <span class='ocrx_word' id='word_1_69' title='bbox 1129 933 1315 972; x_wconf 89' lang='lat' dir='ltr'>volumen</span> <span class='ocrx_word' id='word_1_70' title='bbox 1346 934 1530 972; x_wconf 86' lang='lat' dir='ltr'>alterum.</span> <span class='ocrx_word' id='word_1_71' title='bbox 1588 933 1705 972; x_wconf 85' lang='lat'>1854.</span> 
     </span>
     <span class='ocr_line' id='line_1_11' title="bbox 269 989 1704 1042; baseline -0.001 -12"><span class='ocrx_word' id='word_1_72' title='bbox 269 993 291 1031; x_wconf 87' lang='grc'><strong>4</strong></span> <span class='ocrx_word' id='word_1_73' title='bbox 320 993 413 1041; x_wconf 91' lang='lat' dir='ltr'>maj.</span> <span class='ocrx_word' id='word_1_74' title='bbox 1338 991 1361 1028; x_wconf 86' lang='lat'>2</span> <span class='ocrx_word' id='word_1_75' title='bbox 1391 989 1502 1028; x_wconf 88' lang='lat' dir='ltr'>Thlr.</span> <span class='ocrx_word' id='word_1_76' title='bbox 1538 991 1589 1029; x_wconf 79' lang='lat'>20</span> <span class='ocrx_word' id='word_1_77' title='bbox 1615 989 1704 1042; x_wconf 86' lang='lat' dir='ltr'>Sgr.</span> 
     </span>
    </p>
   </div>
   <div class='ocr_carea' id='block_1_6' title="bbox 337 1053 1707 1233">
    <p class='ocr_par' dir='ltr' id='par_1_6' title="bbox 337 1053 1707 1233">
     <span class='ocr_line' id='line_1_12' title="bbox 400 1053 1707 1095; baseline -0.002 -8"><span class='ocrx_word' id='word_1_78' title='bbox 400 1055 530 1087; x_wconf 84' lang='lat' dir='ltr'>Inhalt:</span> <span class='ocrx_word' id='word_1_79' title='bbox 568 1055 700 1086; x_wconf 81' lang='lat' dir='ltr'>Titulus</span> <span class='ocrx_word' id='word_1_80' title='bbox 728 1053 989 1086; x_wconf 87' lang='lat' dir='ltr'>Concordiensis</span> <span class='ocrx_word' id='word_1_81' title='bbox 1013 1054 1107 1085; x_wconf 81' lang='lat' dir='ltr'>Arrii</span> <span class='ocrx_word' id='word_1_82' title='bbox 1132 1053 1301 1086; x_wconf 88' lang='lat' dir='ltr'>Antonini</span> <span class='ocrx_word' id='word_1_83' title='bbox 1334 1055 1507 1086; x_wconf 83' lang='lat' dir='ltr'>restitutus</span> <span class='ocrx_word' id='word_1_84' title='bbox 1541 1058 1575 1085; x_wconf 82' lang='lat' dir='ltr'>et</span> <span class='ocrx_word' id='word_1_85' title='bbox 1600 1053 1707 1095; x_wconf 85' lang='lat' dir='ltr'>expli-</span> 
     </span>
     <span class='ocr_line' id='line_1_13' title="bbox 337 1098 1707 1142; baseline -0.001 -10"><span class='ocrx_word' id='word_1_86' title='bbox 337 1106 440 1134; x_wconf 84' lang='lat' dir='ltr'>catus.</span> <span class='ocrx_word' id='word_1_87' title='bbox 469 1119 513 1124; x_wconf 91' lang='lat'>—-</span> <span class='ocrx_word' id='word_1_88' title='bbox 543 1100 596 1132; x_wconf 87' lang='lat' dir='ltr'>De</span> <span class='ocrx_word' id='word_1_89' title='bbox 630 1100 729 1142; x_wconf 83' lang='lat' dir='ltr'>Syria</span> <span class='ocrx_word' id='word_1_90' title='bbox 755 1100 988 1131; x_wconf 83' lang='lat' dir='ltr'>Romanorum</span> <span class='ocrx_word' id='word_1_91' title='bbox 1018 1099 1192 1141; x_wconf 88' lang='lat' dir='ltr'>provincia</span> <span class='ocrx_word' id='word_1_92' title='bbox 1226 1099 1269 1131; x_wconf 87' lang='lat' dir='ltr'>ab</span> <span class='ocrx_word' id='word_1_93' title='bbox 1299 1099 1445 1132; x_wconf 85' lang='lat' dir='ltr'>Caesare</span> <span class='ocrx_word' id='word_1_94' title='bbox 1469 1098 1630 1139; x_wconf 83' lang='lat' dir='ltr'>Augusto</span> <span class='ocrx_word' id='word_1_95' title='bbox 1664 1100 1707 1130; x_wconf 87' lang='lat' dir='ltr'>ad</span> 
     </span>
     <span class='ocr_line' id='line_1_14' title="bbox 338 1144 1706 1189; baseline -0.002 -11"><span class='ocrx_word' id='word_1_96' title='bbox 338 1147 377 1179; x_wconf 88' lang='lat' dir='ltr'>T.</span> <span class='ocrx_word' id='word_1_97' title='bbox 411 1146 679 1189; x_wconf 83' lang='lat' dir='ltr'>Vespasianum.</span> <span class='ocrx_word' id='word_1_98' title='bbox 713 1164 753 1167; x_wconf 97' lang='lat'><strong>—</strong></span> <span class='ocrx_word' id='word_1_99' title='bbox 785 1146 838 1177; x_wconf 90' lang='lat' dir='ltr'>De</span> <span class='ocrx_word' id='word_1_100' title='bbox 870 1146 1090 1177; x_wconf 80' lang='lat' dir='ltr'>Macedoniae</span> <span class='ocrx_word' id='word_1_101' title='bbox 1122 1145 1354 1177; x_wconf 86' lang='lat' dir='ltr'>Romanorum</span> <span class='ocrx_word' id='word_1_102' title='bbox 1384 1144 1577 1187; x_wconf 88' lang='lat' dir='ltr'>provinciae</span> <span class='ocrx_word' id='word_1_103' title='bbox 1610 1154 1706 1186; x_wconf 86' lang='lat' dir='ltr'>prae-</span> 
     </span>
     <span class='ocr_line' id='line_1_15' title="bbox 338 1191 1282 1233; baseline -0.002 -9"><span class='ocrx_word' id='word_1_104' title='bbox 338 1193 479 1231; x_wconf 85' lang='lat' dir='ltr'>sidibus,</span> <span class='ocrx_word' id='word_1_105' title='bbox 509 1193 567 1233; x_wconf 92' lang='lat' dir='ltr'>qui</span> <span class='ocrx_word' id='word_1_106' title='bbox 593 1191 730 1223; x_wconf 73' lang='lat' dir='ltr'>fuerunt</span> <span class='ocrx_word' id='word_1_107' title='bbox 754 1201 862 1232; x_wconf 88' lang='lat' dir='ltr'>usque</span> <span class='ocrx_word' id='word_1_108' title='bbox 886 1192 929 1222; x_wconf 86' lang='lat' dir='ltr'>ad</span> <span class='ocrx_word' id='word_1_109' title='bbox 953 1191 994 1222; x_wconf 90' lang='lat' dir='ltr'>T.</span> <span class='ocrx_word' id='word_1_110' title='bbox 1019 1191 1282 1232; x_wconf 80' lang='lat' dir='ltr'>Vespasianum.</span> 
     </span>
    </p>
   </div>
   <div class='ocr_carea' id='block_1_7' title="bbox 157 1259 1705 1311">
    <p class='ocr_par' dir='ltr' id='par_1_7' title="bbox 157 1259 1705 1311">
     <span class='ocr_line' id='line_1_16' title="bbox 157 1259 1705 1311; baseline -0.001 -12"><span class='ocrx_word' id='word_1_111' title='bbox 157 1285 204 1290; x_wconf 89' lang='lat'>—-</span> <span class='ocrx_word' id='word_1_112' title='bbox 239 1284 288 1290; x_wconf 93' lang='lat'>—</span> <span class='ocrx_word' id='word_1_113' title='bbox 324 1262 373 1299; x_wconf 88' lang='lat' dir='ltr'>de</span> <span class='ocrx_word' id='word_1_114' title='bbox 402 1262 598 1301; x_wconf 84' lang='lat' dir='ltr'>fastorum</span> <span class='ocrx_word' id='word_1_115' title='bbox 626 1261 925 1311; x_wconf 84' lang='lat' dir='ltr'>municipalium</span> <span class='ocrx_word' id='word_1_116' title='bbox 944 1259 1242 1310; x_wconf 82' lang='lat' dir='ltr'>Campanorum</span> <span class='ocrx_word' id='word_1_117' title='bbox 1262 1261 1486 1311; x_wconf 85' lang='lat' dir='ltr'>fragmento</span> <span class='ocrx_word' id='word_1_118' title='bbox 1509 1260 1705 1299; x_wconf 84' lang='lat' dir='ltr'>defensio.</span> 
     </span>
    </p>
   </div>
   <div class='ocr_carea' id='block_1_8' title="bbox 156 1315 1707 1504">
    <p class='ocr_par' dir='ltr' id='par_1_8' title="bbox 156 1315 1707 1504">
     <span class='ocr_line' id='line_1_17' title="bbox 271 1315 1706 1368; baseline -0.002 -11"><span class='ocrx_word' id='word_1_119' title='bbox 271 1319 389 1357; x_wconf 77' lang='lat'>1853.</span> <span class='ocrx_word' id='word_1_120' title='bbox 443 1318 480 1356; x_wconf 90' lang='grc'>4.</span> <span class='ocrx_word' id='word_1_121' title='bbox 850 1350 854 1355; x_wconf 94' lang='grc'><strong>.</strong></span> <span class='ocrx_word' id='word_1_122' title='bbox 1539 1317 1587 1355; x_wconf 88' lang='lat'>15</span> <span class='ocrx_word' id='word_1_123' title='bbox 1616 1315 1706 1368; x_wconf 85' lang='lat' dir='ltr'>Sgr.</span> 
     </span>
     <span class='ocr_line' id='line_1_18' title="bbox 156 1395 1707 1448; baseline -0.002 -13"><span class='ocrx_word' id='word_1_124' title='bbox 156 1421 205 1426; x_wconf 88' lang='lat'><strong>—</strong></span> <span class='ocrx_word' id='word_1_125' title='bbox 245 1421 295 1426; x_wconf 96' lang='lat'><strong>—</strong></span> <span class='ocrx_word' id='word_1_126' title='bbox 347 1398 395 1435; x_wconf 88' lang='lat' dir='ltr'>de</span> <span class='ocrx_word' id='word_1_127' title='bbox 438 1397 635 1435; x_wconf 81' lang='lat' dir='ltr'>fastorum</span> <span class='ocrx_word' id='word_1_128' title='bbox 682 1396 982 1446; x_wconf 85' lang='lat' dir='ltr'>municipalium</span> <span class='ocrx_word' id='word_1_129' title='bbox 1027 1395 1327 1446; x_wconf 85' lang='lat' dir='ltr'>Campanorum</span> <span class='ocrx_word' id='word_1_130' title='bbox 1378 1397 1602 1448; x_wconf 84' lang='lat' dir='ltr'>fragmento</span> <span class='ocrx_word' id='word_1_131' title='bbox 1657 1395 1707 1433; x_wconf 86' lang='lat' dir='ltr'>ad</span> 
     </span>
     <span class='ocr_line' id='line_1_19' title="bbox 268 1451 1704 1504; baseline -0.001 -11"><span class='ocrx_word' id='word_1_132' title='bbox 268 1453 313 1494; x_wconf 77' lang='lat' dir='ltr'>C.</span> <span class='ocrx_word' id='word_1_133' title='bbox 342 1454 390 1492; x_wconf 93' lang='grc' dir='ltr'>Β.</span> <span class='ocrx_word' id='word_1_134' title='bbox 421 1453 471 1491; x_wconf 90' lang='lat' dir='ltr'>de</span> <span class='ocrx_word' id='word_1_135' title='bbox 500 1453 693 1492; x_wconf 87' lang='lat' dir='ltr'>Rossium</span> <span class='ocrx_word' id='word_1_136' title='bbox 723 1453 898 1503; x_wconf 86' lang='lat' dir='ltr'>epistola</span> <span class='ocrx_word' id='word_1_137' title='bbox 923 1453 1071 1491; x_wconf 87' lang='lat' dir='ltr'>critica.</span> <span class='ocrx_word' id='word_1_138' title='bbox 1130 1453 1248 1493; x_wconf 88' lang='grc'><strong>1854.</strong></span> <span class='ocrx_word' id='word_1_139' title='bbox 1307 1454 1344 1491; x_wconf 90' lang='grc'>4.</span> <span class='ocrx_word' id='word_1_140' title='bbox 1535 1453 1582 1491; x_wconf 88' lang='grc'>15</span> <span class='ocrx_word' id='word_1_141' title='bbox 1615 1451 1704 1504; x_wconf 85' lang='lat' dir='ltr'>Sgr.</span> 
     </span>
    </p>
   </div>
   <div class='ocr_carea' id='block_1_9' title="bbox 157 1531 1706 1582">
    <p class='ocr_par' dir='ltr' id='par_1_9' title="bbox 157 1531 1706 1582">
     <span class='ocr_line' id='line_1_20' title="bbox 157 1531 1706 1582; baseline -0.002 -10"><span class='ocrx_word' id='word_1_142' title='bbox 157 1557 206 1562; x_wconf 91' lang='lat'>-</span> <span class='ocrx_word' id='word_1_143' title='bbox 242 1556 291 1561; x_wconf 89' lang='lat'>-</span> <span class='ocrx_word' id='word_1_144' title='bbox 332 1533 381 1571; x_wconf 90' lang='lat' dir='ltr'>de</span> <span class='ocrx_word' id='word_1_145' title='bbox 414 1532 549 1572; x_wconf 87' lang='lat' dir='ltr'>Caroli</span> <span class='ocrx_word' id='word_1_146' title='bbox 579 1532 783 1570; x_wconf 87' lang='lat' dir='ltr'>Timothei</span> <span class='ocrx_word' id='word_1_147' title='bbox 810 1531 985 1582; x_wconf 87' lang='lat' dir='ltr'>Zumptii</span> <span class='ocrx_word' id='word_1_148' title='bbox 1020 1533 1101 1571; x_wconf 84' lang='lat' dir='ltr'>vita</span> <span class='ocrx_word' id='word_1_149' title='bbox 1134 1538 1173 1571; x_wconf 89' lang='lat' dir='ltr'>et</span> <span class='ocrx_word' id='word_1_150' title='bbox 1207 1533 1350 1572; x_wconf 81' lang='lat' dir='ltr'>studiis</span> <span class='ocrx_word' id='word_1_151' title='bbox 1385 1533 1575 1571; x_wconf 87' lang='lat' dir='ltr'>narratio.</span> <span class='ocrx_word' id='word_1_152' title='bbox 1628 1533 1706 1572; x_wconf 91' lang='lat' dir='ltr'>Ac-</span> 
     </span>
    </p>
   </div>
   <div class='ocr_carea' id='block_1_10' title="bbox 266 1588 1707 1697">
    <p class='ocr_par' dir='ltr' id='par_1_10' title="bbox 266 1588 1707 1697">
     <span class='ocr_line' id='line_1_21' title="bbox 266 1588 1707 1628; baseline -0.001 0"><span class='ocrx_word' id='word_1_153' title='bbox 266 1590 411 1628; x_wconf 85' lang='lat' dir='ltr'>cedunt</span> <span class='ocrx_word' id='word_1_154' title='bbox 451 1588 588 1628; x_wconf 88' lang='lat' dir='ltr'>Caroli</span> <span class='ocrx_word' id='word_1_155' title='bbox 629 1589 834 1627; x_wconf 86' lang='lat' dir='ltr'>Timothei</span> <span class='ocrx_word' id='word_1_156' title='bbox 878 1589 1083 1628; x_wconf 88' lang='lat' dir='ltr'>orationes</span> <span class='ocrx_word' id='word_1_157' title='bbox 1123 1590 1294 1628; x_wconf 85' lang='lat' dir='ltr'>Latinae</span> <span class='ocrx_word' id='word_1_158' title='bbox 1334 1602 1422 1628; x_wconf 83' lang='lat' dir='ltr'>sex.</span> <span class='ocrx_word' id='word_1_159' title='bbox 1486 1589 1606 1628; x_wconf 90' lang='lat'>1851.</span> <span class='ocrx_word' id='word_1_160' title='bbox 1668 1588 1707 1627; x_wconf 88' lang='grc'>8.</span> 
     </span>
     <span class='ocr_line' id='line_1_22' title="bbox 1344 1644 1706 1697; baseline -0.003 -13"><span class='ocrx_word' id='word_1_161' title='bbox 1344 1647 1360 1684; x_wconf 91' lang='grc'><strong>1</strong></span> <span class='ocrx_word' id='word_1_162' title='bbox 1391 1646 1503 1684; x_wconf 88' lang='lat' dir='ltr'>Thlr.</span> <span class='ocrx_word' id='word_1_163' title='bbox 1541 1645 1591 1684; x_wconf 91' lang='lat'>10</span> <span class='ocrx_word' id='word_1_164' title='bbox 1618 1644 1706 1697; x_wconf 88' lang='lat' dir='ltr'>Sgr.</span> 
     </span>
    </p>
   </div>
   <div class='ocr_carea' id='block_1_11' title="bbox 156 1796 1707 1978">
    <p class='ocr_par' dir='ltr' id='par_1_11' title="bbox 156 1796 1707 1978">
     <span class='ocr_line' id='line_1_23' title="bbox 156 1796 1707 1866; baseline -0.001 -13"><span class='ocrx_word' id='word_1_165' title='bbox 156 1796 301 1864; x_wconf 77' lang='lat' dir='ltr'>Zumpt</span> <span class='ocrx_word' id='word_1_166' title='bbox 330 1813 389 1859; x_wconf 77' lang='lat' dir='ltr'>(C.</span> <span class='ocrx_word' id='word_1_167' title='bbox 413 1813 483 1860; x_wconf 56' lang='lat'>12),</span> <span class='ocrx_word' id='word_1_168' title='bbox 510 1812 691 1852; x_wconf 87' lang='lat' dir='ltr'>Annales</span> <span class='ocrx_word' id='word_1_169' title='bbox 723 1818 900 1852; x_wconf 86' lang='lat' dir='ltr'>veterum</span> <span class='ocrx_word' id='word_1_170' title='bbox 930 1827 1144 1865; x_wconf 86' lang='lat' dir='ltr'>regnorum</span> <span class='ocrx_word' id='word_1_171' title='bbox 1174 1820 1214 1853; x_wconf 86' lang='lat' dir='ltr'>et</span> <span class='ocrx_word' id='word_1_172' title='bbox 1238 1815 1481 1866; x_wconf 89' lang='lat' dir='ltr'>populorum</span> <span class='ocrx_word' id='word_1_173' title='bbox 1509 1813 1707 1866; x_wconf 80' lang='lat' dir='ltr'>imprimis</span> 
     </span>
     <span class='ocr_line' id='line_1_24' title="bbox 267 1870 1706 1921; baseline 0 -14"><span class='ocrx_word' id='word_1_174' title='bbox 267 1870 556 1908; x_wconf 86' lang='lat' dir='ltr'>Romanorum.</span> <span class='ocrx_word' id='word_1_175' title='bbox 602 1870 737 1908; x_wconf 88' lang='lat' dir='ltr'>Editio</span> <span class='ocrx_word' id='word_1_176' title='bbox 757 1870 884 1908; x_wconf 86' lang='lat' dir='ltr'>altera</span> <span class='ocrx_word' id='word_1_177' title='bbox 903 1871 1059 1921; x_wconf 81' lang='lat' dir='ltr'>passim</span> <span class='ocrx_word' id='word_1_178' title='bbox 1083 1877 1199 1910; x_wconf 87' lang='lat' dir='ltr'>aucta</span> <span class='ocrx_word' id='word_1_179' title='bbox 1218 1878 1257 1910; x_wconf 86' lang='lat' dir='ltr'>et</span> <span class='ocrx_word' id='word_1_180' title='bbox 1277 1877 1467 1911; x_wconf 82' lang='lat' dir='ltr'>correcta.</span> <span class='ocrx_word' id='word_1_181' title='bbox 1510 1872 1630 1911; x_wconf 87' lang='lat'><strong>1838.</strong></span> <span class='ocrx_word' id='word_1_182' title='bbox 1667 1870 1706 1908; x_wconf 79' lang='lat'>4.</span> 
     </span>
     <span class='ocr_line' id='line_1_25' title="bbox 1347 1926 1706 1978; baseline -0.003 -12"><span class='ocrx_word' id='word_1_183' title='bbox 1347 1930 1364 1966; x_wconf 97' lang='lat'>1</span> <span class='ocrx_word' id='word_1_184' title='bbox 1394 1929 1506 1969; x_wconf 85' lang='lat' dir='ltr'>Thlr.</span> <span class='ocrx_word' id='word_1_185' title='bbox 1541 1928 1590 1967; x_wconf 91' lang='lat'>15</span> <span class='ocrx_word' id='word_1_186' title='bbox 1618 1926 1706 1978; x_wconf 86' lang='lat' dir='ltr'>Sgr.</span> 
     </span>
    </p>
   </div>
   <div class='ocr_carea' id='block_1_12' title="bbox 159 2004 1708 2112">
    <p class='ocr_par' dir='ltr' id='par_1_12' title="bbox 159 2004 1708 2112">
     <span class='ocr_line' id='line_1_26' title="bbox 159 2004 1708 2057; baseline 0.001 -15"><span class='ocrx_word' id='word_1_187' title='bbox 159 2028 208 2033; x_wconf 87' lang='lat'>-</span> <span class='ocrx_word' id='word_1_188' title='bbox 247 2027 297 2032; x_wconf 95' lang='lat'>—</span> <span class='ocrx_word' id='word_1_189' title='bbox 339 2004 555 2043; x_wconf 86' lang='lat' dir='ltr'>Decretum</span> <span class='ocrx_word' id='word_1_190' title='bbox 586 2005 827 2055; x_wconf 84' lang='lat' dir='ltr'>municipale</span> <span class='ocrx_word' id='word_1_191' title='bbox 849 2005 1133 2057; x_wconf 87' lang='lat' dir='ltr'>Tergestinum</span> <span class='ocrx_word' id='word_1_192' title='bbox 1166 2007 1215 2044; x_wconf 91' lang='lat' dir='ltr'>de</span> <span class='ocrx_word' id='word_1_193' title='bbox 1247 2008 1401 2046; x_wconf 91' lang='lat' dir='ltr'>honore</span> <span class='ocrx_word' id='word_1_194' title='bbox 1430 2006 1547 2046; x_wconf 88' lang='lat' dir='ltr'>Fabii</span> <span class='ocrx_word' id='word_1_195' title='bbox 1567 2005 1708 2046; x_wconf 86' lang='lat' dir='ltr'>Severi</span> 
     </span>
     <span class='ocr_line' id='line_1_27' title="bbox 267 2061 1705 2112; baseline 0.001 -14"><span class='ocrx_word' id='word_1_196' title='bbox 267 2061 485 2099; x_wconf 88' lang='lat' dir='ltr'>secundum</span> <span class='ocrx_word' id='word_1_197' title='bbox 515 2067 690 2101; x_wconf 86' lang='lat' dir='ltr'>veterem</span> <span class='ocrx_word' id='word_1_198' title='bbox 721 2061 896 2112; x_wconf 88' lang='lat' dir='ltr'>lapidem</span> <span class='ocrx_word' id='word_1_199' title='bbox 928 2062 1060 2101; x_wconf 90' lang='lat' dir='ltr'>denuo</span> <span class='ocrx_word' id='word_1_200' title='bbox 1098 2064 1338 2103; x_wconf 83' lang='lat' dir='ltr'>recensitum</span> <span class='ocrx_word' id='word_1_201' title='bbox 1376 2070 1415 2102; x_wconf 89' lang='lat' dir='ltr'>et</span> <span class='ocrx_word' id='word_1_202' title='bbox 1450 2064 1705 2102; x_wconf 85' lang='lat' dir='ltr'>illustratum.</span> 
     </span>
    </p>
   </div>
   <div class='ocr_carea' id='block_1_13' title="bbox 158 2117 1709 2361">
    <p class='ocr_par' dir='ltr' id='par_1_13' title="bbox 158 2117 1709 2361">
     <span class='ocr_line' id='line_1_28' title="bbox 275 2117 1706 2170; baseline 0.001 -15"><span class='ocrx_word' id='word_1_203' title='bbox 275 2118 394 2156; x_wconf 87' lang='grc'><strong>1837.</strong></span> <span class='ocrx_word' id='word_1_204' title='bbox 448 2119 486 2155; x_wconf 88' lang='grc'>4.</span> <span class='ocrx_word' id='word_1_205' title='bbox 1537 2119 1586 2158; x_wconf 92' lang='grc'>10</span> <span class='ocrx_word' id='word_1_206' title='bbox 1617 2117 1706 2170; x_wconf 80' lang='lat' dir='ltr'>Sgr.</span> 
     </span>
     <span class='ocr_line' id='line_1_29' title="bbox 158 2195 1709 2249; baseline 0.001 -16"><span class='ocrx_word' id='word_1_207' title='bbox 158 2219 206 2224; x_wconf 90' lang='lat'><strong>—</strong></span> <span class='ocrx_word' id='word_1_208' title='bbox 243 2218 291 2224; x_wconf 90' lang='lat'><strong>—</strong></span> <span class='ocrx_word' id='word_1_209' title='bbox 330 2195 379 2233; x_wconf 90' lang='lat' dir='ltr'>de</span> <span class='ocrx_word' id='word_1_210' title='bbox 413 2196 569 2247; x_wconf 84' lang='lat' dir='ltr'>legibus</span> <span class='ocrx_word' id='word_1_211' title='bbox 603 2196 840 2246; x_wconf 84' lang='lat' dir='ltr'>iudiciisque</span> <span class='ocrx_word' id='word_1_212' title='bbox 876 2196 1185 2247; x_wconf 85' lang='lat' dir='ltr'>repetundarum</span> <span class='ocrx_word' id='word_1_213' title='bbox 1221 2198 1261 2236; x_wconf 92' lang='lat' dir='ltr'>in</span> <span class='ocrx_word' id='word_1_214' title='bbox 1289 2198 1495 2249; x_wconf 87' lang='lat' dir='ltr'>republica</span> <span class='ocrx_word' id='word_1_215' title='bbox 1521 2197 1709 2236; x_wconf 84' lang='lat' dir='ltr'>Romana</span> 
     </span>
     <span class='ocr_line' id='line_1_30' title="bbox 270 2252 1706 2304; baseline 0.001 -14"><span class='ocrx_word' id='word_1_216' title='bbox 270 2253 554 2291; x_wconf 86' lang='lat' dir='ltr'>commentatio</span> <span class='ocrx_word' id='word_1_217' title='bbox 581 2253 712 2304; x_wconf 85' lang='lat' dir='ltr'>prima</span> <span class='ocrx_word' id='word_1_218' title='bbox 744 2258 784 2291; x_wconf 84' lang='lat' dir='ltr'>et</span> <span class='ocrx_word' id='word_1_219' title='bbox 813 2253 990 2292; x_wconf 84' lang='lat' dir='ltr'>secunda</span> <span class='ocrx_word' id='word_1_220' title='bbox 1049 2253 1168 2293; x_wconf 86' lang='lat'>1845.</span> <span class='ocrx_word' id='word_1_221' title='bbox 1228 2255 1265 2292; x_wconf 89' lang='grc'>4.</span> <span class='ocrx_word' id='word_1_222' title='bbox 1533 2254 1586 2292; x_wconf 84' lang='grc'>20</span> <span class='ocrx_word' id='word_1_223' title='bbox 1618 2252 1706 2304; x_wconf 85' lang='lat' dir='ltr'>Sgr.</span> 
     </span>
     <span class='ocr_line' id='line_1_31' title="bbox 270 2309 1705 2361; baseline 0 -14"><span class='ocrx_word' id='word_1_224' title='bbox 270 2309 552 2348; x_wconf 82' lang='lat' dir='ltr'>commentatio</span> <span class='ocrx_word' id='word_1_225' title='bbox 582 2310 713 2347; x_wconf 84' lang='lat' dir='ltr'>tertia.</span> <span class='ocrx_word' id='word_1_226' title='bbox 772 2310 891 2348; x_wconf 88' lang='grc'><strong>1847.</strong></span> <span class='ocrx_word' id='word_1_227' title='bbox 1538 2311 1588 2349; x_wconf 90' lang='grc'>18</span> <span class='ocrx_word' id='word_1_228' title='bbox 1615 2309 1705 2361; x_wconf 88' lang='lat' dir='ltr'>Sgr.</span> 
     </span>
    </p>
   </div>
   <div class='ocr_carea' id='block_1_14' title="bbox 158 2387 1705 2496">
    <p class='ocr_par' dir='ltr' id='par_1_14' title="bbox 158 2387 1705 2496">
     <span class='ocr_line' id='line_1_32' title="bbox 158 2387 1705 2439; baseline 0.001 -14"><span class='ocrx_word' id='word_1_229' title='bbox 158 2411 207 2416; x_wconf 89' lang='lat'><strong>—</strong></span> <span class='ocrx_word' id='word_1_230' title='bbox 244 2410 315 2435; x_wconf 87' lang='lat'>—‚</span> <span class='ocrx_word' id='word_1_231' title='bbox 354 2387 489 2426; x_wconf 90' lang='lat' dir='ltr'>Ueber</span> <span class='ocrx_word' id='word_1_232' title='bbox 517 2388 581 2426; x_wconf 89' lang='lat' dir='ltr'>die</span> <span class='ocrx_word' id='word_1_233' title='bbox 600 2388 884 2439; x_wconf 82' lang='lat' dir='ltr'>Abstimmung</span> <span class='ocrx_word' id='word_1_234' title='bbox 913 2388 983 2426; x_wconf 88' lang='lat' dir='ltr'>des</span> <span class='ocrx_word' id='word_1_235' title='bbox 1010 2387 1239 2427; x_wconf 71' lang='lat' dir='ltr'>romischen</span> <span class='ocrx_word' id='word_1_236' title='bbox 1262 2389 1391 2427; x_wconf 82' lang='lat' dir='ltr'>Volks</span> <span class='ocrx_word' id='word_1_237' title='bbox 1420 2389 1461 2427; x_wconf 92' lang='lat' dir='ltr'>in</span> <span class='ocrx_word' id='word_1_238' title='bbox 1481 2387 1705 2427; x_wconf 87' lang='lat' dir='ltr'>Centuriat-</span> 
     </span>
     <span class='ocr_line' id='line_1_33' title="bbox 268 2442 1704 2496; baseline 0 -14"><span class='ocrx_word' id='word_1_239' title='bbox 268 2444 457 2482; x_wconf 84' lang='lat' dir='ltr'>comitien</span> <span class='ocrx_word' id='word_1_240' title='bbox 488 2444 569 2484; x_wconf 86' lang='lat' dir='ltr'>und</span> <span class='ocrx_word' id='word_1_241' title='bbox 599 2442 696 2482; x_wconf 84' lang='lat' dir='ltr'>iiber</span> <span class='ocrx_word' id='word_1_242' title='bbox 721 2444 799 2482; x_wconf 91' lang='lat' dir='ltr'>den</span> <span class='ocrx_word' id='word_1_243' title='bbox 828 2445 881 2483; x_wconf 92' lang='lat' dir='ltr'>M.</span> <span class='ocrx_word' id='word_1_244' title='bbox 902 2443 1062 2492; x_wconf 81' lang='lat' dir='ltr'>Curius,</span> <span class='ocrx_word' id='word_1_245' title='bbox 1094 2445 1164 2482; x_wconf 87' lang='lat' dir='ltr'>der</span> <span class='ocrx_word' id='word_1_246' title='bbox 1186 2445 1262 2483; x_wconf 89' lang='lat' dir='ltr'>den</span> <span class='ocrx_word' id='word_1_247' title='bbox 1281 2446 1451 2484; x_wconf 90' lang='lat' dir='ltr'>Velinus</span> <span class='ocrx_word' id='word_1_248' title='bbox 1478 2444 1704 2496; x_wconf 83' lang='lat' dir='ltr'>abgeleitet.</span> 
     </span>
    </p>
   </div>
   <div class='ocr_carea' id='block_1_15' title="bbox 159 2500 1704 2689">
    <p class='ocr_par' dir='ltr' id='par_1_15' title="bbox 159 2500 1704 2689">
     <span class='ocr_line' id='line_1_34' title="bbox 278 2500 1704 2540; baseline 0 -2"><span class='ocrx_word' id='word_1_249' title='bbox 278 2501 396 2539; x_wconf 86' lang='lat'>1837.</span> <span class='ocrx_word' id='word_1_250' title='bbox 455 2500 492 2537; x_wconf 91' lang='grc'><strong>4.</strong></span> <span class='ocrx_word' id='word_1_251' title='bbox 1535 2502 1584 2540; x_wconf 93' lang='grc'>10</span> <span class='ocrx_word' id='word_1_252' title='bbox 1614 2500 1642 2540; x_wconf 83' lang='lat' dir='ltr'>S</span> <span class='ocrx_word' id='word_1_253' title='bbox 1673 2515 1704 2538; x_wconf 90' lang='lat' dir='ltr'>r.</span> 
     </span>
     <span class='ocr_line' id='line_1_35' title="bbox 159 2514 1703 2630; baseline 0.001 -14"><span class='ocrx_word' id='word_1_254' title='bbox 159 2602 206 2607; x_wconf 92' lang='lat'>-—</span> <span class='ocrx_word' id='word_1_255' title='bbox 246 2601 318 2625; x_wconf 88' lang='lat'>—‚</span> <span class='ocrx_word' id='word_1_256' title='bbox 356 2577 491 2617; x_wconf 90' lang='lat' dir='ltr'>Ueber</span> <span class='ocrx_word' id='word_1_257' title='bbox 525 2577 602 2615; x_wconf 90' lang='lat' dir='ltr'>den</span> <span class='ocrx_word' id='word_1_258' title='bbox 631 2576 759 2617; x_wconf 83' lang='lat' dir='ltr'>Stand</span> <span class='ocrx_word' id='word_1_259' title='bbox 785 2579 856 2618; x_wconf 84' lang='lat' dir='ltr'>der</span> <span class='ocrx_word' id='word_1_260' title='bbox 883 2577 1167 2630; x_wconf 70' lang='lat' dir='ltr'>Bevolkerung</span> <span class='ocrx_word' id='word_1_261' title='bbox 1197 2579 1279 2617; x_wconf 90' lang='lat' dir='ltr'>und</span> <span class='ocrx_word' id='word_1_262' title='bbox 1307 2579 1371 2618; x_wconf 89' lang='lat' dir='ltr'>die</span> <span class='ocrx_word' id='word_1_263' title='bbox 1390 2514 1703 2618; x_wconf 76' lang='lat' dir='ltr'>Volksvermegh-</span> 
     </span>
     <span class='ocr_line' id='line_1_36' title="bbox 270 2633 1703 2689; baseline 0.001 -17"><span class='ocrx_word' id='word_1_264' title='bbox 270 2646 373 2685; x_wconf 86' lang='lat' dir='ltr'>rung</span> <span class='ocrx_word' id='word_1_265' title='bbox 402 2634 457 2671; x_wconf 92' lang='lat' dir='ltr'>im</span> <span class='ocrx_word' id='word_1_266' title='bbox 483 2634 723 2674; x_wconf 73' lang='lat' dir='ltr'>Alterthum.</span> <span class='ocrx_word' id='word_1_267' title='bbox 787 2636 904 2674; x_wconf 82' lang='grc'><strong>1841.</strong></span> <span class='ocrx_word' id='word_1_268' title='bbox 965 2635 1002 2675; x_wconf 82' lang='grc'>4.</span> <span class='ocrx_word' id='word_1_269' title='bbox 1502 2633 1585 2689; x_wconf 54' lang='lat'>22}</span> <span class='ocrx_word' id='word_1_270' title='bbox 1615 2635 1703 2687; x_wconf 88' lang='lat' dir='ltr'>Sgr.</span> 
     </span>
    </p>
   </div>
   <div class='ocr_carea' id='block_1_16' title="bbox 159 2712 1703 2822">
    <p class='ocr_par' dir='ltr' id='par_1_16' title="bbox 159 2712 1703 2822">
     <span class='ocr_line' id='line_1_37' title="bbox 159 2712 1703 2764; baseline 0.001 -13"><span class='ocrx_word' id='word_1_271' title='bbox 159 2737 208 2743; x_wconf 89' lang='lat'>—-</span> <span class='ocrx_word' id='word_1_272' title='bbox 245 2736 318 2761; x_wconf 93' lang='lat'>—‚</span> <span class='ocrx_word' id='word_1_273' title='bbox 356 2712 491 2751; x_wconf 88' lang='lat' dir='ltr'>Ueber</span> <span class='ocrx_word' id='word_1_274' title='bbox 521 2712 598 2751; x_wconf 90' lang='lat' dir='ltr'>den</span> <span class='ocrx_word' id='word_1_275' title='bbox 623 2713 803 2751; x_wconf 81' lang='lat' dir='ltr'>Bestand</span> <span class='ocrx_word' id='word_1_276' title='bbox 831 2714 901 2752; x_wconf 90' lang='lat' dir='ltr'>der</span> <span class='ocrx_word' id='word_1_277' title='bbox 926 2713 1289 2764; x_wconf 84' lang='lat' dir='ltr'>philosophischen</span> <span class='ocrx_word' id='word_1_278' title='bbox 1309 2712 1484 2752; x_wconf 87' lang='lat' dir='ltr'>Schulen</span> <span class='ocrx_word' id='word_1_279' title='bbox 1511 2715 1552 2752; x_wconf 91' lang='lat' dir='ltr'>in</span> <span class='ocrx_word' id='word_1_280' title='bbox 1569 2714 1703 2754; x_wconf 88' lang='lat' dir='ltr'>Athen</span> 
     </span>
     <span class='ocr_line' id='line_1_38' title="bbox 269 2767 1703 2822; baseline 0.002 -15"><span class='ocrx_word' id='word_1_281' title='bbox 269 2769 350 2807; x_wconf 92' lang='lat' dir='ltr'>und</span> <span class='ocrx_word' id='word_1_282' title='bbox 382 2767 446 2806; x_wconf 84' lang='lat' dir='ltr'>die</span> <span class='ocrx_word' id='word_1_283' title='bbox 476 2767 721 2808; x_wconf 80' lang='lat' dir='ltr'>Succession</span> <span class='ocrx_word' id='word_1_284' title='bbox 752 2769 823 2808; x_wconf 89' lang='lat' dir='ltr'>der</span> <span class='ocrx_word' id='word_1_285' title='bbox 848 2769 1134 2809; x_wconf 83' lang='lat' dir='ltr'>Scholarchen.</span> <span class='ocrx_word' id='word_1_286' title='bbox 1197 2770 1314 2808; x_wconf 87' lang='lat'>1843.</span> <span class='ocrx_word' id='word_1_287' title='bbox 1373 2771 1409 2808; x_wconf 80' lang='lat'>4.</span> <span class='ocrx_word' id='word_1_288' title='bbox 1527 2771 1578 2809; x_wconf 83' lang='lat'>25</span> <span class='ocrx_word' id='word_1_289' title='bbox 1613 2769 1703 2822; x_wconf 86' lang='lat' dir='ltr'>Sgr.</span> 
     </span>
    </p>
   </div>
   <div class='ocr_carea' id='block_1_17' title="bbox 797 2885 1064 2891">
    <p class='ocr_par' dir='ltr' id='par_1_17' title="bbox 797 2885 1064 2891">
     <span class='ocr_line' id='line_1_39' title="bbox 797 2885 1064 2891; baseline 0 0"><span class='ocrx_word' id='word_1_290' title='bbox 797 2885 1064 2891; x_wconf 95' lang='lat' dir='ltr'> </span> 
     </span>
    </p>
   </div>
  </div>
 </body>
</html>
