1846 3100
482 141 537 173 De
560 140 693 181 legibus
722 139 984 182 municipalibus
1012 139 1219 182 Hispanicis.
1540 136 1614 179 301

77 251 237 302 credat,
274 251 350 307 qui
391 265 603 306 nusquam
641 264 772 305 prope
804 263 829 289 a
858 247 1138 304 scriptoribus
1175 248 1322 304 populi
1364 248 1624 290 sanctionem

80 323 400 367 commemorari
449 322 591 364 videat
637 334 764 376 atque
809 321 936 362 etiam
979 320 1092 376 apud
1139 321 1475 370 iureconsultos‚
1520 320 1623 375 quid

78 396 243 440 senatui
283 395 502 452 placuerit,
544 409 644 444 non,
673 394 777 448 quid
807 393 992 449 populus
1031 393 1218 443 iusserit,
1250 393 1419 435 afferri?
1474 393 1625 448 Itaque

77 470 235 512 factum
267 474 344 518 est,
374 475 422 509 ut
450 465 604 508 nomen
634 465 761 508 etiam
792 473 964 507 senatus
997 466 1287 507 consultorum
1317 465 1445 507 latius
1463 472 1627 521 pateret

79 547 204 596 atque
234 540 289 582 ad
319 554 383 590 ea,
415 554 526 596 quae
562 546 603 580 et
633 554 658 580 a
685 545 836 579 senatu
868 537 1039 579 decreta
1070 546 1111 579 et
1140 553 1165 579 a
1193 538 1350 594 populo
1381 537 1628 579 confirmata

83 619 240 662 essent,
268 612 585 654 transferretur.
637 610 769 653 Velut
796 610 864 651 lox
893 610 966 652 illa
991 610 1116 652 Iunia
1141 610 1328 660 Vellaea,
1352 625 1480 665 quam
1514 609 1628 650 dixi-

80 701 190 736 mus,
236 684 343 727 solet
372 684 445 727 illa
471 683 645 739 quidem
675 683 743 724 lex
770 682 972 738 appellari
1005 682 1128 739 (Dig.
1157 682 1380 731 XXVIII,
1411 682 1437 724 2
1467 682 1520 723 de
1554 680 1627 723 lib.

81 766 122 800 et
150 774 192 815 p.
220 758 307 811 29),
349 757 425 799 sed
463 764 642 798 vocatur
672 755 798 797 etiam
838 755 1256 797 senatusconsultum
1285 754 1407 810 (Dig.
1443 754 1571 804 XVI,
1607 757 1621 795 1

81 831 135 872 ad
165 829 316 873 Scons.
343 829 455 879 Vell.
476 829 535 883 2),
565 828 682 870 unde
713 827 921 883 suspicor,
953 843 1150 883 magnam
1179 835 1342 884 partem
1374 827 1498 868 etiam
1530 826 1628 868 reli-

82 917 265 958 quorum
310 902 365 944 de
409 902 502 943 iure
549 900 663 943 civili
708 900 1192 950 senatusconsultorum,
1240 915 1350 955 quae
1394 914 1532 954 usque
1574 899 1629 940 ad

82 973 308 1035 Commodi
350 982 542 1030 tempora
579 981 678 1015 nota
717 979 828 1020 sunt,
866 973 986 1028 leges
1019 980 1060 1014 et
1095 972 1231 1014 fuisse
1268 979 1309 1013 et
1347 972 1536 1028 potuisse
1573 973 1631 1014 ita

82 1047 299 1104 appellari.
358 1046 446 1089 Sed
477 1045 674 1102 persequi
716 1045 797 1086 hoc
837 1053 1138 1101 argumentum
1178 1045 1373 1099 leviaque
1412 1060 1520 1099 quae
1556 1060 1631 1101 per

63 1120 376 1176 ‚antiquitatem
407 1119 602 1175 dispersa
628 1124 727 1159 sunt
756 1117 940 1173 vestigia
969 1117 1174 1172 indagare
1205 1132 1289 1158 non
1320 1126 1384 1159 est
1404 1117 1531 1159 huius
1550 1117 1630 1159 loci

81 1208 220 1247 neque
267 1191 322 1234 ad
359 1207 450 1234 eam
490 1191 544 1232 de
580 1206 665 1246 qua
695 1190 966 1245 disputamus
995 1189 1136 1245 legem
1177 1190 1496 1245 intelligendam
1529 1204 1631 1231 con-

82 1265 246 1314 ferunt3
282 1271 445 1305 tantum
477 1272 710 1312 teneamus,
749 1270 936 1304 veterem
965 1262 1112 1317 legum
1143 1262 1416 1304 ferendarum
1449 1277 1629 1303 consue-

83 1337 292 1386 tudinem,
325 1336 360 1378 si
387 1351 471 1377 non
502 1335 544 1377 vi
576 1350 626 1378 ac
651 1350 711 1385 re,
743 1342 855 1376 certe
884 1335 1023 1390 speeie
1051 1350 1102 1376 ac
1132 1334 1300 1376 nomine
1335 1349 1428 1376 esse
1459 1349 1630 1376 conser-

84 1415 238 1451 vatam.

196 1481 258 1523 At
287 1481 399 1522 enim
431 1480 518 1522 duo
549 1495 708 1536 genera
737 1480 884 1536 legum
920 1479 1077 1535 excipit
1115 1479 1280 1522 Theod.
1318 1478 1630 1521 Mommsenius

82 1555 127 1596 in
169 1554 322 1609 iisque,
362 1568 470 1608 quae
502 1553 546 1594 in
572 1552 746 1607 reliquis
777 1551 947 1606 legibus
974 1551 1149 1594 Tiberio
1175 1552 1409 1608 imperante
1438 1552 1631 1607 perisset,

87 1633 273 1668 veterem
306 1625 662 1668 consuetudinem
692 1632 896 1666 retentam
924 1639 1018 1666 esse
1049 1632 1206 1674 censet,
1237 1624 1291 1666 de
1323 1624 1491 1666 civitate
1521 1622 1631 1664 mili-

85 1698 200 1741 tibus
246 1697 433 1740 emeritis
473 1697 672 1739 donanda
717 1704 758 1738 et
793 1696 1129 1752 municipalium,
1169 1695 1326 1752 quibus
1365 1695 1632 1751 respublicae

88 1770 417 1827 municipiorum
458 1777 499 1811 et
539 1769 801 1811 coloniarum
841 1768 1220 1812 constituebantur.
1284 1768 1394 1810 Nam
1437 1766 1631 1822 quamvis

89 1843 236 1899 populi
259 1849 448 1899 potestas
479 1841 646 1884 sublata
676 1848 801 1891 esset,
833 1841 876 1882 in
907 1841 972 1882 his
995 1848 1135 1883 tamen
1163 1840 1391 1897 generibus
1418 1841 1501 1882 iam
1524 1839 1632 1881 antiz-

86 1915 233 1971 quitus
271 1914 420 1971 populi
461 1922 600 1970 partes
637 1913 829 1956 mandari
868 1913 1146 1956 consuevisse
1183 1912 1451 1968 magistratui
1493 1911 1632 1961 alicui,

91 1987 378 2042 translataque
413 1987 468 2029 ad
498 1987 794 2043 imperatorem
827 2002 994 2028 summa
1028 1986 1150 2028 etiam
1186 1987 1331 2042 legum
1361 1984 1634 2028 ferendarum

90 2066 312 2115 potestate,
351 2066 393 2101 et
425 2059 647 2115 antiquum
688 2074 845 2100 morem
878 2066 1176 2101 conservatum
1206 2066 1244 2101 et
1276 2058 1354 2100 rite
1382 2058 1527 2112 legum
1556 2071 1634 2097 no-

91 2146 187 2173 men
217 2138 469 2186 usurpatum
499 2146 606 2173 esse.
652 2131 753 2184 Qua
775 2131 818 2172 in
846 2130 1054 2172 sententia
1070 2130 1175 2172 illud
1201 2130 1408 2186 imprimis
1425 2127 1633 2184 improbo,

95 2203 213 2258 quod
240 2203 323 2245 iam
354 2203 458 2253 dixi,
487 2203 633 2259 legum
665 2203 838 2258 aliquod
880 2203 1109 2244 discrimen
1149 2203 1290 2251 statui,
1323 2202 1440 2257 quod
1469 2200 1635 2242 nullum

93 2275 186 2316 fuit.
245 2275 354 2317 Nam
396 2289 481 2317 non
518 2275 668 2317 barum
702 2275 844 2325 modo,
875 2290 1024 2317 verum
1056 2275 1246 2316 omnium
1281 2275 1452 2316 omnino
1488 2274 1635 2329 legum

94 2347 331 2389 dandarum
377 2347 458 2400 (sic
498 2347 610 2389 enim
657 2355 822 2390 veteres
865 2346 1083 2400 dicebant)
1129 2354 1381 2402 potestatem
1421 2361 1445 2386 a
1486 2352 1635 2388 senatu

92 2420 338 2475 populoque
375 2420 569 2462 Romano
605 2421 701 2476 lege
731 2420 973 2462 mandatam
1012 2434 1106 2461 esse
1136 2419 1275 2461 video.
1328 2419 1380 2460 L.
1412 2416 1637 2460 Cornelius

93 2490 214 2533 Sulla
255 2499 359 2547 quot
395 2500 537 2548 partes
568 2493 824 2549 reipublicae
855 2491 1093 2533 immutavit
1121 2506 1172 2533 ac
1198 2490 1448 2532 constituit?
1504 2489 1638 2531 Dedit

94 2578 194 2611 sane
231 2564 426 2620 plurimis
462 2564 707 2607 hominibus
747 2564 960 2606 civitatem
988 2564 1236 2611 Romanam,
1267 2562 1447 2604 deduxit
1480 2562 1637 2604 multos

92 2634 136 2676 in
166 2635 369 2686 colonias,
401 2636 477 2678 sed
506 2644 726 2692 praeterea
753 2637 825 2679 vix
855 2637 990 2678 ullum
1022 2642 1111 2678 erat
1133 2635 1215 2684 ius,
1245 2634 1360 2689 quod
1389 2648 1474 2676 non
1493 2649 1637 2676 emen-

94 2706 227 2749 daret.
283 2707 429 2763 Atque
457 2708 562 2751 haec
593 2724 691 2751 eum
731 2724 784 2751 ex
812 2709 909 2765 lege
942 2707 1115 2751 Valeria
1145 2707 1287 2762 egisse
1316 2714 1494 2757 constat,
1527 2721 1637 2761 quae

95 2778 266 2821 definite
304 2779 414 2822 hanc
454 2787 707 2836 potestatem
743 2780 886 2830 dabat,
930 2787 978 2821 ut
1019 2786 1153 2821 morte
1195 2779 1361 2835 punire,
1403 2778 1637 2834 publicare,

97 2851 282 2894 colonias
319 2852 549 2903 deducere,
592 2867 725 2909 regna
764 2853 951 2894 adimere
990 2852 1150 2901 liceret,
1188 2865 1296 2906 quae
1340 2850 1510 2906 singula
1545 2850 1638 2892 iure
