1846 3100
163 132 217 176 42
610 139 665 170 De
690 137 803 170 Gallia
825 139 1056 172 Romanorum
1082 142 1265 184 provincia.

161 253 338 302 gnorat,
381 245 631 301 eligebatur.
690 245 765 289 Sic
795 245 964 297 Sicilia,
1000 248 1236 305 Hispania,
1266 251 1436 303 Africa,
1468 253 1576 296 Asia
1604 261 1706 296 sunt

161 318 437 369 constitutae,
465 319 527 361 sic
553 320 649 375 ipsa
675 334 774 362 cum
798 319 968 362 civitate
1003 320 1236 364 donaretur
1262 323 1402 374 ltalia,
1430 325 1492 367 sic
1520 324 1704 380 denique

159 390 367 446 quicquid
395 390 596 447 deinceps
625 391 879 433 mutandum
904 392 1133 435 videbatur
1168 410 1286 445 esse,
1322 396 1595 439 emendatum
1625 404 1703 447 est,

159 469 368 517 notaeque
400 470 498 505 sunt
530 463 649 518 leges
679 463 900 520 Rupilias,
938 464 1095 520 quibus
1125 467 1258 509 multa
1286 482 1365 524 per
1391 468 1579 511 Siciliam
1605 484 1703 512 san-

161 533 244 576 cita
270 542 384 586 sunt,
409 535 479 577 lex
497 535 713 591 Pompeia,
744 550 829 590 qua
857 536 1061 592 Bithynia
1088 539 1317 582 constituta
1342 548 1408 582 est
1438 538 1702 597 (Commeat.

159 606 378 663 epigraph.
410 606 505 649 Vol.
534 607 555 649 I
582 622 623 663 p.
637 607 691 650 76
710 614 752 649 et
773 607 978 663 saepius),
1010 606 1209 653 Cornelia
1233 611 1277 653 in
1307 612 1402 669 ipsa
1419 611 1556 663 Italia,
1582 612 1704 655 aliae.

155 678 254 721 Rite
285 679 398 721 enim
426 678 505 721 hae
532 694 725 734 quoque,
758 694 868 735 quae
903 680 957 723 ab
996 696 1061 731 eo,
1096 683 1167 724 cui
1196 699 1221 725 a
1255 685 1416 740 populo
1455 684 1703 728 mandatum

158 758 243 802 est,
283 751 440 794 dantur
479 754 604 806 (nam
635 752 804 808 proprie
837 752 929 795 dari
968 753 1223 810 dicuntur),
1265 756 1386 813 leges
1422 757 1704 814 appellantur,

159 831 387 879 propterea
413 824 531 879 quod
559 839 612 866 ex
632 824 881 866 auctoritate
903 826 1053 882 populi
1075 827 1337 870 sanciuntur.
1367 829 1436 871 De
1455 844 1540 885 quo
1557 829 1704 886 legum

158 911 314 953 genere
346 911 484 952 nuper
499 895 664 938 Theod.
683 896 1012 948 Mommsenius,
1045 913 1143 940 cum
1171 899 1225 942 de
1255 900 1413 944 tabulis
1443 901 1587 944 aeneis
1607 899 1704 944 Sal-

156 983 348 1024 pensana
374 975 416 1010 et
440 969 702 1012 Malacitana
731 969 892 1011 diceret
928 970 999 1026 (in
1031 973 1459 1016 commentationibus
1491 973 1703 1016 societatis

156 1040 283 1082 litter.
323 1040 467 1096 regiae
495 1039 734 1084 Saxonicae
773 1042 872 1084 anni
901 1043 1006 1085 1855
1038 1042 1134 1085 Vol.
1159 1044 1230 1086 III
1258 1060 1298 1100 p.
1328 1045 1453 1099 390),
1493 1045 1704 1100 quaedam

157 1112 413 1168 disputavit:
441 1113 514 1169 qui
531 1128 682 1155 vereor
700 1121 855 1163 tamen,
878 1130 930 1156 ne
950 1123 991 1155 et
1011 1116 1180 1158 omnino
1200 1117 1470 1171 angustiores
1488 1117 1704 1172 aliquanto

154 1184 261 1227 fines
283 1185 553 1228 constituerit
579 1200 706 1240 quam
733 1186 909 1228 fuerunt
935 1194 977 1228 et
997 1186 1041 1228 id
1061 1189 1406 1243 praetermiserit,
1435 1189 1479 1230 in
1509 1204 1594 1244 quo
1622 1189 1703 1232 im-

157 1266 401 1313 peratorum
433 1258 607 1314 quidem
634 1266 822 1314 tempore
854 1258 993 1313 posita
1023 1266 1142 1301 erant
1170 1261 1322 1302 omnia.
1358 1260 1560 1317 Neglexit
1588 1261 1702 1303 enim

156 1330 388 1373 discrimen
419 1331 737 1386 provinciarum
770 1330 1078 1372 senatoriarum
1098 1338 1136 1373 et
1165 1347 1326 1382 earum,
1350 1347 1457 1387 quas
1473 1333 1704 1388 imperator

156 1410 372 1457 tamquam
402 1403 483 1446 sibi
514 1404 708 1459 proprias
740 1403 929 1459 regebat.
987 1403 1038 1445 In
1066 1403 1133 1445 his
1164 1404 1346 1447 dubium
1374 1420 1458 1447 non
1488 1412 1566 1455 est,
1599 1405 1703 1461 quin

154 1475 404 1531 imperator,
442 1476 547 1531 quid
579 1475 660 1518 sibi
691 1476 759 1518 vel
787 1476 841 1518 de
871 1476 1098 1518 universae
1127 1477 1373 1533 provinciae
1401 1477 1703 1520 constitutione

155 1549 224 1590 vel
255 1549 309 1590 de
338 1548 561 1590 civitatum
591 1547 812 1605 republica
840 1548 1046 1604 placeret,
1082 1548 1175 1604 ipse
1214 1564 1343 1605 opera
1376 1549 1614 1605 legatorum
1645 1549 1703 1591 ita

156 1621 370 1671 sanxerit,
404 1628 453 1662 ut
481 1635 561 1663 nec
590 1620 739 1677 populi
770 1635 909 1675 neque
949 1628 1122 1663 senatus
1151 1621 1401 1664 auctoritate
1428 1635 1539 1676 opus
1567 1628 1701 1663 esset:

153 1692 198 1734 in
229 1693 314 1735 illis
351 1701 475 1735 vetus
519 1692 808 1742 consuetudo,
848 1699 896 1733 ut
930 1699 1103 1735 senatus
1138 1693 1383 1735 consultum
1421 1692 1704 1735 intercederet

154 1780 237 1806 non
267 1765 409 1807 minus
439 1764 788 1814 conservabatur,
817 1779 944 1819 quam
976 1764 1076 1806 olim
1106 1765 1151 1806 in
1177 1764 1312 1807 libera
1336 1764 1571 1820 republica,
1603 1779 1702 1808 cum

155 1838 275 1893 leges
300 1837 498 1893 Rupilias
524 1852 576 1878 ex
609 1835 841 1879 Sconsulto
872 1836 993 1878 datas
1026 1851 1120 1878 esse
1152 1836 1301 1879 scribit
1331 1834 1487 1879 Cicero
1517 1836 1562 1878 in
1578 1836 1702 1879 Verr.

156 1910 213 1959 II,
247 1909 310 1959 16,
343 1910 394 1952 40
426 1917 468 1950 et
495 1910 553 1958 Π,
585 1910 652 1959 37,
682 1908 750 1951 90.
797 1906 886 1949 Sed
918 1907 1114 1963 pluribus
1144 1908 1255 1950 hanc
1285 1909 1579 1963 quaestionem
1604 1922 1702 1964 per-

156 1982 275 2036 sequi
306 1981 413 2023 nihil
439 1982 610 2030 attinet3
659 1987 836 2036 apparet
865 1979 999 2029 enim,
1041 1979 1215 2036 opinor,
1257 1980 1397 2034 legem
1425 1980 1541 2022 illam
1569 1979 1701 2022 Pom-

153 2054 315 2110 peiam,
356 2069 465 2108 quae
497 2069 522 2095 a
550 2052 692 2094 Plinio
719 2058 1093 2101 commemoratur,
1132 2067 1218 2093 non
1245 2052 1382 2095 Iuliae
1415 2052 1484 2094 vel
1508 2051 1702 2094 Plautiae

155 2126 355 2182 Papiriae
384 2125 521 2167 fuisse
539 2139 699 2180 parem,
733 2124 810 2166 sed
838 2139 891 2165 ex
910 2138 960 2165 eo
989 2138 1161 2179 genere,
1190 2124 1307 2179 quod
1337 2140 1362 2166 a
1383 2123 1702 2180 provinciarum

155 2197 428 2254 praesidibus
458 2196 550 2239 dari
583 2196 751 2238 soleret.
791 2194 952 2249 Quare,
988 2203 1032 2237 ut
1064 2196 1235 2237 tandem
1261 2196 1314 2238 ab
1344 2195 1425 2238 hac
1452 2195 1555 2238 satis
1573 2195 1704 2251 longa

155 2269 424 2325 digressione
457 2269 511 2310 ad
541 2268 665 2318 hanc,
694 2283 804 2323 quae
834 2268 1052 2324 proposita
1080 2275 1158 2317 est,
1198 2267 1530 2323 disputationem
1558 2282 1702 2309 rever-

155 2349 308 2390 tamur,
327 2339 408 2383 Cn.
430 2341 693 2397 Pompeium,
723 2339 793 2382 cui
811 2339 978 2381 Italiam
996 2339 1263 2396 provinciam
1289 2339 1484 2382 evenisse
1503 2339 1702 2388 diximus,

155 2413 341 2455 eundem
375 2413 421 2454 in
452 2412 596 2456 Gallia
631 2422 670 2455 et
701 2412 948 2468 Cispadana
989 2420 1030 2454 et
1060 2411 1369 2467 Transpadana
1397 2426 1496 2453 cum
1524 2410 1702 2467 imperio

156 2492 375 2527 versatum
406 2500 502 2528 esse
531 2484 935 2527 demonstravimus.

267 2557 339 2599 De
365 2556 616 2600 consulibus
646 2557 746 2599 anni
773 2557 826 2600 88
856 2572 894 2598 a.
912 2554 1016 2598 Chr.
1042 2555 1125 2598 iam
1155 2570 1288 2611 supra
1316 2554 1527 2610 quaedam
1553 2554 1703 2610 dispu-

155 2629 367 2679 tavimus,
410 2643 464 2671 ex
509 2629 668 2684 quibus
704 2629 757 2670 L.
802 2628 926 2671 Sulla
963 2634 1190 2684 postquam
1230 2626 1492 2669 discordiam
1535 2626 1703 2669 civilem

155 2708 375 2757 utcunque
415 2700 680 2757 composuit,
725 2700 779 2743 ad
824 2699 983 2742 bellum
1025 2699 1388 2749 Mithridaticum,
1434 2698 1551 2753 quod
1591 2704 1703 2740 sorte

156 2780 402 2829 acceperat,
449 2773 476 2815 i.
519 2788 555 2815 e.
597 2772 641 2814 in
679 2771 981 2815 Macedoniam
1022 2778 1063 2814 et
1095 2770 1247 2814 Asiam
1293 2770 1536 2826 provincias
1579 2770 1704 2825 (nam

160 2852 386 2901 utramque
415 2844 689 2888 Mithridates
719 2842 982 2900 occuparat),
1006 2843 1239 2899 profectus,
1265 2842 1320 2896 Q.
1342 2841 1576 2898 Pompeius
1605 2856 1704 2884 cum
