1846 3100
139 149 165 194 6
575 153 630 186 De
654 152 769 186 Gallia
794 154 1030 187 Romanorum
1064 155 1248 197 provincia.

140 261 300 305 scribit.
357 263 498 306 Multa
526 263 608 306 alia
633 265 824 320 priorum
853 280 1061 308 annorum
1093 266 1288 322 exempla
1313 265 1439 323 paulo
1469 271 1580 321 post,
1610 262 1685 307 ubi

140 334 194 376 de
227 333 394 377 Galliae
436 335 644 392 regimine
690 337 814 392 quale
845 344 948 379 tunc
977 338 1128 389 fuerit,
1174 352 1405 394 exponam,
1443 337 1686 379 afferentur.

139 404 320 450 Constet.
346 407 480 464 igitur
509 423 619 450 anno
654 409 755 459 167,
786 417 913 465 atque
945 410 1071 452 etiam
1105 409 1183 452 166
1211 426 1247 452 a.
1279 407 1381 451 Chr.
1409 423 1521 459 eam,
1557 423 1686 464 quam

137 478 218 520 hoc
245 479 340 521 loco
370 479 657 535 appellamus,
691 481 957 537 provinciam
982 481 1174 524 nondum
1211 481 1346 524 fuisse
1373 480 1573 523 Galliam.
1625 479 1687 522 At

135 550 219 592 fuit
254 565 304 592 eo
332 565 465 602 anno,
506 567 591 607 quo
620 550 773 595 Cicero
799 568 876 609 pro
902 553 966 595 Μ.
991 553 1195 604 Fonteio,
1231 552 1567 610 repetundarum
1598 565 1686 601 reo,

137 621 259 664 dixit.
316 623 426 665 Eam
458 624 691 666 orationem
719 631 946 680 postquam
972 626 1069 682 lege
1098 625 1279 668 Aurelia
1308 639 1418 667 anno
1444 624 1499 668 70
1527 622 1688 665 iudicia

142 709 240 736 cum
270 694 553 745 senatoribus,
584 695 814 750 equitibus,
845 696 1030 739 tribunis
1046 697 1219 740 aerariis
1241 696 1552 739 communicata
1573 702 1686 743 sunt,

136 766 321 809 habitam
355 782 450 809 esse
483 775 668 818 constat,
705 767 934 824 ipsumque
964 769 1195 811 Fonteium
1223 767 1377 811 Cicero
1407 782 1443 810 c.
1473 768 1497 810 3
1527 768 1586 810 ait
1614 767 1687 809 illo

136 846 324 894 tempore
361 839 608 895 provinciae
652 855 754 882 suae
795 840 1055 896 praefuisse,
1108 856 1206 883 cum
1252 840 1425 883 maximi
1473 839 1686 881 exercitus

136 910 285 966 populi
315 910 497 953 Romani
539 911 850 968 clarissimique
886 912 1165 969 imperatores
1201 914 1244 955 in
1279 911 1490 968 Hispania
1529 918 1686 960 essent,

136 990 262 1038 atque
304 982 518 1024 exercitus
549 981 632 1025 Cn.
658 983 854 1040 Pompeii
889 985 1101 1028 maximus
1140 993 1267 1042 atque
1307 983 1604 1026 ornatissimus
1643 983 1686 1024 in

137 1052 279 1097 Gallia
302 1054 569 1097 hibernaret:
615 1056 872 1112 Pompeium
904 1063 1047 1099 autem
1076 1072 1186 1099 anno
1215 1057 1268 1101 74
1300 1057 1343 1098 in
1374 1055 1517 1099 Gallia
1540 1055 1683 1097 hiber-

137 1141 263 1168 nasse
292 1127 499 1169 discimus
531 1143 583 1170 ex
615 1128 713 1170 Liv.
750 1128 851 1184 epit.
878 1126 1051 1170 XCIII.
1110 1128 1256 1183 Quare
1292 1129 1328 1171 si
1354 1129 1471 1170 hunc
1498 1127 1683 1184 primum

135 1198 198 1239 M.
229 1198 398 1241 Fonteii
427 1216 586 1242 annum
613 1200 748 1243 fuisse
781 1199 1027 1256 putabimus
1067 1202 1195 1257 (nam
1227 1216 1302 1257 per
1327 1200 1555 1243 triennium
1588 1215 1686 1242 eum

132 1271 378 1326 provinciae
413 1288 514 1315 suae
546 1272 786 1329 praefuisse
813 1271 872 1313 ait
895 1269 1049 1314 Cicero
1079 1287 1114 1314 c.
1144 1273 1243 1328 22),
1276 1272 1508 1322 efficietur,
1538 1278 1586 1313 ut
1615 1271 1686 1312 ille

133 1342 185 1384 ab
216 1358 327 1385 anno
353 1344 407 1387 73
433 1359 571 1400 usque
606 1344 661 1385 ad
691 1345 741 1387 71
776 1343 962 1386 Galliam
995 1345 1175 1396 rexerit,
1214 1346 1432 1401 oratioque
1463 1342 1686 1385 Ciceronis

135 1430 246 1457 anno
277 1416 331 1458 70
362 1423 544 1458 exeunte
574 1417 643 1458 vel
673 1416 726 1458 69
762 1415 936 1457 ineunte
968 1416 1113 1459 habita
1142 1419 1207 1460 sit.
1252 1417 1382 1460 Rexit
1410 1422 1552 1458 autem
1572 1415 1686 1457 Fon-

134 1487 245 1529 teius
293 1488 426 1529 solam
466 1487 792 1543 Transalpinam
831 1487 1029 1530 Galliam.
1099 1489 1270 1531 Etenim
1302 1487 1455 1531 Cicero
1500 1501 1598 1530 cum
1642 1487 1686 1529 in

135 1559 386 1601 defensione
426 1559 507 1602 hoc
544 1560 726 1601 maxime
770 1567 937 1616 ageret,
981 1568 1029 1602 ut
1076 1576 1175 1604 eum
1216 1578 1241 1604 a
1277 1560 1446 1603 civibus
1481 1559 1686 1602 Romanis

136 1631 275 1687 iisque
303 1631 445 1682 sociis,
484 1632 558 1688 qui
588 1631 673 1674 fide
703 1630 989 1687 praestarent,
1027 1634 1215 1684 laudari,
1245 1634 1299 1676 ab
1328 1632 1509 1688 iis,'qui
1537 1646 1685 1674 recens

135 1702 302 1745 subacti
344 1719 491 1746 omnes
535 1704 811 1760 magistratus
859 1704 1076 1748 Romanos
1122 1707 1166 1748 in
1213 1705 1420 1747 invidiam
1469 1704 1683 1746 adducere

134 1783 402 1826 conarentur,
432 1776 626 1819 accusari
654 1777 839 1826 doceret,
870 1776 981 1818 inter
1008 1777 1253 1820 laudatores
1277 1782 1579 1819 commemorat
1602 1790 1638 1818 c.
1657 1776 1682 1818 3

135 1848 447 1904 negotiatores,
480 1849 582 1891 item
611 1847 934 1898 Narbonenses,
972 1849 1293 1899 Massilienses,
1330 1849 1406 1891 sed
1441 1848 1600 1890 nullam
1629 1862 1681 1889 ex

135 1928 198 1962 tot
224 1921 416 1971 coloniis,
449 1927 511 1963 tot
540 1920 798 1976 municipiis,
834 1935 942 1975 quae
973 1921 1018 1962 in
1053 1919 1272 1977 Cisalpina
1302 1920 1444 1963 Gallia
1473 1926 1604 1970 erant,
1634 1927 1683 1961 ut

133 1991 235 2035 huic
279 2009 379 2035 eum
423 2008 508 2035 non
548 1992 789 2048 praefuisse
833 1992 1068 2034 certissime
1115 1993 1438 2049 perspiciamus.
1508 1991 1600 2034 Nec
1647 1991 1682 2033 si

133 2063 418 2121 Transalpina
444 2072 548 2106 tunc
577 2065 661 2106 fuit
689 2063 924 2120 provincia,
953 2078 1130 2106 necesse
1162 2071 1226 2106 est
1251 2064 1378 2106 fuerit
1401 2064 1527 2106 etiam
1543 2061 1683 2105 Cisal—

133 2136 235 2191 pina
256 2137 447 2192 falsaque
474 2146 539 2178 est
564 2137 755 2178 virorum
781 2136 1005 2178 doctorum
1024 2135 1181 2191 opinio,
1212 2137 1302 2192 qui,
1329 2137 1445 2192 quod
1465 2133 1683 2191 Cisalpina

132 2208 310 2263 propius
342 2208 537 2258 Romam,
568 2208 714 2250 sedem
743 2202 923 2264 imperii,
955 2208 1036 2250 sita
1066 2215 1144 2258 est,
1173 2208 1271 2250 ideo
1301 2224 1394 2251 eam
1423 2208 1608 2265 priorem
1637 2208 1681 2249 in

133 2278 263 2329 illam,
294 2295 423 2334 quam
450 2280 532 2322 hoc
560 2280 653 2322 loco
674 2279 873 2329 dicimus,
905 2280 1152 2335 provinciae
1181 2281 1359 2323 sormam
1390 2280 1528 2337 redigi
1557 2294 1680 2337 opor-

135 2350 270 2392 tuisse
303 2351 558 2394 existimant.
1392 2348 1394 2351 ’

242 2422 467 2465 Habemus
484 2423 619 2479 igitur
635 2429 805 2465 centum
823 2438 956 2479 prope
979 2439 1187 2466 annorum
1206 2424 1403 2480 spatium,
1418 2438 1502 2479 quo
1513 2423 1680 2466 Galliae

135 2501 249 2536 certe
282 2502 443 2550 partem
473 2496 659 2551 aliquam
699 2495 758 2537 ita
791 2495 1013 2538 videamus
1043 2511 1137 2538 esse
1170 2497 1464 2546 constitutam,
1501 2502 1550 2537 ut
1589 2495 1679 2538 suis

130 2566 402 2621 praesidibus
433 2574 648 2609 uteretur:
691 2567 808 2622 quod
843 2575 891 2609 ut
921 2576 1180 2618 coartemus,
1221 2569 1407 2624 primum
1436 2567 1679 2610 faciendum

132 2652 226 2680 esse
253 2646 477 2694 putamus,
515 2646 564 2680 ut
590 2654 676 2694 qua
701 2639 863 2681 ratione
890 2639 1032 2682 Gallia
1071 2647 1168 2682 ante
1209 2656 1369 2683 annum
1400 2639 1475 2682 167
1506 2656 1542 2682 a.
1573 2638 1677 2682 Chr.

131 2709 417 2753 administrari
436 2710 663 2760 consuerit,
680 2711 985 2755 examinemus.
1006 2713 1097 2755 Iam
1115 2728 1226 2755 anno
1252 2713 1328 2756 169
1339 2712 1495 2754 Livius
1504 2711 1677 2760 XLIII,

134 2782 181 2823 11
200 2782 311 2823 et15
328 2788 471 2824 narrat
498 2781 763 2837 praetoribus
790 2784 990 2839 reliquas,
1018 2800 1125 2839 quae
1145 2793 1248 2827 tunc
1278 2790 1410 2834 erant,
1438 2783 1676 2839 provincias

131 2851 372 2903 obvenisse,
405 2853 654 2896 consulibus
682 2853 762 2897 Cn.
780 2855 964 2899 Servilio
989 2856 1194 2914 Caepioni
1223 2858 1401 2906 Italiam,
1430 2855 1486 2908 Q.
1510 2854 1676 2897 Marcio
