1846 3100
194 159 277 204 246
636 162 691 193 De
717 161 888 194 dictatoris
917 160 1074 194 Caesaris
1098 162 1298 195 honoribus.

194 271 381 329 ponitur,
414 270 633 314 Goltziani
663 275 764 311 sunt
792 284 842 312 ac
871 284 1022 326 parum
1052 269 1154 312 fidei
1183 269 1355 314 habent.
1410 271 1600 316 Omnino
1631 274 1744 317 enim

197 343 398 387 Goltzius
424 343 469 385 in
493 342 646 384 horum
675 341 986 397 praefectorum
1009 343 1213 384 memoria
1238 344 1537 400 amplificanda
1562 346 1744 389 multum

195 431 350 473 operae
380 414 647 470 consumpsit
679 414 858 469 eiusque
886 413 1160 458 adornandae
1196 430 1327 458 causa
1359 416 1486 459 etiam
1516 415 1744 461 Caesarem

194 489 496 544 imperatorem
524 493 726 542 quartum
755 486 1015 542 excogitavit
1043 486 1233 541 (Morell.
1259 487 1347 530 Inc.
1369 489 1436 539 ¹25,
1456 489 1552 544 23);
1583 490 1659 532 sed
1683 490 1745 532 illi

195 567 350 610 tamen,
377 560 422 601 in
452 559 612 615 quibus
643 556 805 600 Caesar
832 558 1014 600 dictator
1040 558 1213 600 tertium
1243 559 1492 616 appellatur,
1525 568 1625 604 sunt
1653 577 1745 604 cer-

195 632 363 675 tissimi.
430 632 520 674 Iam
556 647 692 673 unum
734 630 862 672 modo
902 631 1217 686 praefectorum
1259 647 1397 687 genus
1434 633 1567 687 vulgo
1597 641 1745 676 notum

196 714 280 754 est,
321 704 525 759 nimirum
555 719 725 753 eorum,
765 703 839 757 qui
869 702 1096 757 quotannis
1126 703 1243 745 feriis
1272 692 1438 746 Latinis
1471 707 1605 748 creari
1636 706 1744 749 sole-

195 777 318 827 bant,
363 776 439 818 sed
476 776 521 817 hi
555 783 596 818 et
631 774 941 818 adolescentuli
973 782 1093 816 erant
1120 774 1307 825 nobiles,
1348 790 1446 817 cum
1475 777 1527 819 L.
1554 777 1743 821 Plancus

195 849 279 891 iam
319 849 395 890 diu
435 846 635 890 Caesaris
669 847 840 902 legatus
878 847 1033 889 fuisset
1074 847 1193 899 (bell.
1228 846 1362 889 Afric.
1390 848 1437 898 43
1479 846 1604 891 Caes.
1646 849 1744 893 bell.

196 922 278 964 civ.
307 921 343 971 Ι,
374 921 447 971 4ος
483 920 581 963 bell.
614 919 728 963 Gall.
759 919 813 970 V,
845 920 940 974 24),
973 925 1015 960 et
1042 934 1118 975 per
1147 920 1359 961 tantulum
1389 927 1557 978 tempus
1586 921 1744 965 honore

194 993 500 1050 fungebantur,
531 999 579 1034 ut
608 992 714 1034 nulli
744 1007 891 1034 eorum
920 991 1083 1033 nummi
1111 998 1256 1034 extare
1283 993 1472 1048 possint3
1503 994 1576 1036 illo
1603 1001 1744 1037 autem

195 1081 305 1108 anno
340 1066 392 1108 46
434 1065 523 1107 Dio
553 1064 736 1115 XLIII,
777 1065 830 1107 48
870 1071 1013 1106 narrat
1046 1078 1132 1106 non
1172 1080 1307 1106 unum
1346 1065 1482 1108 fuisse
1519 1081 1595 1122 per
1635 1074 1744 1110 totas

193 1139 345 1188 ferias,
385 1137 462 1180 sed
491 1137 648 1179 violato
680 1145 824 1179 vetere
853 1137 945 1179 iure
970 1137 1014 1178 in
1045 1137 1239 1192 singulos
1261 1137 1353 1180 dies
1374 1137 1582 1194 singulos,
1613 1154 1744 1194 quare

195 1211 330 1253 multo
357 1210 484 1253 etiam
505 1209 647 1251 minus
669 1209 722 1252 de
739 1209 792 1251 iis
813 1209 991 1265 cogitari
1010 1210 1178 1265 poterit.
1233 1209 1508 1266 Quapropter
1531 1225 1608 1267 pro
1630 1219 1745 1254 certo

197 1283 290 1332 erit,
319 1282 372 1324 L.
399 1282 622 1332 Plancum,
654 1282 727 1336 qui
757 1281 801 1322 in
830 1282 1016 1323 nummis
1048 1297 1158 1324 anno
1187 1282 1240 1324 46
1270 1282 1511 1338 praefectus
1541 1283 1639 1325 urbi
1667 1299 1744 1325 no-

195 1355 404 1405 minatur,
449 1370 585 1396 unum
617 1369 670 1396 ex
703 1360 798 1396 octo
826 1353 911 1396 illis
945 1353 1103 1403 fuisse,
1145 1369 1252 1409 quos
1281 1352 1443 1396 Caesar
1472 1355 1652 1398 dictator
1677 1355 1745 1398 III

194 1426 248 1469 ab
277 1426 383 1469 urbe
410 1426 688 1482 proficiscens
720 1425 894 1468 creavit.
945 1423 1034 1467 Sed
1057 1441 1142 1480 quo
1163 1441 1215 1468 ex
1238 1426 1387 1468 ordine
1407 1425 1569 1470 Caesar
1589 1427 1745 1484 elegit?

193 1499 291 1542 Non
322 1499 495 1541 videtur
520 1498 573 1540 L.
594 1497 784 1540 Plancus
814 1497 950 1540 fuisse
979 1498 1230 1553 praetorius.
1285 1499 1480 1541 Primum
1508 1500 1624 1542 nulla
1652 1500 1744 1543 eius

193 1572 255 1615 rei
282 1571 487 1614 memoria
511 1570 742 1620 invenitur,
773 1570 931 1612 deinde
962 1585 1070 1612 anno
1100 1578 1213 1612 certe
1233 1571 1285 1614 46
1307 1572 1481 1614 ineunte
1503 1580 1745 1629 praeturam

192 1659 279 1686 non
304 1643 453 1700 gessit,
485 1649 712 1699 propterea
732 1643 851 1698 quod
879 1643 1049 1698 legatus
1077 1644 1318 1699 appellatur
1343 1645 1387 1686 in
1408 1643 1521 1686 bello
1538 1644 1745 1688 Africano

194 1715 312 1773 (bell.
346 1716 442 1758 Afr.
473 1730 508 1757 c.
539 1714 606 1768 4),
636 1714 737 1757 item
767 1715 1013 1770 legionibus
1048 1716 1286 1771 praefuisse
1317 1716 1474 1758 dicitur
1502 1733 1527 1760 a
1559 1715 1744 1760 Caesare

194 1788 295 1830 bell.
325 1788 407 1830 civ,
435 1787 482 1836 Ι,
515 1787 590 1837 4ος
631 1787 886 1842 relinquitur
915 1787 1071 1844 igitur,
1113 1796 1161 1830 ut
1190 1796 1362 1844 praetor
1391 1789 1520 1831 fuerit
1550 1805 1660 1832 anno
1691 1790 1744 1833 48

194 1860 263 1902 vel
290 1860 359 1910 47,
394 1859 471 1901 sed
501 1874 555 1901 ne
585 1859 667 1901 hoc
697 1859 872 1914 quidem
902 1859 1119 1916 probabile
1150 1867 1228 1909 est,
1265 1860 1365 1915 quia
1394 1868 1519 1916 gesta
1546 1869 1746 1918 praetura

194 1932 319 1975 etiam
348 1932 611 1988 provinciam
640 1931 877 1987 accepisset
907 1947 1042 1988 eoque
1068 1933 1220 1988 magis,
1251 1933 1367 1988 quod
1393 1933 1507 1976 fidus
1536 1933 1744 1990 imprimis

194 2012 284 2047 erat
314 2003 490 2047 Caesari
520 2011 647 2059 atque
677 2004 731 2046 ad
762 2019 830 2046 res
863 2005 1073 2058 gerendas
1112 2006 1309 2048 idoneus.
1378 2006 1486 2048 Inde
1524 2006 1744 2062 probabile

195 2084 272 2127 est,
302 2076 494 2118 nondum
524 2076 660 2118 fuisse
688 2077 972 2132 praetorium,
1010 2079 1086 2119 sed
1114 2078 1349 2134 praetoriae
1378 2085 1518 2120 tamen
1545 2078 1744 2134 dignitati

193 2149 436 2205 proximum
464 2163 598 2203 eaque
627 2148 662 2190 si
691 2149 860 2191 occasio
887 2149 947 2190 ita
975 2149 1118 2197 ferret,
1147 2150 1399 2191 ornandum.
1454 2150 1580 2192 Hanc
1610 2150 1745 2207 igitur

194 2221 247 2263 L,
276 2220 426 2263 Planci
458 2220 770 2276 praefecturam
800 2221 926 2263 etiam
955 2221 1067 2262 ultra
1090 2221 1190 2263 licet
1221 2222 1419 2277 persequi
1448 2237 1502 2264 ex
1528 2237 1592 2272 eo,
1623 2222 1740 2278 quod

195 2290 350 2335 Cicero
380 2291 492 2334 Phil.
525 2291 591 2341 ΙΙ,
624 2292 671 2334 31
723 2300 867 2334 narrat
906 2292 968 2334 M.
998 2293 1236 2335 Antonium
1266 2293 1489 2344 Narbone,
1530 2293 1606 2336 ubi
1645 2309 1743 2337 cum

195 2363 248 2406 C.
270 2363 487 2406 Trebonio
519 2372 562 2405 et
588 2361 772 2406 Caesare
801 2362 914 2406 bello
941 2364 1222 2420 Hispaniensi
1255 2366 1448 2408 confecto
1479 2382 1578 2408 eum
1606 2366 1742 2410 fuisse

195 2450 327 2491 supra
357 2436 573 2486 diximus,
617 2435 758 2478 subito
786 2435 830 2476 in
858 2435 1010 2478 urbem
1036 2437 1201 2479 redisse
1234 2453 1325 2480 eam
1360 2438 1414 2480 ob
1453 2453 1648 2489 causam,
1688 2454 1741 2481 ne

194 2506 247 2548 L.
277 2506 463 2550 Plancus
493 2507 674 2564 praedes
703 2522 805 2550 suos
837 2508 1063 2558 venderet3
1095 2517 1253 2551 emerat
1281 2510 1392 2552 enim
1412 2511 1630 2553 Antonius
1659 2509 1739 2554 Cn.

193 2579 388 2635 Pompeii
420 2579 544 2622 bona.
605 2580 779 2622 Accidit
819 2580 864 2622 id
896 2595 1007 2622 anno
1037 2580 1089 2623 45
1124 2582 1252 2637 paulo
1287 2590 1382 2625 ante
1413 2584 1600 2625 reditum
1631 2580 1740 2625 Cae-

194 2651 324 2701 saris,
360 2651 433 2706 qui
471 2666 569 2693 cum
606 2652 774 2694 comitia
811 2652 902 2694 eius
942 2652 1015 2707 qui
1049 2653 1257 2709 agebatur
1285 2655 1384 2696 anni
1410 2654 1607 2706 haberet,
1648 2656 1739 2713 ipse

193 2722 264 2764 ille
290 2722 494 2774 Plancus,
526 2730 617 2764 tum
648 2724 889 2779 praefectus
916 2724 1029 2774 urbi,
1059 2734 1231 2781 praetor
1262 2726 1432 2769 videtur
1462 2743 1556 2770 esse
1585 2729 1739 2771 factus.

194 2793 261 2834 Eo
293 2794 406 2836 enim
434 2795 631 2850 pertinet,
661 2795 777 2850 quod
807 2793 961 2838 Cicero
990 2797 1111 2852 epist.
1138 2798 1270 2848 XIII,
1300 2799 1352 2842 29
1379 2799 1432 2841 L.
1451 2799 1610 2842 Planco
1637 2813 1738 2842 cau-

195 2880 286 2906 sam
326 2863 376 2908 C.
405 2865 505 2908 Atei
538 2865 760 2923 Capitonis
793 2868 1082 2920 commendat,
1123 2876 1171 2911 ut
1207 2870 1243 2912 is
1279 2869 1330 2912 T.
1360 2870 1536 2913 Antistii
1569 2870 1738 2914 heredi-
