1846 3100
571 149 625 181 De
650 148 764 182 Gallia
787 148 1022 181 Romanorum
1051 149 1234 191 provincia.
1609 146 1664 189 63

115 273 160 299 re
191 260 407 301 consistere
435 274 621 312 unquam
649 273 738 299 sum
760 272 929 311 passus:
961 258 1195 310 desponsam
1225 259 1384 299 homini
1397 260 1481 298 iam
1499 259 1665 311 Syriam

117 332 264 372 ademi.
311 329 432 384 Quid
460 330 541 372 hoc
569 337 634 372 est
658 330 914 386 desponsam
947 329 985 370 ei
1013 329 1150 371 fuisse
1169 328 1368 385 Syriam?
1401 330 1522 385 Lege
1542 327 1666 371 Sem-

118 403 268 458 pronia
298 402 550 445 consulibus
582 409 810 458 antequam
842 400 1194 456 designarentur,
1233 401 1478 457 provinciae
1517 401 1666 443 decer-

116 474 350 525 nebantur,
391 490 522 530 quare
550 475 666 530 quod
699 473 852 516 Cicero
878 473 1029 516 Pisoni
1055 473 1236 523 ademit,
1271 474 1428 516 ademit
1457 488 1568 516 anno
1598 473 1665 524 61,

117 554 345 602 postquam
361 547 466 589 Piso
489 547 572 589 iam
597 547 722 589 aliam
748 535 1011 603 provinciam
1034 561 1144 588 anno
1169 545 1223 588 62
1242 545 1457 588 decretam
1482 543 1665 588 tenebat.

115 618 226 662 Nam
259 619 295 661 si
323 619 555 661 ademisset
581 618 751 674 Syriam
785 626 1012 674 antequam
1043 618 1145 660 Piso
1176 618 1430 674 designatus
1460 626 1546 668 est,
1580 633 1666 660 non

116 690 212 747 ipsi,
245 691 320 733 sed
349 691 521 733 omnino
541 690 792 733 consulibus
819 691 977 733 futuris
1005 690 1244 747 eripuisset.
1286 691 1379 733 Iam
1399 690 1526 746 Syria
1556 706 1666 732 anno

117 763 172 806 62
194 763 349 813 medio,
373 778 459 819 quo
480 770 669 819 tempore
690 763 936 805 consulibus
955 763 1199 818 provinciae
1221 763 1514 805 decernendae
1536 770 1666 812 erant,

95 836 217 890 ‘quia
253 835 529 878 tummaxime
568 850 593 876 a
626 835 832 890 Pompeio
867 835 1223 891 componebatur,
1266 835 1454 876 nondum
1498 835 1668 876 omnino

117 908 161 949 in
191 907 539 950 deliberationem
569 907 714 949 venire
747 907 896 963 potuit.
961 906 1049 949 Sed
1080 923 1190 949 anno
1223 910 1266 950 61
1307 922 1404 949 cum
1433 907 1666 962 Pompeius

121 977 331 1022 cah-Oct.
361 980 623 1035 triumphum
656 979 790 1035 egerit
816 994 865 1021 ac
896 979 985 1021 sine
1007 979 1139 1022 dubio
1157 980 1373 1034 aliquanto
1399 986 1495 1020 ante
1522 979 1668 1020 relicta

123 1052 343 1108 provincia
371 1052 414 1093 in
429 1051 594 1094 Italiam
622 1051 857 1100 advenerit,
885 1059 1049 1107 poterat
1074 1052 1311 1094 rectissime
1343 1050 1585 1100 deliberari,
1614 1065 1666 1091 an

118 1125 161 1166 in
192 1122 361 1180 Syriam
386 1130 526 1166 rector
554 1131 667 1166 esset
697 1123 945 1166 mittendus.
1003 1124 1116 1165 Tum
1147 1124 1250 1166 Piso
1277 1138 1406 1179 agere
1438 1122 1590 1178 coepit,
1619 1130 1668 1163 ut

122 1196 203 1239 sibi
233 1211 309 1251 pro
339 1211 410 1246 ea,
449 1211 577 1251 quam
607 1195 803 1246 habebat,
838 1196 1056 1251 provincia
1083 1194 1210 1251 Syria
1240 1196 1502 1245 traderetur,
1542 1195 1665 1236 cuius

120 1269 393 1325 cupiditatem
427 1266 578 1311 Cicero
611 1267 870 1324 gratificans,
902 1268 1066 1323 opinor,
1099 1266 1178 1309 Cn.
1212 1267 1437 1323 Pompeio,
1476 1267 1548 1321 qui
1582 1278 1665 1309 non

118 1341 178 1383 ita
205 1340 343 1382 videri
373 1341 501 1383 vellet
531 1339 699 1396 Syriam
735 1355 938 1396 pacasse,
974 1347 1023 1381 ut
1061 1340 1203 1382 denuo
1235 1339 1448 1381 consulari
1477 1339 1667 1381 exercitu

119 1427 228 1469 opus
261 1419 375 1455 esset
411 1414 481 1467 (ac
513 1413 672 1454 scimus
702 1412 908 1468 Pompeio
945 1419 1184 1468 praetorem
1215 1411 1499 1465 successisse)
1541 1411 1669 1452 elusit

119 1484 317 1534 dicendo,
356 1491 585 1540 antequam
614 1484 846 1540 Pompeius
874 1484 1056 1526 redisset
1083 1484 1363 1539 institutaque
1394 1499 1472 1525 sua
1501 1483 1668 1525 senatui

118 1556 354 1612 probasset,
387 1572 470 1599 non
503 1564 696 1613 oportere
725 1557 778 1598 de
808 1557 934 1612 Syria
963 1555 1104 1597 sta-tui.
1161 1555 1227 1597 Ita
1256 1555 1464 1611 depulsus
1492 1555 1596 1597 Piso
1625 1556 1668 1597 in

119 1643 168 1690 ea
197 1644 325 1685 quam
353 1629 472 1671 initio
504 1636 725 1685 acceperat
760 1628 977 1685 provincia
1005 1627 1253 1684 permansit.
1315 1626 1401 1668 Sed
1435 1642 1543 1681 quae
1574 1622 1689 1670 tan-‘

119 1701 218 1743 dem
251 1717 300 1744 ea
331 1701 449 1743 erat?
510 1699 683 1750 Cilicia,
727 1700 898 1756 opinor,
935 1715 1045 1756 quae
1079 1714 1166 1741 una
1205 1706 1308 1741 tunc
1342 1714 1395 1740 ex
1434 1699 1667 1742 maioribus

120 1772 309 1815 vacabat.
348 1773 456 1815 Nam
474 1772 728 1829 Hispaniam
758 1772 841 1814 iam
872 1779 996 1814 antea
1013 1772 1115 1813 Piso
1146 1786 1198 1813 ex
1231 1778 1429 1827 praetura
1458 1772 1666 1815 habuerat

120 1852 247 1900 atque
273 1845 373 1886 inde
399 1845 700 1901 triumpharat:
728 1845 975 1887 ulteriorem
995 1843 1045 1886 C.
1065 1842 1226 1886 Caesar
1244 1859 1380 1899 usque
1405 1843 1457 1885 ad
1478 1845 1668 1887 medium

121 1932 279 1959 annum
307 1917 375 1966 60,
403 1932 498 1958 cum
531 1932 615 1958 non
646 1924 868 1973 expectato
896 1932 1146 1959 successore
1174 1916 1314 1965 rediit,
1351 1916 1535 1966 tenebat,
1566 1917 1670 1958 cite-

107 1989 273 2046 *riorem
305 2003 416 2030 anno
444 1989 497 2030 59
519 1989 567 2030 P.
586 1987 787 2031 Cornelio
821 1988 1038 2044 Spintheri
1071 1989 1299 2031 obvenisse
1330 1988 1503 2030 scimus.
1544 1988 1669 2030 Man-

122 2061 229 2103 sisse
274 2067 418 2102 autem
455 2061 657 2103 Pisonem
698 2076 852 2103 censeo
892 2061 935 2102 in
977 2059 1130 2103 Cilicia
1168 2068 1280 2103 certe
1321 2075 1458 2115 usque
1503 2059 1557 2100 ad
1594 2075 1669 2101 an-

120 2147 224 2174 num
256 2133 327 2183 583
369 2149 467 2174 nam
507 2148 617 2175 anno
649 2134 701 2175 59
736 2148 845 2188 quos
875 2134 1145 2189 contemptim
1186 2140 1486 2175 commemorat
1516 2130 1669 2174 Cicero

122 2203 178 2245 ad
210 2203 265 2258 Q.
294 2205 345 2246 fr.
373 2205 418 2254 Ι,
451 2205 496 2254 2,
526 2206 572 2254 2,
612 2205 636 2248 7
668 2203 844 2247 Ciliciae
874 2212 915 2246 et
946 2204 1097 2260 Syriae
1125 2213 1334 2255 rectores,
1377 2220 1431 2247 ex
1464 2205 1517 2247 iis
1552 2205 1668 2247 hunc

122 2276 259 2318 fuisse
299 2277 458 2318 scimus
495 2277 549 2318 L.
584 2276 797 2318 Marcium
834 2277 1108 2333 Philippum,
1150 2278 1221 2320 ille
1259 2278 1356 2333 quis
1404 2292 1499 2319 esse
1534 2276 1670 2332 possit

123 2355 292 2404 praeter
320 2348 435 2390 hunc
467 2349 692 2398 Pisonem,
731 2364 830 2390 cum
859 2363 944 2403 quo
975 2347 1130 2391 Cicero
1158 2365 1242 2392 non
1274 2350 1392 2391 leves
1426 2349 1669 2390 inimicitias

125 2421 298 2471 inierat,
337 2435 422 2462 non
461 2420 642 2476 reperio.
706 2420 857 2462 Restat
884 2420 1061 2464 ultimus
1099 2437 1236 2464 annus
1275 2428 1501 2476 antequam
1530 2418 1672 2461 Gallia

124 2490 344 2548 Cisalpina
372 2493 416 2533 in
448 2506 548 2533 suae
573 2492 817 2548 provinciae
848 2493 1027 2534 formam
1058 2493 1231 2536 redacta
1262 2500 1339 2542 est,
1369 2506 1453 2548 quo
1467 2491 1519 2533 L.
1539 2492 1669 2533 Afra-

123 2563 222 2606 nius
251 2571 293 2606 et
318 2563 373 2616 Q.
393 2562 610 2606 Caecilius
639 2564 843 2606 Metellus
875 2562 1003 2606 Celer
1027 2565 1297 2607 consulatum
1327 2570 1568 2621 gesserunt,
1594 2563 1669 2618 qui

123 2651 314 2678 normam
342 2651 367 2678 a
394 2636 519 2678 nobis
547 2636 810 2692 propositam
836 2650 1011 2691 prorsus
1039 2636 1300 2679 confirmant.
1358 2635 1531 2689 Quibus
1560 2650 1669 2690 quae
1700 2643 1705 2648 '

123 2708 369 2764 provinciae
396 2714 621 2762 antequam
641 2707 984 2763 designarentur,
1013 2723 1065 2750 ex
1084 2709 1180 2764 lege
1201 2708 1455 2764 Sempronia
1473 2707 1669 2748 decretae

125 2779 209 2821 sint
237 2779 441 2828 nescitur,
470 2778 546 2820 sed
576 2787 803 2835 postquam
834 2779 1132 2835 magistratum
1162 2780 1348 2821 inierunt
1378 2794 1476 2821 cum
1505 2778 1668 2821 bellum

124 2866 149 2892 a
179 2849 317 2893 Gallis
350 2850 525 2892 excitari
556 2850 786 2898 videretur,
820 2861 991 2893 senatus
1024 2852 1222 2893 consules
1253 2851 1362 2892 duas
1381 2850 1545 2894 Gallias
1577 2865 1669 2892 sor-
