1846 3100
468 152 523 183 De
548 150 662 183 Gallia
686 151 920 183 Romanorum
946 149 1120 191 provincia
1143 151 1327 192 appendix.
1591 147 1670 190 ‘159

125 260 472 317 interpretatione
495 267 632 316 egeat,
657 258 993 315 praetermittere
1023 258 1154 314 cupit,
1183 258 1374 302 historici
1399 259 1671 316 potissimum

125 341 268 391 partes
298 339 454 375 tuetur.
511 333 661 387 Itaque
698 331 915 387 propriam
953 331 1137 386 aliquam
1174 331 1345 373 laudem
1381 331 1509 373 habet.
1545 332 1670 376 etiam

128 414 292 460 praeter
316 405 440 455 hanc,
467 404 520 446 de
548 419 631 459 qua
657 403 940 459 disputamus,
965 403 1273 459 quaestionem,
1303 405 1345 445 in
1365 419 1450 459 qua
1473 405 1507 446 si
1529 405 1671 447 minus

126 486 241 521 recte
281 478 499 521 videbitur
535 477 776 527 iudicasse,
814 476 923 518 illud
960 476 1246 530 relinquetur,
1288 477 1405 531 quod
1443 478 1672 519 multarum

127 565 267 592 rerum
298 557 488 606 tempora
518 549 739 591 constituit
771 549 1018 605 primusque
1048 556 1230 603 quantae
1261 548 1342 591 hoc
1370 549 1464 591 loco
1486 549 1672 591 difficul-

127 630 234 666 tates
263 637 313 665 ac
340 622 540 665 tenebrae
568 622 759 670 laterent,
788 621 1002 663 indicavit.
1063 621 1144 663 Est
1170 628 1311 663 autem
1331 621 1672 663 Hofmannianae

128 695 340 752 opinionis
381 710 547 737 summa
583 693 702 737 haec.
773 694 842 735 De
880 693 990 749 legis
1019 693 1215 735 Vatiniae
1252 693 1321 735 die
1357 694 1472 748 quod
1513 695 1671 744 statuit,

127 768 242 810 idem
279 783 381 817 nos,
419 767 534 809 idem
570 774 666 808 ante
701 773 930 820 utrumque
972 773 1165 807 nostrum
1206 766 1425 807 Feri-atius
1469 766 1672 809 docuerat

127 855 267 896 neque
293 840 382 882 ulla
408 846 548 895 potest
574 853 799 894 superesse
821 838 1045 889 dubitatio,
1072 840 1173 894 quin
1198 838 1316 893 prius
1335 838 1672 893 quinquennium

128 913 309 969 imperii,
338 911 454 968 quod
485 909 659 953 Caesari
692 911 837 952 datum
866 912 934 962 sit,
964 912 1018 953 ab
1047 912 1142 967 ipsa
1168 911 1277 966 legis
1307 911 1375 952 die
1404 911 1429 952 i.
1459 926 1494 952 e.
1526 928 1550 953 a
1580 910 1672 953 Cal.

128 986 258 1028 Mart.
286 985 385 1027 anni
408 985 461 1026 59
490 999 628 1039 usque
659 984 712 1025 ad
733 982 824 1025 Cal.
845 984 1021 1025 Martias
1055 984 1224 1039 quintas
1254 983 1352 1025 anni
1373 983 1424 1024 54
1453 984 1673 1038 pertineat.

128 1059 272 1114 Ipsam
303 1057 413 1113 legis
442 1056 639 1099 Vatiniae
669 1056 755 1097 vim
785 1070 835 1097 ac
861 1049 1078 1105 naturam,
1117 1072 1244 1111 quam
1280 1071 1358 1096 nos
1394 1056 1519 1097 etiam
1557 1062 1675 1098 extra

131 1127 330 1172 Caesaris
381 1143 448 1170 res
497 1128 708 1184 persecuti
756 1129 889 1170 multa
935 1129 1123 1170 vidimus
1171 1128 1224 1170 de
1270 1128 1489 1184 provincia
1533 1127 1675 1170 Gallia

131 1202 336 1251 sanxisse,
363 1200 671 1256 praetermittit.
728 1201 921 1243 Alterius
951 1200 1231 1256 quinquennii
1263 1208 1479 1242 auctorem
1511 1215 1594 1242 non
1627 1207 1675 1242 ut

133 1274 264 1329 vulgo
295 1271 346 1315 C.
377 1272 640 1315 Trebonium
674 1273 891 1315 tribunum
922 1273 1076 1329 plebis,
1109 1273 1198 1322 sed,
1227 1281 1275 1314 ut
1305 1288 1404 1322 nos,
1436 1271 1516 1314 Cn.
1549 1273 1674 1315 Pom-

131 1346 277 1402 peium
306 1353 348 1386 et
375 1344 439 1386 M.
467 1341 673 1386 Crassum
712 1345 847 1387 fuisse
878 1345 1087 1395 ostendit,
1129 1345 1240 1387 diem
1275 1352 1415 1387 autem
1447 1345 1674 1387 discedens

133 1434 158 1460 a
185 1425 332 1460 nostra
358 1431 466 1471 quae
499 1432 628 1472 supra
659 1417 854 1472 exposita
881 1426 946 1459 est
972 1418 1202 1468 sententia,
1239 1418 1378 1459 exisse
1408 1418 1554 1459 statuit
1582 1415 1674 1459 Cal.

131 1490 259 1532 Mart.
288 1489 386 1531 anni
415 1489 481 1530 49.
545 1488 669 1531 Tunc
707 1504 818 1531 anno
849 1489 902 1531 52
933 1489 1081 1531 decem
1109 1489 1376 1531 tribunorum
1410 1489 1548 1546 plebis
1579 1490 1675 1545 lege

132 1560 310 1605 Caesari
348 1560 495 1603 datum
532 1575 647 1610 esse,
685 1568 733 1603 ut
765 1561 915 1603 ultimo
953 1562 1117 1618 imperii
1156 1576 1267 1603 anno
1303 1562 1328 1602 i.
1358 1576 1395 1603 e.
1428 1562 1480 1602 50
1518 1577 1542 1602 a
1573 1559 1675 1603 Chr.

131 1634 286 1677 absens
317 1641 358 1676 et
385 1633 647 1688 provinciam
670 1634 989 1690 exercitumque
1010 1634 1194 1676 retinens
1214 1633 1482 1675 consulatum
1502 1640 1675 1689 peteret,

131 1721 216 1761 quo
252 1707 364 1748 facto
402 1721 500 1748 eum
544 1706 758 1748 existimat
787 1706 898 1748 ultro
930 1706 1126 1762 deposita
1153 1705 1376 1760 provincia
1407 1705 1676 1747 consulatum

131 1793 241 1820 anno
270 1778 322 1820 49
365 1778 498 1819 fuisse
537 1785 774 1833 gesturum.
849 1778 936 1820 Sed
979 1794 1075 1820 cum
1119 1793 1168 1820 eo
1206 1778 1365 1819 honore
1406 1777 1676 1819 inimicorum

130 1849 299 1892 insidiis
337 1849 528 1891 deiectus
572 1858 707 1900 esset,
749 1850 859 1893 hanc
896 1851 1207 1892 contentionem
1244 1850 1457 1897 extitisse,
1499 1856 1546 1890 ut
1584 1850 1675 1904 ipse

132 1922 231 1964 anni
261 1922 312 1965 48
345 1922 609 1964 consulatum
641 1930 826 1978 peteret,
868 1922 1117 1978 Pompeiani
1147 1921 1336 1964 absentis
1366 1911 1675 1963 rationem‘ha-

133 1994 315 2036 bendam
344 2009 439 2037 esse
465 2003 684 2051 negarent.
730 1995 796 2037 Ea
823 1995 877 2036 de
909 2010 1039 2037 causa
1065 2011 1100 2037 a.
1122 1995 1162 2036 d.
1181 1994 1269 2037 VII
1294 1994 1360 2036 Id.
1379 1995 1468 2036 Ian.
1499 1993 1598 2035 anni
1623 1993 1676 2036 49

134 2067 553 2110 senatusconsultum
581 2067 689 2108 illud
718 2067 879 2108 factum
898 2082 1006 2116 esse,
1037 2081 1121 2121 quo
1142 2066 1360 2122 provincia
1377 2066 1676 2121 exercitusque

133 2138 171 2180 ei
201 2138 481 2181 adimeretur:
515 2138 616 2180 hinc
645 2138 854 2194 originem
887 2139 984 2181 belli
1012 2147 1166 2189 natam,
1196 2139 1296 2181 hinc
1323 2139 1391 2180 ius
1422 2145 1462 2180 et
1492 2138 1676 2194 Pompe-

133 2210 327 2252 ianorum
358 2218 400 2252 et
427 2209 625 2252 Caesaris
661 2226 756 2252 esse
787 2211 1080 2267 repetendum.
1142 2210 1339 2252 Pendent
1371 2211 1505 2266 igitur
1539 2211 1679 2252 omnia

134 2297 188 2324 ex
220 2281 383 2324 duabas
411 2282 594 2324 maxime
623 2282 690 2324 his
720 2282 872 2331 rebus,
913 2282 1096 2338 primum
1127 2289 1175 2323 ut
1205 2282 1479 2323 Hofmannus
1510 2282 1677 2338 imperii

133 2353 229 2409 lege
256 2353 463 2409 Pompeia
500 2353 588 2395 dati
625 2354 740 2396 diem
770 2352 862 2396 Cal.
891 2354 1060 2396 Martiis
1100 2354 1197 2394 anni
1230 2354 1282 2395 49
1319 2354 1459 2396 exisse
1494 2360 1678 2402 censeat,

134 2425 290 2468 deinde
319 2433 368 2467 ut
397 2426 642 2481 petitionem
672 2427 920 2470 consulatus
951 2426 1051 2468 anni
1075 2427 1127 2469 49
1162 2426 1303 2467 datam
1331 2440 1425 2467 esse
1450 2425 1677 2467 existimet.

246 2498 316 2539 De
346 2505 526 2553 utraque
556 2513 602 2540 re
633 2514 731 2541 cum
761 2514 839 2541 nos
869 2499 913 2540 in
945 2499 1160 2554 superiore
1188 2497 1540 2540 commentatione
1558 2498 1680 2540 aliter

137 2569 432 2620 statuerimus,
468 2585 547 2626 age
574 2577 827 2626 argumenta
855 2571 1146 2625 rationesque,
1179 2568 1337 2624 quibus
1367 2569 1435 2611 vir
1460 2576 1678 2625 praestan-

136 2641 327 2684 tissimus
353 2641 500 2692 utitur,
527 2642 832 2691 examinemus,
860 2657 969 2697 quae
999 2643 1033 2684 si
1060 2641 1354 2690 refellerimus,
1382 2648 1552 2682 nostrae
1582 2655 1678 2682 sen-

136 2713 292 2755 tentiae
323 2728 408 2755 non
434 2713 692 2756 mediocrem
714 2713 844 2756 fidem
863 2714 1127 2757 adiiciemus.
1173 2714 1348 2755 Initium
1368 2720 1510 2755 autem
1529 2712 1678 2768 dispu-

136 2785 254 2827 tandi
285 2784 414 2827 sumit
442 2784 496 2827 ab
526 2785 668 2827 Dione
702 2784 853 2828 Cassio
879 2786 1122 2836 XXXIX,
1159 2785 1234 2835 33,
1279 2785 1352 2840 qui
1387 2785 1509 2826 locus
1550 2799 1680 2841 supra

67 2914 72 2921 ῃ
135 2871 178 2911 p.
197 2857 251 2901 78
275 2863 317 2898 et
333 2856 387 2899 86
417 2856 570 2898 allatus
602 2863 680 2906 e>t‚
709 2857 783 2911 qui
814 2865 1037 2913 postquam
1062 2856 1142 2899 Cn.
1159 2857 1364 2912 Pompeio
1383 2864 1424 2898 et
1442 2856 1503 2898 M.
1522 2855 1679 2900 Crasso
