1846 3100
576 137 631 169 De
657 137 830 168 dictatoris
856 137 1012 170 Caesaris
1040 137 1241 168 honoribus.
1602 134 1682 177 207

134 261 321 290 mensem
352 246 560 289 Sextilem
592 245 859 295 deducimur,
900 260 979 287 nec
1002 245 1144 287 hercle
1167 244 1346 286 multum
1370 245 1684 297 aberrabimus,

134 318 171 361 si
205 319 313 375 ipsis
351 318 505 361 Idibus
545 317 782 361 Sextilibus
827 325 868 359 et
905 316 1135 360 Caesarem
1176 317 1271 372 lege
1309 318 1394 360 lata
1432 318 1683 360 dictatorem

135 390 300 432 dictum
325 406 421 434 esse
444 398 486 433 ct
509 397 666 447 septem
697 405 865 432 menses
888 389 1211 432 accuratissima
1233 390 1548 446 computatione
1572 390 1684 432 effici

135 470 396 506 statuemus:
430 478 455 505 a
482 478 569 519 quo
596 471 784 518 tempore
817 477 893 518 per
920 462 1109 517 quinque
1138 477 1306 504 menses
1338 478 1477 518 usque
1509 462 1564 504 ad
1593 463 1684 505 De-

133 535 348 578 cembrem
377 536 413 578 si
444 534 605 578 Caesar
634 535 819 591 insignia
848 535 1084 576 dictaturae
1117 549 1284 576 sumere
1314 534 1451 576 noluit
1479 543 1607 590 atque
1640 535 1685 576 in

132 607 284 662 itinere
309 607 531 658 faciendo,
567 607 775 649 seditione
803 607 986 648 militum
1018 606 1325 662 componenda,
1357 614 1420 648 tot
1448 607 1579 650 rebus
1609 622 1686 663 per

132 680 376 736 provincias
415 679 764 723 administrandis
805 694 971 721 summa
1010 685 1218 735 potestate
1255 679 1392 720 caruit
1435 681 1592 734 (neque
1631 679 1685 722 de

133 753 213 795 hac
249 767 295 795 re
331 752 561 808 quicquam
591 751 774 793 dubium
801 759 939 808 potest
971 752 1239 807 superesse),
1283 759 1478 807 apparet,
1521 753 1685 808 opinor,

134 825 435 882 proconsulare
462 824 703 881 imperium,
733 838 818 880 quo
848 830 968 865 extra
995 823 1146 865 urbem
1164 830 1371 874 uteretur,
1399 824 1437 866 ei
1459 832 1685 879 antequam

134 898 178 940 in
205 897 459 954 Hispaniam
489 896 845 953 proficisceretur,
880 903 1142 952 quantopere
1173 896 1228 938 sit
1255 895 1572 952 amplificatum.
1599 905 1616 914 ·

247 968 338 1012 Sed
376 969 502 1012 etiam
540 969 594 1011 de
637 969 731 1025 ipsa
758 968 970 1011 dictatura
999 983 1137 1024 pauca
1169 968 1352 1010 dicenda
1379 976 1490 1010 sunt.
1543 968 1685 1022 Quam

135 1058 235 1086 cum
268 1042 590 1098 concupisceret
614 1040 787 1091 Caesar,
821 1028 996 1082 difficile
1025 1055 1120 1082 esse
1148 1040 1323 1082 videbat
1350 1041 1481 1091 factu,
1518 1049 1566 1082 ut
1593 1056 1686 1083 eam

133 1115 458 1172 adipisceretur,
489 1114 701 1170 siquidem
728 1120 900 1169 propter
928 1113 1120 1169 auspicia
1153 1114 1352 1168 antiquus
1380 1129 1471 1155 mos
1503 1122 1606 1163 erat,
1639 1120 1687 1155 ut

135 1188 286 1231 consul
320 1187 571 1230 dictatorem
609 1187 789 1229 diceret:
835 1176 1034 1228 consules
1074 1193 1216 1227 autem
1260 1200 1358 1226 cum
1388 1186 1594 1242 Pompeio
1634 1201 1687 1227 ex

134 1261 258 1304 Italia
286 1260 489 1303 abierant.
548 1260 700 1315 Itaque
729 1259 809 1301 etsi
843 1275 956 1308 eam,
988 1273 1115 1313 quam
1147 1256 1268 1300 Sulla
1297 1257 1518 1308 habuerat,
1550 1258 1686 1299 dicta-

136 1341 278 1376 turam
302 1334 382 1375 rite
409 1332 589 1375 obtineri
617 1347 744 1388 posse
771 1330 1040 1387 desperabat,
1067 1329 1310 1386 ambigebat
1337 1337 1476 1372 tamen
1505 1330 1687 1372 maxime

137 1413 312 1462 propter
337 1405 605 1448 comitiorum
633 1404 922 1446 consularium
946 1402 1130 1459 proximi
1158 1403 1258 1443 anni
1276 1402 1497 1452 rationem,
1528 1402 1687 1458 quibus

135 1478 229 1535 ipse
261 1478 395 1521 creari
424 1477 623 1534 cupiebat
654 1475 768 1531 (Cic.
800 1476 856 1518 ad
887 1476 977 1517 Att.
1006 1475 1090 1524 IX,
1122 1476 1160 1523 9),
1189 1475 1248 1530 3).
1307 1473 1391 1516 Cui
1421 1475 1483 1516 rei
1512 1475 1574 1516 M.
1601 1475 1687 1516 Le-

135 1551 264 1607 pidus
293 1558 475 1608 praetor,
506 1557 598 1591 tum
627 1548 724 1591 urbi
757 1548 1014 1604 praefectus,
1045 1547 1268 1596 subvenit,
1299 1547 1395 1603 lege
1422 1548 1530 1596 lata,
1559 1554 1609 1588 ut
1635 1546 1688 1589 ab

136 1637 200 1675 eo,
230 1623 303 1678 qui
332 1622 429 1664 urbi
456 1628 687 1678 praeesset,
716 1634 1019 1676 quamcunque
1049 1626 1302 1675 potestatem
1333 1618 1523 1669 haberet,
1555 1618 1690 1661 dicta-

136 1702 268 1737 torem
297 1694 382 1737 dici
409 1694 568 1736 liceret..
629 1693 752 1735 Haec
777 1693 880 1747 quin
908 1692 967 1734 ita
996 1698 1090 1734 acta
1116 1691 1201 1733 sint
1224 1707 1274 1734 ac
1301 1692 1487 1748 primum
1515 1698 1687 1734 senatus

139 1768 402 1817 consultum,
440 1774 530 1808 tum
571 1765 719 1822 populi
755 1765 931 1814 scitum,
972 1764 1155 1818 denique
1185 1763 1321 1819 ipsius
1352 1763 1509 1820 Lepidi
1540 1764 1690 1806 electio

137 1839 440 1890 intercesserit,
473 1854 526 1881 ex
556 1836 754 1880 Caesaris
787 1836 952 1886 verbis,
992 1851 1100 1891 quae
1130 1836 1258 1891 paulo
1289 1850 1419 1891 supra
1448 1836 1688 1886 citavimus,

137 1913 415 1970 perspicuum
443 1918 520 1954 est.
578 1910 646 1952 Ac
674 1909 934 1952 conveniunt
963 1910 1051 1951 fere
1081 1908 1324 1963 scriptores.
1382 1908 1491 1949 Nam
1521 1915 1569 1949 ut
1595 1909 1689 1950 Eu-

139 1994 247 2042 trop.
264 1985 343 2035 VI,
362 1984 415 2026 20
444 1991 485 2026 et
513 1984 628 2026 Flor.
649 1982 728 2032 IV,
757 1983 797 2033 2,
829 1983 865 2032 1,
895 1981 968 2036 qui
996 1980 1179 2022 leviores
1212 1995 1312 2022 sane
1345 1988 1457 2030 sunt,
1485 1981 1689 2030 omittam,

140 2065 183 2100 et
207 2058 322 2100 Plut.
351 2054 476 2099 Caes.
506 2056 555 2098 37
585 2070 684 2098 eum
712 2054 765 2096 ab
791 2061 941 2096 senatu
970 2053 1221 2094 dictatorem
1248 2053 1430 2094 electum
1460 2067 1554 2094 esse
1585 2053 1690 2095 scri-

141 2129 225 2180 bit,
255 2136 481 2186 propterea
510 2127 626 2183 quod
655 2133 828 2169 senatus
859 2125 1103 2168 consultum
1134 2125 1318 2181 primum
1345 2124 1505 2166 factum
1534 2131 1620 2175 est,
1649 2132 1691 2166 et

143 2202 229 2244 Dio
260 2201 396 2251 XLI,
438 2200 490 2243 36
527 2200 589 2242 sic
620 2199 775 2241 refert:
818 2197 886 2239 Ἐν
928 2199 1013 2253 ὁδῷ
1056 2198 1101 2238 δὲ
1136 2196 1190 2238 ἔτ’
1225 2196 1339 2241 ὄντος
1371 2197 1496 2238 αὐτοῦ
1524 2196 1692 2252 Μάρκος

146 2273 330 2328 Αἰμίλιος
359 2273 550 2322 Λέπιδος,
590 2271 709 2316 οὗτος
745 2272 765 2311 ὁ
798 2271 865 2311 καὶ
898 2270 937 2310 ἐν
971 2273 1022 2324 τῇ
1052 2269 1238 2324 τριαρχίᾳ
1267 2269 1431 2323 ὕστερον
1462 2268 1693 2323 γενόμενος,

145 2349 201 2400 τῷ
230 2360 272 2385 τε
296 2345 413 2400 δήμῳ
442 2344 738 2401 συνεβούλευσε
770 2345 998 2398 στρατηγῶν
1030 2342 1255 2396 δικτάτωρα
1283 2341 1349 2381 τὸν
1379 2338 1569 2394 Καίσαρα
1595 2355 1688 2395 προ-

146 2416 404 2470 χειρίσασθαι
433 2417 499 2457 καὶ
534 2416 656 2460 εὐθὺς
685 2415 793 2457 εἶπεν
829 2415 947 2456 αὐτὸν
979 2414 1088 2468 παρὰ
1117 2414 1166 2454 τὰ
1193 2414 1353 2468 πάτρια.
1407 2412 1469 2453 At
1490 2410 1689 2467 Appiano

147 2486 243 2528 bell.
281 2486 361 2528 civ.
388 2487 455 2537 11,
493 2487 546 2531 48
576 2486 682 2543 quid
707 2487 936 2528 faciamus:
980 2485 1030 2528 ‘O
1063 2487 1108 2526 δὲ
1138 2484 1298 2539 Καῖσαρ
1332 2485 1372 2528 ἐς
1391 2481 1560 2537 Ῥώμην
1591 2498 1689 2538 παρ-

147 2558 251 2611 ῆλθε
282 2558 349 2598 καὶ
378 2558 496 2599 αὐτὸν
531 2560 551 2600 ὁ
583 2560 711 2614 δῆμος
738 2560 945 2615 πεφρικὼς
970 2557 1111 2614 ᾑρεῖτο
1145 2557 1396 2610 δικτάτωρα,
1441 2554 1534 2595 οὔτε
1561 2569 1596 2594 τι
1621 2556 1692 2608 τῆς

150 2629 301 2683 βουλῆς
340 2630 619 2685 ψηφιζομένης
648 2630 742 2671 οὔτε
772 2633 1184 2685 προχειροτονοῦντος
1215 2627 1428 2683 ἄρχοντος·
1478 2627 1497 2667 ὁ
1533 2627 1577 2666 δὲ
1611 2624 1690 2666 εἴτε

148 2701 499 2754 παραιτησάμενος
527 2703 595 2754 τὴν
628 2702 755 2757 ἀρχὴν
789 2704 844 2746 ὥς
872 2702 1119 2756 ἐπίφθονον,
1158 2699 1237 2740 εἴτε
1267 2699 1312 2739 οὐ
1343 2697 1532 2754 χρῄζων,
1570 2697 1692 2752 ἄρξας

150 2770 214 2811 ἐπὶ
241 2770 386 2811 ἕνδεκα
417 2770 537 2826 μόνον
567 2773 722 2828 ἡμέρας
749 2774 852 2825 (ὦδε
879 2774 956 2828 γάρ
985 2788 1061 2812 τισι
1088 2773 1223 2824 δοκεῖ)
1257 2771 1431 2815 ὑπάτους
1459 2770 1500 2815 ἐς
1523 2772 1566 2812 τὸ
1599 2769 1690 2824 μέλ-

150 2843 220 2883 λον
250 2842 456 2898 ἀπέφηνεν
486 2843 592 2885 cet.?
644 2843 796 2886 Nonne
823 2843 994 2887 omnino
1023 2843 1129 2888 haec
1160 2842 1423 2899 reliquorum
1449 2856 1557 2898 quos
1588 2841 1691 2884 cita-
