1846 3100
590 117 646 149 De
669 107 782 149 Gallia
806 117 1040 149 Romanorum
1066 116 1253 159 provincia.
1498 158 1501 161 Δ
1635 116 1687 158 39

144 224 327 267 dicionis
360 225 495 267 fuisse
529 223 770 281 signifieat?
826 223 878 265 In
917 223 1013 279 ipsa
1039 223 1212 278 quidem
1242 226 1345 267 citra
1370 226 1537 269 Padum
1567 229 1692 271 Italia

143 297 285 339 nullae
315 303 419 339 tunc
455 297 638 353 amplius
666 302 787 338 erant
817 295 1006 338 coloniae
1034 295 1215 339 Latinae
1248 312 1328 340 nec
1361 298 1397 341 si
1425 314 1533 354 quae
1571 309 1691 343 extra

141 369 306 411 Italiam
332 377 475 418 erant,
513 383 587 411 eae
623 375 726 409 tune
754 367 838 409 iam
869 366 1070 423 petebant
1095 368 1328 420 civitatem,
1367 385 1498 426 quare
1530 387 1639 427 quae
1666 388 1691 415 a

143 439 348 483 Suetonio
377 441 589 490 dicantur,
621 439 810 482 coloniae
839 439 884 481 in
912 438 1221 495 Transpadana
1250 440 1391 484 Gallia
1428 443 1532 485 sitae
1561 444 1690 486 relin-

141 519 355 567 quuntur,
395 512 440 554 in
470 527 554 568 qua
584 512 620 555 si
650 512 792 554 nullae
820 511 1005 554 fuissent
1034 512 1116 553 nisi
1147 511 1292 555 Latini
1329 514 1436 557 iuris
1482 515 1690 566 civitates,

141 598 226 639 quo
266 590 387 639 paeto
415 582 577 627 Caesar
604 584 782 626 Latinas
820 583 1007 626 colonias
1047 584 1165 627 adire
1202 585 1367 641 potuit?
1425 586 1527 643 Ipsa
1565 588 1690 630 etiam

141 655 330 698 coloniae
364 656 706 699 Novocomensis
742 656 920 698 historia
963 656 1042 713 (de
1087 671 1172 711 qua
1207 658 1261 698 cf.
1303 655 1689 701 Commentationes

142 735 311 770 nostrae
348 727 571 785 epigraph.
599 729 621 770 I
664 744 703 787 p.
732 727 833 782 308)
885 743 967 769 non
1008 728 1149 770 omnia
1187 729 1345 785 oppida
1381 729 1691 786 Transpadana

137 800 317 843 Latinae
340 800 605 843 condicionis
623 801 758 842 fuisse
781 799 982 849 ostendit,
1013 815 1140 855 quam
1154 798 1338 857 Appian.
1354 802 1452 844 bell.
1465 803 1547 845 civ.
1560 803 1620 852 II,
1634 803 1688 846 26

140 887 218 915 cur
245 872 422 915 adderet
451 887 548 914 cum
574 872 731 914 Latino
756 872 850 913 iure
873 864 974 914 >esse
1005 888 1030 914 a
1053 870 1238 914 Caesare
1269 873 1497 924 conditam,
1530 875 1566 916 si
1592 875 1690 917 uni-

141 944 254 987 versi
283 944 582 1000 Transpadani
612 944 656 986 in
693 959 743 986 eo
777 944 951 986 essent?
1005 943 1156 999 Neque
1192 945 1327 987 ullum
1364 946 1466 988 satis
1498 947 1690 989 vaiidum

140 1023 440 1072 argumentum
474 1015 527 1059 ab
557 1017 633 1066 iis,
665 1016 739 1071 qui
768 1023 898 1058 totam
926 1016 1278 1072 Transpadanam
1308 1019 1527 1074 regionem
1555 1035 1580 1062 a
1609 1017 1690 1061 Cn.

84 1102 86 1105 ’
139 1088 347 1144 Pompeio
363 1088 594 1131 Latinitate
623 1089 823 1131 donatam
839 1103 934 1130 esse
962 1096 1167 1138 statuunt,
1199 1089 1340 1131 afferri
1359 1089 1485 1132 video
1517 1091 1590 1146 (cf.
1609 1090 1690 1134 Sa-

141 1161 335 1216 vignium
364 1161 392 1202 l.
422 1161 452 1202 l.
481 1177 524 1217 p.
545 1160 660 1215 312).
702 1161 810 1203 Nam
838 1161 954 1215 quod
986 1161 1091 1202 nihil
1118 1161 1254 1203 fuisse
1284 1162 1447 1212 dicunt,
1478 1178 1556 1204 cur
1583 1163 1690 1205 aliae

142 1231 337 1274 civitates
377 1233 639 1274 donarentur
679 1232 932 1282 Latinitate,
981 1233 1087 1276 aliae
1125 1248 1210 1275 non
1248 1233 1528 1285 donarentur,
1578 1236 1690 1290 quis,

140 1319 313 1358 quaeso,
346 1319 461 1347 nunc
490 1312 632 1360 potest
662 1313 748 1346 tam
789 1306 1018 1361 diligenter
1042 1305 1147 1360 quid
1190 1321 1382 1361 quaeque
1419 1307 1576 1362 egerit,
1618 1322 1689 1350 co-

139 1391 370 1431 gnoscere,
411 1385 459 1418 ut
487 1377 650 1419 iudicet
678 1394 732 1420 an
760 1379 842 1420 alia
876 1378 947 1419 alii
986 1377 1146 1419 meritis
1182 1378 1227 1419 in
1267 1378 1573 1435 rempublicam
1603 1380 1690 1421 Ro-

139 1463 306 1491 manam
328 1449 615 1504 praestiterit?
662 1450 834 1492 Deinde
861 1449 977 1504 quod
1009 1465 1061 1491 ex
1088 1450 1155 1500 iis,
1187 1466 1295 1505 quae
1326 1459 1424 1507 post
1453 1452 1558 1494 haec
1583 1459 1690 1493 tem-

142 1535 248 1576 pora
288 1520 608 1577 Transpadanis
656 1522 866 1564 accidisse
918 1530 1166 1572 narrantur,
1217 1523 1445 1578 quiequam
1490 1524 1544 1565 de
1583 1524 1690 1566 iuris

129 1582 391 1634 'diversitate
418 1607 526 1647 quae
549 1593 660 1634 inter
688 1594 806 1650 ipsos
834 1594 984 1643 fuerit,
1021 1594 1165 1649 colligi
1192 1609 1318 1650 posse
1343 1602 1516 1650 negant,
1544 1595 1590 1636 id
1611 1610 1691 1637 nec

143 1664 246 1706 satis
280 1678 431 1706 verum
460 1679 555 1706 esse
585 1666 714 1721 paulo
751 1666 863 1708 infra
901 1666 1209 1722 perspiciemus
1238 1681 1318 1708 nec
1343 1666 1492 1708 debuit
1519 1667 1690 1708 omnino

140 1735 296 1785 afferri,
329 1735 449 1790 quia,
489 1737 525 1778 si
555 1753 640 1792 qua
666 1739 775 1780 forte
813 1748 908 1780 ante
938 1738 1193 1780 dictaturam
1225 1736 1424 1781 Caesaris
1454 1739 1593 1780 fuerat
1622 1738 1687 1780 di-

143 1793 336 1857 versitas,
368 1822 418 1849 ea
446 1822 531 1850 non
547 1809 688 1851 minus
711 1810 801 1852 tolli
816 1811 966 1866 potuit,
996 1825 1124 1865 quam
1145 1809 1225 1851 hac
1242 1810 1339 1866 lege
1359 1810 1471 1852 Iulia
1484 1811 1690 1866 quicquid

140 1879 185 1920 in
205 1879 328 1921 Italia
352 1879 447 1936 ipsa
469 1880 628 1923 diversi
658 1881 764 1923 iuris
792 1883 945 1932 fuerat,
980 1881 1197 1924 sublatum
1219 1890 1296 1923 est.
1336 1882 1535 1937 Denique
1559 1883 1691 1925 verba

146 1949 367 1994 Ciceronis
395 1953 451 1994 ad
484 1952 575 1994 Att.
605 1953 660 2003 V,
696 1956 737 1995 11
774 1957 1003 1995 Marcellus
1019 1955 1150 2006 foede
1180 1955 1228 1994 de
1262 1955 1459 1996 Comensi.
1501 1958 1594 1995 Etsi
1621 1958 1691 1996 ille

141 2027 432 2077 magistratum
463 2039 548 2065 non
574 2033 786 2079 geaeerat,⁴
814 2033 905 2067 ercet
932 2033 1070 2066 tamen
1106 2029 1454 2079 Transpadanus,
1482 2041 1590 2081 quae
1618 2026 1689 2068 ille

141 2094 196 2136 de
223 2094 553 2146 Novocomensi,
581 2112 708 2152 quem
728 2095 890 2140 Caesar
910 2098 1080 2140 civitate
1109 2098 1300 2148 donarat,
1330 2098 1576 2141 aMarcello
1602 2114 1689 2142 eos.

141 2166 277 2222 virgis
303 2182 428 2209 caeso
459 2168 584 2218 dicit,
627 2169 830 2212 subtilius
868 2177 1003 2225 agunt
1037 2184 1163 2225 quain
1202 2170 1347 2212 verius
1388 2171 1500 2226 quod
1533 2171 1588 2213 ad
1614 2186 1689 2213 ne-

140 2238 380 2281 cessitatem
415 2239 631 2295 quandam
669 2241 915 2284 Latinitatis
963 2241 1163 2284 omnibus
1204 2242 1526 2298 Transpadanis
1566 2243 1687 2285 datae

143 2310 346 2352 referunt.
396 2311 562 2364 Quidni
588 2314 700 2355 enim
735 2315 850 2357 dicat
876 2313 1113 2357 Comenses
1142 2314 1241 2356 ideo
1266 2329 1352 2356 non
1384 2314 1520 2356 fuisse
1550 2315 1688 2370 negli-

143 2382 331 2438 gendos,
371 2384 487 2438 quod
518 2385 817 2442 Transpadani
855 2387 1039 2442 proximi
1071 2386 1154 2428 sint
1183 2386 1344 2428 civitati
1374 2401 1551 2441 eamque
1590 2402 1690 2428 mox

141 2453 365 2508 adepturi?
414 2455 480 2497 Ne
515 2456 622 2499 illud
661 2458 835 2512 quidem
870 2473 1048 2501 necesse
1084 2465 1193 2508 erat,
1230 2464 1278 2499 ut
1316 2465 1542 2514 antequam
1574 2459 1689 2501 cives

136 2524 323 2569 Romani
338 2525 501 2577 fierent,
511 2528 784 2572 Latinitatem
801 2530 1140 2586 adipiscerentur
1148 2529 1445 2585 Transpadani
1454 2546 1464 2580 ;
1479 2530 1689 2585 siquidem

142 2596 347 2651 plurimas
367 2597 516 2642 Italiae
543 2601 737 2644 civit-ates
767 2602 885 2644 nullo
911 2602 1132 2644 interiecto
1149 2601 1395 2643 Latinitatis
1412 2602 1534 2656 quasi
1551 2601 1689 2655 gradu

142 2667 197 2710 ad
224 2668 460 2711 Romanam
492 2671 706 2716 civitatem
737 2673 986 2729 pervenisse
1018 2680 1196 2716 constat.
1251 2672 1415 2715 Verum
1442 2673 1559 2728 quod.
1588 2688 1689 2716 con-

114 2776 116 2778 ,
141 2738 231 2782 ficit
245 2754 349 2790 rem,
373 2741 550 2784 fuerunt
567 2744 694 2787 etiam
711 2751 810 2801 post
828 2745 1084 2788 dictaturam
1100 2743 1298 2788 Caesaris
1318 2745 1362 2786 in
1379 2744 1690 2801 Transpadana

146 2809 289 2854 Gallia
315 2812 442 2855 alieni
472 2813 580 2857 iuris
608 2814 825 2866 homines,
856 2816 1015 2858 nedum
1043 2824 1139 2857 ante
1169 2831 1275 2858 eam.
1337 2816 1444 2858 Nam
1472 2817 1688 2874 Inalpinas
