1846 3100
463 140 518 173 De
542 139 654 172 Gallia
678 139 914 171 Romanorum
941 137 1115 180 provincia
1142 137 1323 180 appendix.
1592 134 1666 178 177

234 247 324 291 Sed
347 249 392 290 in
419 263 469 291 eo
500 247 652 304 capite,
684 245 799 301 quod
830 245 1047 302 peculiare
1076 244 1261 287 instituit
1290 245 1343 288 ad
1373 245 1669 289 demonstran—

121 320 240 371 dum,
271 321 346 377 qui
370 335 508 363 annus
541 317 717 362 Caesari
746 318 800 360 ad
832 318 1077 360 consulatus
1108 317 1352 373 petitionem
1379 319 1669 375 praescriptus

123 392 190 444 sit,
227 392 503 435 Hosmannus
540 407 583 448 p.
623 391 675 434 30
713 391 896 447 primum
935 390 1058 432 affert
1099 389 1233 433 Caelii
1272 390 1494 447 epistolam
1525 406 1670 434 mense

122 464 302 508 Octobri
337 481 434 508 ann.
469 465 518 508 51
562 464 762 520 scriptam
801 463 916 519 apud
946 461 1037 505 Cic.
1077 463 1200 520 epist.
1224 463 1356 513 VIII,
1385 464 1424 514 8,
1453 464 1501 506 9:
1530 467 1671 518 Itaque

120 541 204 580 iam
218 569 229 589 ,
266 545 315 579 ut
345 539 483 588 video,
522 540 698 578 alteram
732 543 873 577 utram
912 538 970 576 ad
976 585 980 589 ι
1005 537 1280 576 condicionem
1311 537 1545 577 descendere
1581 538 1673 577 vult

90 627 93 631 ’
121 612 283 661 Caesar,
311 617 361 652 ut
382 617 459 652 aut
487 615 654 651 maneat
683 624 810 662 neque
837 610 910 649 lcoc
945 622 1057 649 anno
1083 623 1158 648 sua
1188 611 1298 649 ratio
1330 609 1549 660 habeatur,
1581 615 1670 658 aut,

121 685 158 722 si
189 684 404 736 designari
429 685 600 737 poterit,
630 683 806 723 decedat.
865 680 1101 736 Perspicue
1129 680 1195 723 his
1231 680 1374 723 verbis
1404 681 1573 723 ostendi
1599 681 1670 731 ait,

123 754 311 797 voluisse
343 753 571 797 Caesarem
598 761 742 810 petere
769 768 879 795 anno
914 753 980 797 50.
1040 751 1153 795 Aliis
1185 753 1240 795 sit
1266 753 1561 810 perspicuum,
1591 769 1669 796 nos

121 827 318 882 quidem,
359 827 395 869 si
425 827 635 870 Latinitas
663 833 899 883 spectetur,
934 828 1044 867 hunc
1084 841 1242 867 annum
1270 826 1549 883 intelligimus
1576 840 1671 868 esse

122 907 195 942 aut
231 915 355 950 eum,
398 915 484 956 quo
511 900 669 956 scripta
707 899 761 941 sit
791 898 994 955 epistola,
1037 905 1110 940 aut
1151 913 1250 940 eum
1286 898 1340 941 de
1381 913 1467 955 quo
1505 905 1670 955 agatur.

122 973 249 1015 Illum
280 988 375 1015 esse
405 988 490 1015 non
510 987 638 1029 posse
656 972 780 1015 facile
801 972 1007 1020 concedet
1035 971 1127 1027 ipse
1149 971 1442 1022 Hofmannus3
1475 971 1539 1013 sin
1561 971 1670 1013 alius

123 1045 430 1102 intelligendus
462 1046 528 1096 sit,
560 1060 637 1087 cur
654 1045 707 1088 50
731 1061 768 1087 a.
789 1043 891 1087 Chr.
919 1043 1192 1100 potissimum
1212 1044 1393 1094 dicatur,
1421 1058 1507 1085 non
1530 1043 1670 1086 video.

125 1117 213 1161 Sed
253 1119 379 1162 etiam
421 1118 595 1162 licuisse
630 1116 806 1161 Caesari
843 1130 953 1160 anno
991 1116 1044 1159 50
1071 1124 1215 1172 petere
1259 1117 1527 1159 consulatum
1558 1115 1671 1157 Hof-

113 1207 306 1235 -mannus
334 1192 623 1234 demonstrare
651 1191 744 1234 vult
771 1206 823 1232 ex
850 1190 933 1232 alia
963 1187 1099 1231 Caelii
1126 1189 1306 1245 epistola
1335 1188 1452 1245 apud
1484 1186 1575 1230 Cic.
1605 1203 1670 1244 ep.

121 1264 245 1314 VIH,
269 1265 331 1307 13.
353 1263 724 1307 Commemoratur
745 1263 858 1304 enim
883 1261 943 1303 ibi
969 1261 1117 1304 relatio
1134 1262 1360 1304 consulum
1382 1275 1528 1303 mense
1545 1259 1671 1302 Iunio

121 1337 221 1380 anni
258 1336 311 1379 50
345 1337 457 1379 facta
491 1337 545 1378 de
588 1335 819 1391 provinciis
853 1332 1052 1377 Caesaris
1094 1341 1135 1376 et
1172 1334 1376 1391 petitione
1409 1333 1670 1382 consulatus,

121 1410 174 1452 de
211 1425 296 1465 qua
329 1409 533 1451 relatione
575 1414 748 1451 senatus
792 1406 974 1449 tribunis
1014 1405 1376 1448 intercedentibus
1419 1411 1671 1448 assenserat.

121 1481 199 1524 Ille
231 1481 419 1524 breviter
443 1480 676 1524 admodum
704 1494 908 1536 apparere
937 1479 1015 1529 ait,
1061 1479 1114 1520 de
1143 1478 1324 1521 comitiis
1359 1478 1459 1520 anni
1502 1478 1556 1520 50
1586 1477 1671 1533 agi,

121 1569 200 1597 nos
233 1561 274 1596 et
294 1554 400 1597 haec
428 1554 598 1597 comitia
619 1560 705 1595 tam
729 1552 970 1609 propinqua
994 1552 1130 1594 fuisse
1159 1566 1397 1601 censemus,
1423 1557 1471 1592 ut
1497 1550 1570 1606 qui
1595 1549 1672 1592 ad-

122 1627 316 1669 mittendi
347 1633 503 1677 essent,
534 1632 727 1668 constare
759 1625 935 1668 deberet
955 1638 1035 1666 nec
1066 1624 1119 1666 de
1139 1623 1320 1666 comitiis
1340 1623 1491 1674 solum,
1521 1637 1672 1664 verum

123 1699 248 1742 etiam
282 1699 336 1741 de
368 1698 604 1755 provinciis
633 1704 775 1740 actum
807 1711 901 1739 esse
934 1696 1144 1747 videmus,
1175 1711 1356 1751 quarum
1392 1695 1484 1737 dies
1514 1694 1549 1737 si
1578 1694 1672 1750 ipso

120 1772 194 1814 illo
221 1786 331 1814 anno
360 1771 414 1814 50
443 1769 611 1820 exibat,
639 1769 876 1812 rectissime
906 1784 1008 1810 num
1039 1768 1292 1811 adimendae
1321 1774 1485 1817 essent,
1526 1780 1672 1808 mense

120 1843 246 1886 Iunio
275 1842 589 1886 consulebatur.
640 1841 789 1897 Neque
820 1841 1051 1897 quicquam
1077 1841 1208 1891 aliud,
1239 1840 1355 1896 quod
1382 1853 1467 1881 non
1491 1838 1575 1880 iam
1604 1852 1672 1879 re-

122 1917 304 1959 futatum
338 1916 406 1966 sit,
435 1915 632 1964 affertur,
677 1913 753 1956 sed
783 1913 1022 1956 discedenti
1049 1913 1297 1956 Hofmanno
1326 1912 1379 1955 ab
1418 1910 1672 1966 scriptorum

122 1996 315 2032 veterum
341 1988 591 2031 auctoritate
625 2000 858 2041 eorumque
896 1985 1140 2028 testimonia
1166 1984 1382 2042 spernenti
1413 1982 1570 2026 accidit
1597 1996 1673 2024 ne-

123 2062 328 2111 cessario,
357 2067 406 2102 ut
433 2060 568 2102 multa
597 2058 848 2101 viderentur
877 2057 1060 2100 obstare.
1104 2058 1254 2113 Itaque
1284 2057 1441 2113 longus
1477 2070 1572 2098 esse
1601 2069 1672 2096 co-

124 2133 240 2190 gitur
276 2133 320 2174 in
347 2133 401 2175 iis
430 2130 726 2179 removendis,
758 2137 884 2185 atque
922 2130 1267 2186 interpretatione
1295 2129 1358 2170 uti
1387 2142 1539 2184 parum
1572 2127 1672 2169 sim-

124 2205 223 2260 plici
249 2219 300 2247 ac
327 2195 449 2260 quasi
478 2203 675 2246 naturali.
733 2202 844 2244 Nam
873 2201 972 2244 bell.
1001 2202 1081 2245 civ.
1111 2203 1158 2253 I,
1185 2202 1211 2243 9
1243 2199 1405 2243 Caesar
1433 2202 1605 2241 doluisse
1634 2214 1673 2239 se

124 2277 195 2327 ait,
227 2279 335 2330 quod
354 2278 504 2330 populi
520 2278 704 2317 Romani
732 2275 970 2328 beneficium
999 2275 1078 2315 sibi
1094 2289 1171 2328 per
1194 2274 1485 2315 contumeliam
1513 2271 1563 2311 ab
1591 2274 1673 2311 ini-

123 2352 239 2390 micis
272 2355 583 2401 extorqueretur
611 2354 823 2401 ereptoque
850 2349 1064 2388 semenstri
1100 2348 1270 2399 imperio
1299 2347 1343 2384 in
1374 2343 1513 2383 urbem
1544 2349 1675 2383 retra*

123 2423 302 2470 heretum
329 2424 447 2462 cuius
475 2421 649 2461 absentis
677 2422 880 2460 rationem
909 2419 1052 2459 haberi
1069 2420 1273 2471 proximis
1295 2417 1470 2456 comitiis
1494 2416 1675 2468 populus

123 2496 311 2534 iussisset.
378 2494 535 2532 Tamen
571 2493 679 2532 hanc
715 2494 923 2532 iacturam
964 2492 1128 2531 honoris
1162 2492 1228 2530 sui
1263 2487 1511 2542 reipublicae
1548 2500 1674 2527 causa

125 2574 251 2617 aequo
281 2566 420 2604 animo
451 2565 600 2605 tulisse.
647 2564 745 2605 Cum
775 2565 936 2604 litteras
965 2564 1023 2604 ad
1050 2569 1236 2603 senatum
1265 2562 1435 2608 miserit,
1462 2564 1511 2599 ut
1539 2572 1675 2598 omnes

126 2637 176 2677 ab
196 2635 438 2677 exercitibus
459 2635 718 2684 discederent,
747 2650 798 2675 ne
812 2637 859 2676 id
877 2636 1037 2688 quidem
1055 2635 1351 2686 impetravisse:
1378 2631 1422 2672 in
1437 2630 1504 2672 his
1521 2630 1555 2672 si
1573 2643 1674 2685 pro-

128 2707 245 2750 xima
262 2706 432 2749 comitia
448 2706 547 2748 anni
563 2705 615 2749 49
630 2705 936 2762 intelligantur,
962 2706 1237 2748 Hofmannus
1260 2719 1302 2760 p.
1327 2703 1379 2745 34
1396 2708 1524 2758 negat
1541 2715 1676 2757 aequo

128 2779 268 2822 animo
300 2779 451 2822 tulisse
482 2778 695 2828 iniuriam,
727 2777 803 2820 sed
831 2778 1099 2821 Rubiconem
1136 2776 1353 2820 transisse.
1410 2772 1548 2827 Quasi
1574 2787 1675 2815 vero

126 2851 198 2893 ille
238 2867 282 2894 se
316 2867 394 2894 sua
425 2867 573 2902 causa,
609 2866 695 2894 non
719 2850 773 2892 ad
803 2849 1123 2893 defendendum
1150 2849 1218 2890 ius
1257 2844 1532 2890 tribunicium
1559 2861 1677 2889 arma

1357 2918 1408 2960 12
