1846 3100
183 157 266 201 266
626 159 680 191 De
707 159 880 192 dictatoris
909 157 1066 191 Caesaris
1094 158 1291 191 honoribus.

183 270 343 313 rectius
369 269 669 326 intelligendas
700 266 916 317 valebunt,
947 266 1012 308 sin
1037 267 1352 318 refutabantur,
1371 267 1585 325 insignem
1605 275 1733 325 atque

183 358 208 385 a
243 350 391 385 nostra
424 349 560 384 aetate
594 341 810 383 diversam
840 339 1008 395 imperii
1040 339 1220 382 Romani
1255 339 1464 382 rationem
1494 341 1732 383 ostendent.

184 413 333 457 Secuti
363 414 476 456 enim
506 429 585 456 nos
615 428 765 456 sumus
790 427 926 454 unum
948 410 1070 461 illud,
1090 412 1207 467 quod
1227 427 1393 455 summa
1410 420 1599 470 potestas
1618 413 1733 469 prin-

183 487 290 544 cipis
321 502 405 529 non
438 486 612 530 videtur
642 501 770 542 posse
806 484 1126 534 communicari,
1163 499 1216 527 ne
1246 500 1344 528 cum
1380 500 1430 528 eo
1457 486 1631 542 quidem
1659 485 1732 541 qui

182 560 306 602 heres
335 575 385 602 ac
417 574 641 602 successor
673 559 837 600 electus
874 557 947 606 sit3
991 558 1180 600 vidimus
1214 558 1341 600 etiam
1371 558 1582 615 originem
1610 565 1732 615 pote—

183 633 303 676 statis
335 648 387 675 ex
418 632 616 689 pluribus
659 631 853 687 partibus
887 630 1077 681 coalitae,
1119 631 1302 687 denique
1332 630 1586 674 mulieribus
1618 638 1731 673 certe

182 707 337 749 domus
373 705 669 762 imperatoriae
702 711 866 760 partem
906 702 1090 758 aliquam
1121 704 1315 746 eiusdem
1344 703 1566 759 potestatis
1594 701 1731 744 tribu-

181 786 266 822 tam
296 794 391 822 esse
423 785 602 828 constat,
633 777 792 833 quibus
823 775 897 831 qui
923 781 1053 817 totam
1079 776 1208 826 illam,
1236 791 1321 832 qua
1344 776 1429 833 ipsi
1454 775 1730 832 imperatores

180 851 426 901 utebantur,
465 865 712 893 concessam
744 864 838 892 esse
879 848 1152 898 existimabit,
1181 864 1350 891 omnem
1382 862 1541 891 morem
1572 847 1730 889 Roma-

181 940 285 967 num
311 923 507 966 mutabit.
564 921 665 965 Alio
697 922 822 964 etiam
849 936 902 963 ex
932 935 1088 977 genere
1119 936 1344 964 censemus
1376 936 1471 964 esse
1496 934 1730 978 proconsu-

181 998 314 1040 larem
343 1003 611 1053 potestatem‚
641 1010 750 1050 quae
784 995 895 1036 inter
924 994 1224 1050 imperatorem
1253 994 1396 1050 ipsum
1424 994 1602 1048 eiusque
1632 1007 1730 1035 suc-

184 1084 399 1113 cessorem
427 1067 733 1111 communicari
765 1066 951 1110 solebat:
990 1081 1098 1121 quae
1137 1082 1232 1108 cum
1261 1067 1304 1108 in
1338 1082 1386 1109 eo
1412 1067 1551 1123 posita
1585 1066 1652 1115 sit,
1683 1073 1731 1107 ut

182 1143 411 1199 imperator
452 1142 495 1183 in
536 1139 760 1183 senatoriis
801 1138 1030 1195 provinciis
1062 1140 1280 1194 superiore
1316 1139 1409 1181 iure
1449 1146 1575 1189 esset,
1604 1152 1728 1193 quam

182 1215 258 1272 qui
294 1229 508 1271 quamque
545 1220 726 1270 regeret,
763 1211 932 1254 facilius
964 1211 1075 1253 inter
1110 1211 1196 1253 duo
1231 1211 1403 1253 videtur
1435 1210 1626 1268 potuisse
1662 1209 1730 1251 di-

183 1287 285 1330 vidi.
334 1287 642 1337 Veruntamen,
671 1294 768 1328 utut
799 1286 852 1328 de
884 1285 966 1327 hac
998 1299 1297 1327 successorum
1327 1283 1492 1340 imperii
1523 1289 1730 1340 potestate

181 1359 457 1410 iudicabitur,
502 1361 625 1415 quod
657 1359 829 1416 proprie
860 1358 986 1400 nobis
1019 1364 1108 1399 erat
1137 1357 1416 1414 propositum,
1444 1363 1493 1398 ut
1522 1356 1730 1412 originem

181 1433 403 1475 tribunicii
446 1433 567 1483 iuris,
607 1447 693 1488 quo
732 1432 1035 1487 imperatorum
1075 1429 1264 1486 potentia
1297 1428 1616 1478 conficiebatur,
1656 1443 1730 1470 ex-

181 1520 453 1562 poneremus,
483 1505 517 1547 si
547 1505 691 1561 aliqua
719 1505 881 1546 ratione
912 1503 1180 1545 effecerimus
1210 1502 1438 1557 locumque
1468 1499 1729 1556 antiquitatis

180 1578 398 1624 Romanae
418 1578 651 1620 maximum
685 1577 954 1631 eundemque
983 1574 1336 1617 obscurissimum
1356 1572 1730 1621 illustraverimus,

183 1651 284 1693 satis
315 1651 502 1693 assecuti
531 1665 640 1701 esse,
668 1665 718 1692 ac
746 1650 849 1691 dum
879 1647 934 1690 ab
965 1647 1170 1690 dictatore
1199 1644 1383 1688 Caesare
1403 1645 1729 1702 proficiscimur,

181 1723 298 1780 quod
340 1724 394 1766 ad
441 1738 588 1766 omnes
631 1723 907 1779 imperatores
947 1719 1164 1762 Romanos
1211 1733 1470 1775 magnopere
1506 1718 1728 1775 pertineat,

182 1796 421 1853 explicasse
450 1795 709 1838 videbimur.
