1846 3100
555 127 609 159 De
637 126 750 159 Gallia
774 127 1006 159 Romanorum
1038 126 1222 168 provincia.
1610 120 1663 162 59

115 253 201 280 non
231 237 446 293 intelligo:
485 250 653 292 semper
679 250 729 278 ea
757 235 802 276 in
834 234 1002 290 privata
1027 233 1151 289 quasi
1183 233 1378 290 pactione
1409 238 1495 275 erat
1526 231 1667 288 posita

119 324 258 365 neque
292 324 479 364 unquam
514 307 795 364 sequebatur,
828 315 877 348 ut
902 321 988 348 una
1016 306 1238 362 provincia
1267 305 1450 347 duorum
1482 305 1665 359 impera-

119 388 260 423 torum
288 388 401 423 esset
437 380 691 423 communis.
749 378 920 421 Deinde
955 393 1128 428 vereor,
1165 387 1215 420 ut
1254 377 1371 433 quod
1402 374 1663 418 Garatonius

116 454 159 495 in
178 453 311 496 verbo
335 452 678 496 communicandi
692 452 834 494 inesse
853 451 958 500 vult,
991 450 1224 507 significari
1249 464 1298 491 eo
1318 449 1466 505 possit.
1497 447 1667 490 Etenim

117 526 432 568 communicare
460 525 589 574 nihil,
620 525 794 580 opinor,
822 523 939 564 aliud
971 530 1056 573 est,
1087 538 1216 577 quam
1247 535 1472 564 commune
1501 518 1664 575 aliquid

118 613 217 640 cum
244 597 388 653 aliquo
415 597 571 646 facere,
599 611 730 651 quare
750 594 902 638 Cicero
932 610 1030 637 cum
1061 610 1106 637 se
1137 594 1322 637 Galliam
1351 608 1449 636 cum
1475 590 1666 633 Antonio

118 669 457 712 communicasse
485 668 602 717 dicit,
637 668 719 709 hoc
746 667 816 716 ait,
847 682 892 709 se
923 667 966 708 in
997 666 1152 716 Gallia,
1181 682 1310 722 quam
1338 664 1552 722 propriam
1581 662 1663 706 sibi

122 741 385 798 provinciam
418 739 636 789 habuerit,
674 739 866 781 Antonio
906 754 1076 794 quoque
1118 753 1264 781 secum
1296 737 1523 794 imperium
1566 751 1668 777 con-

124 813 319 856 cessisse.
375 812 500 867 Quae
532 827 630 855 eum
660 811 719 853 ita
749 811 846 860 sint,
877 810 1097 867 probanda
1127 810 1275 866 utique
1298 818 1363 852 est
1392 809 1574 851 Ferratii
1601 809 1667 850 in-

121 885 380 942 terpretatio,
412 885 486 940 qui
513 884 631 940 quod
648 881 802 926 Cicero
823 898 978 939 passus
1006 883 1060 925 sit
1078 883 1288 926 adversus
1308 880 1538 923 Catilinam
1570 895 1668 923 cum

119 957 310 1000 exercitu
341 954 394 999 C.
423 956 658 999 Antonium
693 955 802 997 mitti
831 962 951 997 extra
979 955 1171 998 ordinem
1208 956 1337 1009 (nam
1369 952 1420 996 C.
1454 953 1668 995 Antonius

123 1030 246 1072 illum
285 1030 339 1072 ad
368 1029 575 1072 Pistoiam
603 1027 813 1084 devicit),
851 1027 948 1069 ideo
986 1034 1100 1070 recte
1131 1026 1316 1069 Galliam
1355 1041 1454 1068 cum
1481 1025 1669 1067 Antonio

121 1102 478 1145 communicatam
511 1101 596 1143 dici
623 1101 693 1143 ait.
753 1098 815 1142 At
844 1115 968 1141 nemo
998 1100 1106 1142 alius
1144 1099 1225 1141 hoc
1257 1098 1398 1141 tradit.
1455 1097 1670 1139 Nimirum

121 1189 201 1216 nec
229 1174 372 1218 omnia
400 1173 453 1216 ab
487 1173 686 1215 omnibus
712 1172 875 1214 narrari
902 1187 1010 1228 opus
1041 1179 1106 1214 est
1135 1179 1176 1214 et
1208 1169 1361 1213 Cicero
1392 1185 1468 1226 per
1499 1185 1544 1211 se
1577 1169 1670 1225 ipse

122 1246 225 1289 satis
254 1246 438 1288 idoneus
468 1252 617 1287 auctor
647 1252 712 1286 est
738 1251 780 1286 et
809 1258 877 1285 res
908 1244 1002 1299 ipsa
1031 1244 1269 1286 certissima
1308 1249 1393 1291 est3
1438 1257 1537 1284 nam
1570 1256 1670 1283 oum

121 1319 338 1360 Antonius
368 1333 464 1360 cum
494 1315 680 1359 Catilina
710 1316 936 1373 pugnarit,
973 1316 1016 1357 in
1045 1331 1095 1358 ea
1122 1322 1240 1372 parte
1267 1315 1414 1357 Italiae
1443 1314 1670 1370 imperium

119 1406 146 1432 a
173 1397 324 1433 senatu
353 1389 600 1431 mandatum
631 1388 830 1431 habuerit
859 1402 1033 1430 necesse
1057 1395 1133 1430 est.
1192 1387 1318 1442 Quae
1348 1394 1491 1430 autem
1523 1392 1672 1428 contra

121 1463 231 1504 hanc
260 1461 464 1504 rationem
496 1460 758 1504 Garatonius
790 1460 1003 1515 disputat,
1043 1461 1195 1516 partim
1229 1461 1285 1503 ad
1316 1459 1542 1516 imperium
1573 1457 1670 1500 Me-

126 1535 229 1585 telli,
259 1535 312 1577 de
338 1548 424 1590 quo
448 1534 577 1590 paulo
607 1541 704 1589 post
734 1533 941 1582 dicemus,
976 1533 1093 1588 quod
1123 1533 1195 1574 ille
1228 1531 1395 1574 Galliae
1425 1529 1670 1586 Cisalpinae

122 1607 282 1650 ratione
299 1621 385 1649 non
400 1615 625 1662 perspecta
640 1606 763 1661 quale
781 1604 936 1647 fuisset
959 1603 1198 1659 intelligere
1223 1618 1307 1646 non
1333 1603 1485 1659 potuit,
1516 1602 1671 1659 partim

124 1679 179 1722 ad
207 1686 399 1735 tempora
435 1678 660 1734 pertinent.
716 1677 828 1720 Nam
863 1677 964 1732 quia
991 1675 1230 1718 Antonium
1257 1676 1396 1718 Roma
1427 1675 1671 1732 profectum

122 1766 217 1794 esse
246 1757 413 1792 constat
443 1750 618 1791 demum
645 1757 874 1806 postquam
906 1747 1092 1791 Catilina
1122 1748 1229 1790 urbe
1259 1747 1442 1790 emissus
1474 1754 1562 1796 est,
1595 1744 1671 1789 Ci-

126 1838 221 1866 cero
248 1829 389 1866 autem
428 1829 655 1878 antequam
682 1820 909 1864 Catilinam
943 1821 1079 1871 eiecit,
1108 1820 1371 1876 provinciam
1398 1826 1439 1878 et
1470 1819 1669 1875 deposuit

123 1902 165 1938 et
194 1894 249 1948 Q.
283 1894 462 1937 Metello
503 1894 690 1949 praetori
727 1893 1041 1935 decernendam
1083 1892 1271 1942 curavit,
1312 1891 1575 1934 Garatonius
1610 1890 1672 1932 sic

125 1967 360 2016 existimat,
398 1982 483 2009 non
513 1967 623 2008 inter
652 1965 905 2008 Ciceronem
944 1974 983 2007 et
1013 1966 1123 2007 inter
1152 1964 1413 2014 Antonium,
1456 1963 1533 2005 sed
1562 1962 1670 2004 inter

123 2039 348 2082 Metellum
380 2046 422 2080 et
446 2038 684 2080 Antonium
709 2037 912 2080 debuisse
940 2037 1027 2079 dici
1058 2037 1413 2079 communicatam
1437 2049 1532 2077 esse
1560 2032 1682 2077 Gal?

121 2111 236 2154 liam.
296 2111 358 2153 At
387 2110 506 2152 aliud
533 2097 854 2165 estsimperium
880 2109 1124 2165 provinciae
1153 2108 1359 2164 accipere,
1387 2107 1505 2150 aliud
1533 2106 1672 2148 Roma

116 2183 350 2240 proficisci,
377 2198 456 2225 nec
487 2182 523 2224 si
552 2182 767 2224 Antonius
797 2182 972 2223 demum
1003 2188 1098 2237 post
1128 2197 1164 2223 a.
1195 2180 1237 2221 d.
1256 2179 1322 2223 VI
1344 2179 1411 2221 Id.
1427 2179 1552 2228 Nov„
1589 2192 1673 2233 qua

123 2261 247 2298 nocte
275 2253 461 2297 Catilina
492 2253 599 2296 urbe
625 2254 823 2303 excessit,
854 2253 898 2294 in
926 2254 1088 2296 bellum
1119 2252 1236 2302 abiit,
1268 2251 1475 2301 efficitur,
1506 2258 1555 2293 ut
1586 2265 1672 2291 non

124 2334 221 2370 ante
252 2326 335 2368 iam
365 2326 593 2382 imperium
611 2333 653 2367 et
681 2325 901 2367 decretum
928 2341 954 2367 a
979 2331 1129 2367 senatu
1147 2323 1345 2367 habuerit
1362 2331 1403 2366 et
1430 2338 1528 2366 vere
1548 2337 1671 2365 exer-

125 2398 273 2441 cuerit.
330 2397 470 2453 quue
500 2412 597 2439 oum
625 2398 667 2438 in
697 2397 790 2439 aliis
822 2396 1054 2453 provinciis
1079 2396 1139 2438 ita
1168 2410 1262 2438 esse
1293 2403 1472 2451 poterat,
1509 2404 1600 2436 tum
1628 2395 1673 2436 in

125 2469 269 2512 Gallia
286 2467 518 2524 Cisalpina,
547 2469 670 2511 cuius
700 2469 920 2525 praesides
952 2467 1229 2510 consuevisse
1262 2466 1493 2508 didicimus
1512 2467 1673 2508 Romae

126 2541 288 2588 versari
319 2547 446 2596 atque
476 2540 577 2583 inde
605 2541 849 2583 universam
865 2540 1031 2582 Italiam
1053 2539 1335 2582 communiter
1361 2538 1673 2580 administrare.

125 2613 250 2655 Duas
281 2612 415 2668 igitur
442 2612 527 2654 iam
555 2619 750 2655 tenemus
780 2628 849 2655 res
866 2612 1142 2662 certissimas,
1174 2612 1359 2667 primum
1388 2618 1673 2653 commutasse

126 2683 382 2726 Ciceronem
411 2683 711 2726 Macedoniam
740 2683 910 2734 Gallia,
941 2684 1118 2734 deinde,
1154 2698 1252 2726 cum
1282 2682 1469 2726 Galliam
1497 2689 1672 2731 teneret,

126 2771 225 2798 eum
259 2756 303 2797 in
334 2755 414 2798 hac
452 2755 547 2811 ipsa
582 2762 702 2798 extra
733 2756 926 2799 ordinem
959 2754 1010 2798 C.
1041 2756 1231 2798 Antonio
1274 2769 1497 2798 commune
1528 2767 1674 2796 secum

126 2828 354 2885 imperium
399 2827 717 2870 decernendum
757 2842 945 2870 curasse.
1010 2826 1098 2870 Sed
1144 2827 1279 2882 quid?
1343 2825 1459 2869 Num
1501 2824 1674 2869 tandem
