1846 3100
549 126 603 158 De
628 126 873 168 propagatione
899 126 1044 157 civitatis
1068 125 1255 157 Romanae.
1588 121 1669 165 363

119 242 250 278 tatem
287 235 524 278 Romanam
561 232 788 276 habebant.
842 230 934 274 Cur
962 231 1097 288 igitur
1124 231 1217 274 dari
1246 232 1327 275 sibi
1358 233 1522 282 volunt,
1553 233 1669 288 quod

118 306 202 349 iam
234 307 478 350 habebant?
533 306 760 355 Nimirum,
799 304 917 360 quod
957 318 1007 346 ea
1044 304 1194 346 civitas
1225 304 1432 354 Romana,
1469 320 1556 361 qua
1585 305 1670 361 ipsi

118 379 363 430 utebantur,
402 379 494 421 iure
523 379 734 420 honorum
764 376 948 427 carebat,
978 384 1026 418 ut
1057 392 1166 432 quae
1195 386 1298 419 tunc
1325 377 1590 426 acciderunt,
1617 377 1669 419 iis

119 465 227 507 quae
249 457 400 507 postea
428 467 454 493 a
485 451 560 507 sp.
581 448 771 492 Carvilio
799 448 899 491 belli
929 449 1086 491 Punici
1114 456 1264 498 aetate,
1297 457 1386 491 tum
1415 449 1544 506 paulo
1573 455 1670 490 ante

119 523 354 566 Marsicum
409 522 567 566 bellum
619 530 713 564 acta
768 527 890 570 sunt,
951 521 1166 563 simillima
1218 536 1312 563 esse
1366 521 1669 577 intelligamus.

120 594 312 638 Omnino
341 603 486 638 autem
511 595 762 637 universum
795 593 1039 635 Latinitatis
1070 593 1139 635 ius
1170 593 1295 635 facile
1327 609 1379 635 ex
1403 594 1577 635 foedere
1596 593 1670 634 illo

119 665 342 718 Cassiano,
371 668 488 723 quod
517 665 860 714 commemoravi,
898 665 1030 721 repeti
1061 680 1256 721 quaeque
1287 666 1538 708 Latinorum
1569 679 1670 721 pro-

118 740 212 796 pria
253 755 349 782 esse
391 740 594 788 vidimus,
634 754 685 781 ex
723 738 839 780 illius
871 737 1043 793 legibus
1082 738 1284 794 explicari
1324 753 1449 793 posse
1486 738 1667 794 reperio,

117 812 248 868 idque
290 827 340 855 eo
385 812 522 869 magis
562 811 685 854 nobis
724 812 806 853 hoc
846 811 939 853 loco
978 810 1304 867 suscipiendum
1336 825 1431 853 esse
1475 809 1669 858 arbitror,

118 885 235 941 quod
266 885 479 927 neminem
506 884 649 927 adhuc
680 884 871 926 virorum
903 883 1127 925 doctorum
1153 882 1206 924 de
1230 882 1396 938 origine
1425 882 1670 926 Latinitatis

118 971 218 999 vere
247 964 374 1012 atque
404 957 477 1007 ita,
509 963 556 998 ut
584 956 897 1012 praetermissis
923 954 1124 997 inanibus
1156 955 1411 998 coniecturis
1438 969 1548 1011 quae
1577 970 1670 997 cer-

117 1029 172 1072 tis
205 1029 459 1071 testimoniis
488 1028 613 1071 nobis
643 1028 799 1070 tradita
828 1035 984 1076 essent,
1019 1034 1283 1082 sequeretur,
1305 1027 1548 1084 disputasse
1577 1027 1668 1069 exi-

119 1101 258 1143 stimo.
300 1101 496 1144 Primum
523 1101 657 1157 igitur
686 1100 993 1156 aequissimum
1022 1100 1179 1142 foedus
1211 1108 1301 1142 erat
1331 1100 1451 1156 (Liv.
1469 1100 1670 1153 V111,4)‚

119 1173 196 1215 sed
230 1173 426 1215 iunctum
451 1173 562 1215 inter
590 1173 698 1215 duas
730 1172 1012 1229 respublicas,
1051 1187 1160 1228 quae
1192 1187 1290 1214 cum
1321 1171 1535 1215 artissima
1565 1172 1670 1214 ami-

121 1245 220 1288 citia
258 1260 308 1288 ac
349 1245 550 1288 societate
591 1246 928 1301 continerentur,
969 1245 1194 1301 separatim
1235 1252 1375 1288 tamen
1414 1252 1669 1288 constarent.

123 1317 407 1373 Sequebatur,
435 1326 484 1359 ut
510 1317 639 1360 unius
667 1317 925 1374 reipublicae
957 1318 1073 1361 cives
1104 1318 1147 1359 in
1167 1318 1298 1360 altera
1317 1318 1500 1360 honores
1520 1333 1668 1374 gerere

121 1407 206 1434 non
230 1399 426 1448 possent:
450 1392 510 1433 ita
532 1391 643 1434 enim
670 1406 755 1433 non
784 1391 895 1433 duae
919 1398 1194 1433 conservatae
1218 1398 1362 1432 essent
1386 1390 1669 1446 respublicae,

120 1465 197 1507 sed
227 1479 315 1507 una
345 1465 568 1507 extitisset.
625 1463 771 1516 Quare
810 1477 891 1505 nec
933 1463 1038 1506 civis
1070 1464 1291 1505 Romanus
1331 1463 1385 1505 ad
1414 1463 1670 1505 Latinorum

121 1537 412 1594 magistratus,
442 1552 522 1580 nec
553 1537 736 1578 Latinus
768 1536 823 1578 ad
853 1536 1095 1578 Romanum
1129 1542 1324 1577 senatum
1356 1535 1520 1578 admitti
1548 1542 1671 1592 pote-

118 1616 195 1652 rat.
249 1608 464 1663 Quoniam
492 1609 605 1651 enim
635 1624 688 1651 ex
719 1623 836 1650 more
869 1608 1161 1650 vetustissimo
1191 1607 1385 1650 Romano
1413 1622 1538 1649 nemo
1563 1608 1671 1650 dua-

122 1696 219 1723 rum
260 1681 479 1724 civitatum
519 1689 660 1736 potest
698 1681 804 1723 civis
846 1695 954 1730 esse,
997 1694 1076 1722 nec
1119 1694 1286 1729 rursus,
1324 1679 1397 1735 qui
1439 1680 1546 1722 civis
1585 1695 1671 1723 non

123 1760 251 1803 esset,
276 1753 574 1809 magistratum
600 1767 750 1809 gerere
783 1767 908 1808 posse
946 1752 1188 1802 videbatur,
1223 1751 1258 1793 si
1290 1751 1386 1806 quis
1414 1752 1597 1795 Latinus
1626 1753 1671 1794 in

125 1832 319 1866 senatum
343 1824 583 1867 Romanum
615 1824 895 1880 pervenisset,
922 1824 1105 1866 Latinus
1136 1839 1231 1866 esse
1263 1824 1459 1874 desisset,
1489 1825 1563 1880 qui
1582 1825 1671 1867 Ro-

120 1911 271 1939 manus
311 1897 568 1939 Latinorum
608 1897 904 1953 magistratum
944 1897 1150 1952 cepisset,
1181 1897 1416 1939 Romanam
1458 1896 1672 1940 civitatem

122 1970 349 2012 amisisset.
405 1970 592 2012 Prorsus
624 1970 758 2026 igitur
786 1970 855 2012 ius
885 1970 1109 2020 honorum,
1142 1985 1239 2012 cum
1263 1983 1347 2024 quo
1375 1969 1444 2011 ius
1477 1969 1672 2025 suffragii

123 2042 398 2084 coniunctum
429 2050 531 2092 erat,
566 2042 740 2084 foedere
777 2040 984 2084 Cassiano
1023 2042 1161 2097 excipi
1193 2040 1426 2097 oportebat.
1484 2042 1544 2083 At
1573 2056 1671 2083 cum

122 2122 241 2156 tanta
269 2114 381 2156 inter
411 2114 519 2156 duas
548 2114 816 2170 respublicas
849 2114 1036 2156 amicitia
1066 2113 1410 2163 constitueretur,
1440 2112 1672 2169 providen-

123 2186 228 2227 dum
258 2194 361 2235 erat,
387 2193 448 2236 ut,
478 2187 675 2241 quamvis
703 2185 974 2242 respublicae
1007 2185 1328 2235 distinerentur,
1365 2192 1605 2227 mercatura
1630 2192 1672 2226 et

122 2257 311 2299 omnium
342 2257 613 2313 negotiorum
642 2258 873 2300 contractio
903 2264 1064 2313 quanta
1092 2265 1237 2314 posset
1268 2257 1450 2299 maxime
1478 2271 1669 2298 commu—

123 2328 190 2371 nis
221 2329 434 2380 existeret,
465 2344 515 2371 ac
542 2329 596 2372 de
623 2330 772 2372 litibus
801 2329 993 2371 vicissim
1022 2329 1134 2371 iuste
1165 2329 1472 2385 componendis
1496 2328 1669 2372 foedere

121 2408 312 2442 sanctum
348 2416 443 2443 esse
472 2402 712 2457 Dionysius
747 2402 774 2443 l.
805 2402 833 2443 l.
865 2400 1026 2443 scribit.
1078 2401 1186 2442 Eam
1217 2400 1272 2442 ob
1304 2415 1477 2444 causam
1508 2401 1669 2457 migra-

120 2472 276 2514 tionem
308 2473 362 2515 ab
391 2473 557 2515 Latinis
590 2473 645 2515 ad
682 2474 913 2523 Romanos,
945 2473 998 2515 ab
1027 2472 1232 2515 Romanis
1264 2473 1319 2515 ad
1350 2472 1530 2515 Latinos
1560 2473 1669 2516 libe-

120 2559 210 2586 ram
248 2559 342 2586 esse
383 2545 626 2592 voluerunt,
673 2546 868 2600 duasque
903 2560 972 2587 res
1012 2552 1359 2601 composuerunt,
1400 2544 1588 2600 primum
1621 2552 1670 2586 ut

120 2615 194 2670 qui
221 2622 385 2658 retento
413 2617 583 2673 proprio
609 2616 703 2659 iure
730 2617 774 2658 in
800 2617 975 2659 alteram
1001 2616 1308 2672 rempublicam
1333 2615 1518 2672 migrare
1539 2616 1667 2658 vellet

119 2687 266 2743 ibique
297 2687 351 2729 ad
386 2689 555 2745 negotia
594 2688 783 2745 gerenda
819 2689 958 2731 incola
992 2688 1098 2737 fieri,
1129 2696 1293 2744 partem
1324 2695 1436 2730 certe
1467 2687 1668 2743 exiguam

121 2759 388 2800 comitiorum
418 2758 605 2802 haberet.
649 2760 714 2802 Ita
743 2761 910 2803 Latinis
940 2760 1092 2802 incolis
1117 2759 1278 2802 Romae
1306 2775 1405 2809 una,
1427 2773 1535 2814 quae
1554 2766 1668 2801 sorte

122 2830 367 2882 duceretur,
398 2830 536 2873 tribus
563 2831 662 2875 data
697 2840 776 2883 est,
803 2832 847 2874 in
877 2848 962 2888 qua
990 2831 1246 2888 suffragium
1277 2832 1451 2881 ferrent,
1479 2845 1559 2874 nec
1587 2830 1667 2873 mi-
