<?xml version="1.0" encoding="UTF-8"?>
<!DOCTYPE html PUBLIC "-//W3C//DTD XHTML 1.0 Transitional//EN"
    "http://www.w3.org/TR/xhtml1/DTD/xhtml1-transitional.dtd">
<html xmlns="http://www.w3.org/1999/xhtml" xml:lang="en" lang="en">
 <head>
  <title>
</title>
<meta http-equiv="Content-Type" content="text/html;charset=utf-8" />
  <meta name='ocr-system' content='tesseract 3.04.00' />
  <meta name='ocr-capabilities' content='ocr_page ocr_carea ocr_par ocr_line ocrx_word'/>
</head>
<body>
  <div class='ocr_page' id='page_1' title='image "./studiaromanasive00zump_0321.png"; bbox 0 0 1846 3100; ppageno 0'>
   <div class='ocr_carea' id='block_1_1' title="bbox 545 137 1685 183">
    <p class='ocr_par' dir='ltr' id='par_1_1' title="bbox 545 137 1685 183">
     <span class='ocr_line' id='line_1_1' title="bbox 545 137 1685 183; baseline -0.001 -10"><span class='ocrx_word' id='word_1_1' title='bbox 545 141 600 173; x_wconf 87' lang='lat' dir='ltr'><strong>De</strong></span> <span class='ocrx_word' id='word_1_2' title='bbox 623 140 756 182; x_wconf 82' lang='lat' dir='ltr'><strong>legibus</strong></span> <span class='ocrx_word' id='word_1_3' title='bbox 781 140 1044 183; x_wconf 83' lang='lat' dir='ltr'><strong>municipalibus</strong></span> <span class='ocrx_word' id='word_1_4' title='bbox 1068 139 1276 182; x_wconf 85' lang='lat' dir='ltr'><strong>Hispanicis.</strong></span> <span class='ocrx_word' id='word_1_5' title='bbox 1604 137 1685 180; x_wconf 81' lang='grc'><strong>309</strong></span> 
     </span>
    </p>
   </div>
   <div class='ocr_carea' id='block_1_2' title="bbox 133 250 1690 1757">
    <p class='ocr_par' dir='ltr' id='par_1_2' title="bbox 133 250 1690 1757">
     <span class='ocr_line' id='line_1_2' title="bbox 136 250 1686 306; baseline -0.003 -10"><span class='ocrx_word' id='word_1_6' title='bbox 136 253 414 303; x_wconf 87' lang='lat' dir='ltr'><strong>demonstrat,</strong></span> <span class='ocrx_word' id='word_1_7' title='bbox 441 250 739 294; x_wconf 91' lang='lat' dir='ltr'><strong>Domitianum</strong></span> <span class='ocrx_word' id='word_1_8' title='bbox 769 264 880 292; x_wconf 91' lang='lat' dir='ltr'><strong>anno</strong></span> <span class='ocrx_word' id='word_1_9' title='bbox 909 250 962 292; x_wconf 81' lang='lat'><strong>85</strong></span> <span class='ocrx_word' id='word_1_10' title='bbox 991 263 1191 290; x_wconf 79' lang='lat' dir='ltr'><em>censorem</em></span> <span class='ocrx_word' id='word_1_11' title='bbox 1214 257 1458 303; x_wconf 78' lang='lat' dir='ltr'><strong>perpetuum</strong></span> <span class='ocrx_word' id='word_1_12' title='bbox 1488 264 1583 292; x_wconf 89' lang='lat' dir='ltr'><strong>esse</strong></span> <span class='ocrx_word' id='word_1_13' title='bbox 1611 265 1686 306; x_wconf 89' lang='lat' dir='ltr'><strong>ap-</strong></span> 
     </span>
     <span class='ocr_line' id='line_1_3' title="bbox 133 321 1686 383; baseline -0.004 -14"><span class='ocrx_word' id='word_1_14' title='bbox 133 326 352 383; x_wconf 85' lang='lat' dir='ltr'><strong>pellatum,</strong></span> <span class='ocrx_word' id='word_1_15' title='bbox 384 324 460 367; x_wconf 89' lang='lat' dir='ltr'><strong>sed</strong></span> <span class='ocrx_word' id='word_1_16' title='bbox 487 324 572 366; x_wconf 89' lang='lat' dir='ltr'><strong>iam</strong></span> <span class='ocrx_word' id='word_1_17' title='bbox 603 330 727 366; x_wconf 88' lang='lat' dir='ltr'><strong>antea</strong></span> <span class='ocrx_word' id='word_1_18' title='bbox 752 322 955 365; x_wconf 83' lang='lat' dir='ltr'>habuisse</span> <span class='ocrx_word' id='word_1_19' title='bbox 984 321 1220 364; x_wconf 87' lang='lat' dir='ltr'><strong>censoriam</strong></span> <span class='ocrx_word' id='word_1_20' title='bbox 1250 327 1518 377; x_wconf 85' lang='lat' dir='ltr'><strong>potestatem,</strong></span> <span class='ocrx_word' id='word_1_21' title='bbox 1548 328 1596 364; x_wconf 90' lang='lat' dir='ltr'><strong>ut</strong></span> <span class='ocrx_word' id='word_1_22' title='bbox 1621 322 1686 364; x_wconf 89' lang='lat' dir='ltr'><strong>vi-</strong></span> 
     </span>
     <span class='ocr_line' id='line_1_4' title="bbox 135 393 1687 452; baseline -0.003 -12"><span class='ocrx_word' id='word_1_23' title='bbox 135 398 314 440; x_wconf 85' lang='lat' dir='ltr'><strong>deamus</strong></span> <span class='ocrx_word' id='word_1_24' title='bbox 345 397 398 448; x_wconf 90' lang='lat' dir='ltr'><strong>ei,</strong></span> <span class='ocrx_word' id='word_1_25' title='bbox 431 412 530 439; x_wconf 84' lang='lat' dir='ltr'><strong>cum</strong></span> <span class='ocrx_word' id='word_1_26' title='bbox 557 411 636 452; x_wconf 87' lang='lat' dir='ltr'><strong>pro</strong></span> <span class='ocrx_word' id='word_1_27' title='bbox 668 394 862 437; x_wconf 89' lang='lat' dir='ltr'><strong>censoria</strong></span> <span class='ocrx_word' id='word_1_28' title='bbox 891 400 1097 451; x_wconf 83' lang='lat' dir='ltr'><strong>potestate</strong></span> <span class='ocrx_word' id='word_1_29' title='bbox 1127 393 1338 448; x_wconf 81' lang='lat' dir='ltr'>quaedam</span> <span class='ocrx_word' id='word_1_30' title='bbox 1370 393 1596 436; x_wconf 83' lang='lat' dir='ltr'><strong>salubriter</strong></span> <span class='ocrx_word' id='word_1_31' title='bbox 1621 395 1687 443; x_wconf 90' lang='lat' dir='ltr'><strong>in-</strong></span> 
     </span>
     <span class='ocr_line' id='line_1_5' title="bbox 135 466 1687 523; baseline -0.003 -10"><span class='ocrx_word' id='word_1_32' title='bbox 135 470 368 520; x_wconf 86' lang='lat' dir='ltr'><strong>stituisset,</strong></span> <span class='ocrx_word' id='word_1_33' title='bbox 410 468 565 511; x_wconf 90' lang='lat' dir='ltr'><strong>deinde</strong></span> <span class='ocrx_word' id='word_1_34' title='bbox 604 483 629 508; x_wconf 92' lang='lat' dir='ltr'><strong>a</strong></span> <span class='ocrx_word' id='word_1_35' title='bbox 665 474 815 510; x_wconf 89' lang='lat' dir='ltr'><strong>senatu</strong></span> <span class='ocrx_word' id='word_1_36' title='bbox 856 481 1016 508; x_wconf 86' lang='lat' dir='ltr'><strong>novum</strong></span> <span class='ocrx_word' id='word_1_37' title='bbox 1057 466 1179 507; x_wconf 88' lang='lat' dir='ltr'><strong>illum</strong></span> <span class='ocrx_word' id='word_1_38' title='bbox 1217 480 1422 508; x_wconf 80' lang='lat' dir='ltr'>censurae</span> <span class='ocrx_word' id='word_1_39' title='bbox 1457 473 1687 523; x_wconf 86' lang='lat' dir='ltr'><strong>perpetuae</strong></span> 
     </span>
     <span class='ocr_line' id='line_1_6' title="bbox 135 537 1687 595; baseline -0.002 -11"><span class='ocrx_word' id='word_1_40' title='bbox 135 543 341 584; x_wconf 88' lang='lat' dir='ltr'><strong>bonorem</strong></span> <span class='ocrx_word' id='word_1_41' title='bbox 379 556 473 584; x_wconf 90' lang='lat' dir='ltr'><strong>esse</strong></span> <span class='ocrx_word' id='word_1_42' title='bbox 507 541 729 583; x_wconf 88' lang='lat' dir='ltr'><strong>tributum.</strong></span> <span class='ocrx_word' id='word_1_43' title='bbox 798 539 921 592; x_wconf 79' lang='lat' dir='ltr'><strong>Quae</strong></span> <span class='ocrx_word' id='word_1_44' title='bbox 955 553 1052 580; x_wconf 89' lang='lat' dir='ltr'><strong>cum</strong></span> <span class='ocrx_word' id='word_1_45' title='bbox 1082 539 1141 580; x_wconf 88' lang='lat' dir='ltr'><strong>ita</strong></span> <span class='ocrx_word' id='word_1_46' title='bbox 1171 537 1277 588; x_wconf 91' lang='lat' dir='ltr'><strong>sint,</strong></span> <span class='ocrx_word' id='word_1_47' title='bbox 1319 545 1360 580; x_wconf 86' lang='lat' dir='ltr'><strong>et</strong></span> <span class='ocrx_word' id='word_1_48' title='bbox 1389 538 1530 595; x_wconf 89' lang='lat' dir='ltr'><strong>legem</strong></span> <span class='ocrx_word' id='word_1_49' title='bbox 1559 545 1687 594; x_wconf 89' lang='lat' dir='ltr'><strong>atque</strong></span> 
     </span>
     <span class='ocr_line' id='line_1_7' title="bbox 137 611 1687 658; baseline -0.002 -1"><span class='ocrx_word' id='word_1_50' title='bbox 137 615 327 658; x_wconf 89' lang='lat' dir='ltr'><strong>edictum</strong></span> <span class='ocrx_word' id='word_1_51' title='bbox 355 612 592 656; x_wconf 91' lang='lat' dir='ltr'><strong>Domitiani</strong></span> <span class='ocrx_word' id='word_1_52' title='bbox 619 612 663 654; x_wconf 94' lang='lat' dir='ltr'><strong>in</strong></span> <span class='ocrx_word' id='word_1_53' title='bbox 693 627 853 654; x_wconf 85' lang='lat' dir='ltr'><strong>annum</strong></span> <span class='ocrx_word' id='word_1_54' title='bbox 881 611 933 654; x_wconf 66' lang='lat'><strong>853</strong></span> <span class='ocrx_word' id='word_1_55' title='bbox 970 611 1059 652; x_wconf 87' lang='lat' dir='ltr'><strong>fere</strong></span> <span class='ocrx_word' id='word_1_56' title='bbox 1090 617 1315 652; x_wconf 87' lang='lat' dir='ltr'><strong>exeuntem</strong></span> <span class='ocrx_word' id='word_1_57' title='bbox 1348 611 1616 654; x_wconf 87' lang='lat' dir='ltr'><strong>conferemus</strong></span> <span class='ocrx_word' id='word_1_58' title='bbox 1647 618 1687 654; x_wconf 91' lang='lat' dir='ltr'><strong>et</strong></span> 
     </span>
     <span class='ocr_line' id='line_1_8' title="bbox 133 681 1688 743; baseline -0.002 -14"><span class='ocrx_word' id='word_1_59' title='bbox 133 686 241 729; x_wconf 91' lang='lat' dir='ltr'><strong>illud</strong></span> <span class='ocrx_word' id='word_1_60' title='bbox 273 686 396 743; x_wconf 88' lang='lat' dir='ltr'><strong>plane</strong></span> <span class='ocrx_word' id='word_1_61' title='bbox 425 684 716 741; x_wconf 81' lang='lat' dir='ltr'><strong>intelligemus</strong></span> <span class='ocrx_word' id='word_1_62' title='bbox 746 691 977 739; x_wconf 87' lang='lat' dir='ltr'><strong>utrumque</strong></span> <span class='ocrx_word' id='word_1_63' title='bbox 1010 682 1199 725; x_wconf 89' lang='lat' dir='ltr'><strong>edictum</strong></span> <span class='ocrx_word' id='word_1_64' title='bbox 1232 681 1285 724; x_wconf 90' lang='lat' dir='ltr'><strong>ab</strong></span> <span class='ocrx_word' id='word_1_65' title='bbox 1323 683 1518 726; x_wconf 89' lang='lat' dir='ltr'><strong>censoria</strong></span> <span class='ocrx_word' id='word_1_66' title='bbox 1552 683 1688 740; x_wconf 91' lang='lat' dir='ltr'><strong>potis-</strong></span> 
     </span>
     <span class='ocr_line' id='line_1_9' title="bbox 137 754 1688 816; baseline -0.004 -13"><span class='ocrx_word' id='word_1_67' title='bbox 137 760 293 803; x_wconf 90' lang='lat' dir='ltr'><strong>simum</strong></span> <span class='ocrx_word' id='word_1_68' title='bbox 310 764 519 816; x_wconf 83' lang='lat' dir='ltr'><strong>potestate</strong></span> <span class='ocrx_word' id='word_1_69' title='bbox 538 772 633 799; x_wconf 92' lang='lat' dir='ltr'><strong>esse</strong></span> <span class='ocrx_word' id='word_1_70' title='bbox 653 756 911 812; x_wconf 80' lang='lat' dir='ltr'><strong>profectum3</strong></span> <span class='ocrx_word' id='word_1_71' title='bbox 945 755 1155 810; x_wconf 89' lang='lat' dir='ltr'><strong>siquidem</strong></span> <span class='ocrx_word' id='word_1_72' title='bbox 1180 770 1241 805; x_wconf 88' lang='lat' dir='ltr'><strong>ea,</strong></span> <span class='ocrx_word' id='word_1_73' title='bbox 1264 769 1362 797; x_wconf 86' lang='lat' dir='ltr'><strong>cum</strong></span> <span class='ocrx_word' id='word_1_74' title='bbox 1386 754 1517 797; x_wconf 82' lang='lat' dir='ltr'><strong>soleat</strong></span> <span class='ocrx_word' id='word_1_75' title='bbox 1535 755 1688 798; x_wconf 88' lang='lat' dir='ltr'><strong>edictis</strong></span> 
     </span>
     <span class='ocr_line' id='line_1_10' title="bbox 135 827 1690 889; baseline -0.003 -14"><span class='ocrx_word' id='word_1_76' title='bbox 135 831 349 889; x_wconf 89' lang='lat' dir='ltr'><strong>usurpari,</strong></span> <span class='ocrx_word' id='word_1_77' title='bbox 380 840 422 873; x_wconf 90' lang='lat' dir='ltr'><strong>et</strong></span> <span class='ocrx_word' id='word_1_78' title='bbox 447 829 684 872; x_wconf 80' lang='lat' dir='ltr'><strong>rectissime</strong></span> <span class='ocrx_word' id='word_1_79' title='bbox 710 828 754 870; x_wconf 92' lang='lat' dir='ltr'><strong>in</strong></span> <span class='ocrx_word' id='word_1_80' title='bbox 782 828 953 870; x_wconf 87' lang='lat' dir='ltr'><strong>civitate</strong></span> <span class='ocrx_word' id='word_1_81' title='bbox 972 828 1166 870; x_wconf 87' lang='lat' dir='ltr'><strong>Romana</strong></span> <span class='ocrx_word' id='word_1_82' title='bbox 1186 827 1472 884; x_wconf 87' lang='lat' dir='ltr'><strong>impertienda</strong></span> <span class='ocrx_word' id='word_1_83' title='bbox 1493 835 1690 871; x_wconf 86' lang='lat' dir='ltr'><strong>versatur</strong></span> 
     </span>
     <span class='ocr_line' id='line_1_11' title="bbox 135 899 1690 957; baseline -0.003 -10"><span class='ocrx_word' id='word_1_84' title='bbox 135 911 178 948; x_wconf 82' lang='lat' dir='ltr'><strong>et</strong></span> <span class='ocrx_word' id='word_1_85' title='bbox 208 919 286 947; x_wconf 90' lang='lat' dir='ltr'><strong>cur</strong></span> <span class='ocrx_word' id='word_1_86' title='bbox 316 902 596 946; x_wconf 87' lang='lat' dir='ltr'><strong>communiter</strong></span> <span class='ocrx_word' id='word_1_87' title='bbox 625 900 919 957; x_wconf 86' lang='lat' dir='ltr'><strong>Vespasianus</strong></span> <span class='ocrx_word' id='word_1_88' title='bbox 949 907 991 942; x_wconf 88' lang='lat' dir='ltr'><strong>et</strong></span> <span class='ocrx_word' id='word_1_89' title='bbox 1019 899 1146 942; x_wconf 87' lang='lat' dir='ltr'><strong>Titus</strong></span> <span class='ocrx_word' id='word_1_90' title='bbox 1176 899 1401 950; x_wconf 87' lang='lat' dir='ltr'><strong>edixerint,</strong></span> <span class='ocrx_word' id='word_1_91' title='bbox 1431 900 1618 943; x_wconf 87' lang='lat' dir='ltr'><strong>ostendit</strong></span> <span class='ocrx_word' id='word_1_92' title='bbox 1648 907 1690 942; x_wconf 88' lang='lat' dir='ltr'><strong>et</strong></span> 
     </span>
     <span class='ocr_line' id='line_1_12' title="bbox 136 971 1554 1032; baseline -0.005 -12"><span class='ocrx_word' id='word_1_93' title='bbox 136 977 322 1032; x_wconf 91' lang='lat' dir='ltr'><strong>denique</strong></span> <span class='ocrx_word' id='word_1_94' title='bbox 354 991 453 1018; x_wconf 88' lang='lat' dir='ltr'><strong>cum</strong></span> <span class='ocrx_word' id='word_1_95' title='bbox 480 982 684 1031; x_wconf 90' lang='lat' dir='ltr'><strong>tempore,</strong></span> <span class='ocrx_word' id='word_1_96' title='bbox 715 987 800 1028; x_wconf 90' lang='lat' dir='ltr'><strong>quo</strong></span> <span class='ocrx_word' id='word_1_97' title='bbox 829 971 1017 1014; x_wconf 88' lang='lat' dir='ltr'><strong>edictum</strong></span> <span class='ocrx_word' id='word_1_98' title='bbox 1047 979 1125 1022; x_wconf 84' lang='lat' dir='ltr'><strong>est,</strong></span> <span class='ocrx_word' id='word_1_99' title='bbox 1157 971 1314 1028; x_wconf 89' lang='lat' dir='ltr'><strong>optime</strong></span> <span class='ocrx_word' id='word_1_100' title='bbox 1342 972 1554 1014; x_wconf 84' lang='lat' dir='ltr'><strong>convenit.</strong></span> 
     </span>
     <span class='ocr_line' id='line_1_13' title="bbox 249 1043 1688 1103; baseline -0.003 -12"><span class='ocrx_word' id='word_1_101' title='bbox 249 1048 370 1103; x_wconf 83' lang='lat' dir='ltr'><strong>Quid</strong></span> <span class='ocrx_word' id='word_1_102' title='bbox 400 1054 543 1090; x_wconf 89' lang='lat' dir='ltr'><strong>autem</strong></span> <span class='ocrx_word' id='word_1_103' title='bbox 574 1053 662 1088; x_wconf 87' lang='lat' dir='ltr'><strong>erat</strong></span> <span class='ocrx_word' id='word_1_104' title='bbox 691 1046 736 1087; x_wconf 92' lang='lat' dir='ltr'><strong>in</strong></span> <span class='ocrx_word' id='word_1_105' title='bbox 767 1045 852 1087; x_wconf 91' lang='lat' dir='ltr'><strong>illis</strong></span> <span class='ocrx_word' id='word_1_106' title='bbox 883 1044 1067 1087; x_wconf 88' lang='lat' dir='ltr'><strong>edictis?</strong></span> <span class='ocrx_word' id='word_1_107' title='bbox 1123 1043 1244 1098; x_wconf 80' lang='lat' dir='ltr'><strong>Quid</strong></span> <span class='ocrx_word' id='word_1_108' title='bbox 1282 1051 1391 1094; x_wconf 89' lang='lat' dir='ltr'><strong>erat,</strong></span> <span class='ocrx_word' id='word_1_109' title='bbox 1433 1044 1550 1100; x_wconf 90' lang='lat' dir='ltr'><strong>quod</strong></span> <span class='ocrx_word' id='word_1_110' title='bbox 1590 1059 1688 1087; x_wconf 91' lang='lat' dir='ltr'><strong>cum</strong></span> 
     </span>
     <span class='ocr_line' id='line_1_14' title="bbox 135 1116 1688 1180; baseline -0.003 -15"><span class='ocrx_word' id='word_1_111' title='bbox 135 1123 322 1180; x_wconf 87' lang='lat' dir='ltr'><strong>primum</strong></span> <span class='ocrx_word' id='word_1_112' title='bbox 350 1121 403 1163; x_wconf 91' lang='lat' dir='ltr'><strong>ab</strong></span> <span class='ocrx_word' id='word_1_113' title='bbox 431 1119 698 1176; x_wconf 87' lang='lat' dir='ltr'><strong>Vespasiano</strong></span> <span class='ocrx_word' id='word_1_114' title='bbox 729 1117 913 1173; x_wconf 88' lang='lat' dir='ltr'><strong>Titoque</strong></span> <span class='ocrx_word' id='word_1_115' title='bbox 945 1117 1225 1159; x_wconf 90' lang='lat' dir='ltr'><strong>constitutum</strong></span> <span class='ocrx_word' id='word_1_116' title='bbox 1260 1124 1394 1167; x_wconf 90' lang='lat' dir='ltr'><strong>esset,</strong></span> <span class='ocrx_word' id='word_1_117' title='bbox 1438 1116 1595 1159; x_wconf 89' lang='lat' dir='ltr'><strong>deinde</strong></span> <span class='ocrx_word' id='word_1_118' title='bbox 1636 1116 1688 1160; x_wconf 92' lang='lat' dir='ltr'><strong>ab</strong></span> 
     </span>
     <span class='ocr_line' id='line_1_15' title="bbox 136 1189 1689 1249; baseline -0.003 -12"><span class='ocrx_word' id='word_1_119' title='bbox 136 1193 383 1237; x_wconf 89' lang='lat' dir='ltr'><strong>Domitiano</strong></span> <span class='ocrx_word' id='word_1_120' title='bbox 409 1199 693 1249; x_wconf 85' lang='lat' dir='ltr'><strong>repeteretur,</strong></span> <span class='ocrx_word' id='word_1_121' title='bbox 723 1189 840 1246; x_wconf 92' lang='lat' dir='ltr'><strong>quod</strong></span> <span class='ocrx_word' id='word_1_122' title='bbox 866 1196 1096 1245; x_wconf 89' lang='lat' dir='ltr'><strong>utrumque</strong></span> <span class='ocrx_word' id='word_1_123' title='bbox 1124 1190 1179 1232; x_wconf 90' lang='lat' dir='ltr'><strong>ad</strong></span> <span class='ocrx_word' id='word_1_124' title='bbox 1207 1189 1422 1232; x_wconf 88' lang='lat' dir='ltr'><strong>civitatem</strong></span> <span class='ocrx_word' id='word_1_125' title='bbox 1452 1189 1689 1232; x_wconf 86' lang='lat' dir='ltr'><strong>Romanam</strong></span> 
     </span>
     <span class='ocr_line' id='line_1_16' title="bbox 137 1261 1688 1322; baseline -0.003 -13"><span class='ocrx_word' id='word_1_126' title='bbox 137 1266 481 1322; x_wconf 87' lang='lat' dir='ltr'><strong>consequendam</strong></span> <span class='ocrx_word' id='word_1_127' title='bbox 518 1263 780 1321; x_wconf 81' lang='lat' dir='ltr'><strong>pertineret?</strong></span> <span class='ocrx_word' id='word_1_128' title='bbox 838 1261 940 1316; x_wconf 80' lang='lat' dir='ltr'><strong>Qua</strong></span> <span class='ocrx_word' id='word_1_129' title='bbox 976 1262 1030 1305; x_wconf 90' lang='lat' dir='ltr'><strong>de</strong></span> <span class='ocrx_word' id='word_1_130' title='bbox 1073 1277 1119 1304; x_wconf 90' lang='lat' dir='ltr'><strong>re</strong></span> <span class='ocrx_word' id='word_1_131' title='bbox 1158 1262 1264 1304; x_wconf 78' lang='lat' dir='ltr'><strong>nihil</strong></span> <span class='ocrx_word' id='word_1_132' title='bbox 1303 1262 1419 1319; x_wconf 90' lang='lat' dir='ltr'><strong>apud</strong></span> <span class='ocrx_word' id='word_1_133' title='bbox 1451 1261 1688 1305; x_wconf 85' lang='lat' dir='ltr'><strong>Mommse-</strong></span> 
     </span>
     <span class='ocr_line' id='line_1_17' title="bbox 136 1333 1689 1391; baseline -0.003 -10"><span class='ocrx_word' id='word_1_134' title='bbox 136 1339 257 1382; x_wconf 89' lang='lat' dir='ltr'><strong>nium</strong></span> <span class='ocrx_word' id='word_1_135' title='bbox 285 1338 476 1388; x_wconf 88' lang='lat' dir='ltr'><strong>invenio,</strong></span> <span class='ocrx_word' id='word_1_136' title='bbox 513 1336 768 1379; x_wconf 89' lang='lat' dir='ltr'><strong>Huschkius</strong></span> <span class='ocrx_word' id='word_1_137' title='bbox 799 1342 943 1377; x_wconf 85' lang='lat' dir='ltr'><strong>autem</strong></span> <span class='ocrx_word' id='word_1_138' title='bbox 970 1335 998 1376; x_wconf 92' lang='lat' dir='ltr'><strong>l.</strong></span> <span class='ocrx_word' id='word_1_139' title='bbox 1027 1335 1054 1377; x_wconf 92' lang='lat' dir='ltr'><strong>l.</strong></span> <span class='ocrx_word' id='word_1_140' title='bbox 1085 1350 1127 1391; x_wconf 90' lang='lat' dir='ltr'><strong>p.</strong></span> <span class='ocrx_word' id='word_1_141' title='bbox 1162 1336 1209 1378; x_wconf 81' lang='lat'><strong>16</strong></span> <span class='ocrx_word' id='word_1_142' title='bbox 1243 1334 1303 1376; x_wconf 88' lang='lat' dir='ltr'><strong>sic</strong></span> <span class='ocrx_word' id='word_1_143' title='bbox 1333 1335 1501 1385; x_wconf 83' lang='lat' dir='ltr'><strong>statuit,</strong></span> <span class='ocrx_word' id='word_1_144' title='bbox 1539 1341 1587 1376; x_wconf 87' lang='lat' dir='ltr'><strong>ut</strong></span> <span class='ocrx_word' id='word_1_145' title='bbox 1622 1333 1689 1376; x_wconf 92' lang='lat' dir='ltr'><strong>di-</strong></span> 
     </span>
     <span class='ocr_line' id='line_1_18' title="bbox 137 1407 1689 1466; baseline -0.004 -11"><span class='ocrx_word' id='word_1_146' title='bbox 137 1427 263 1455; x_wconf 87' lang='lat' dir='ltr'><strong>versa</strong></span> <span class='ocrx_word' id='word_1_147' title='bbox 299 1411 369 1453; x_wconf 91' lang='lat' dir='ltr'><strong>ille</strong></span> <span class='ocrx_word' id='word_1_148' title='bbox 410 1409 586 1466; x_wconf 89' lang='lat' dir='ltr'><strong>quidem</strong></span> <span class='ocrx_word' id='word_1_149' title='bbox 619 1408 758 1451; x_wconf 89' lang='lat' dir='ltr'><strong>edicta</strong></span> <span class='ocrx_word' id='word_1_150' title='bbox 786 1407 1022 1457; x_wconf 86' lang='lat' dir='ltr'><strong>discernat,</strong></span> <span class='ocrx_word' id='word_1_151' title='bbox 1069 1408 1186 1462; x_wconf 92' lang='lat' dir='ltr'><strong>(nam</strong></span> <span class='ocrx_word' id='word_1_152' title='bbox 1216 1407 1368 1451; x_wconf 87' lang='lat' dir='ltr'><strong>dubito</strong></span> <span class='ocrx_word' id='word_1_153' title='bbox 1398 1422 1453 1449; x_wconf 85' lang='lat' dir='ltr'><strong>an</strong></span> <span class='ocrx_word' id='word_1_154' title='bbox 1484 1407 1565 1449; x_wconf 87' lang='lat' dir='ltr'><strong>tria</strong></span> <span class='ocrx_word' id='word_1_155' title='bbox 1594 1421 1689 1449; x_wconf 89' lang='lat' dir='ltr'><strong>esse</strong></span> 
     </span>
     <span class='ocr_line' id='line_1_19' title="bbox 136 1479 1687 1541; baseline -0.003 -15"><span class='ocrx_word' id='word_1_156' title='bbox 136 1483 309 1541; x_wconf 86' lang='lat' dir='ltr'><strong>putarit,</strong></span> <span class='ocrx_word' id='word_1_157' title='bbox 336 1497 445 1539; x_wconf 87' lang='lat' dir='ltr'><strong>quae</strong></span> <span class='ocrx_word' id='word_1_158' title='bbox 473 1497 551 1524; x_wconf 91' lang='lat' dir='ltr'><strong>nos</strong></span> <span class='ocrx_word' id='word_1_159' title='bbox 581 1481 668 1524; x_wconf 92' lang='lat' dir='ltr'><strong>duo</strong></span> <span class='ocrx_word' id='word_1_160' title='bbox 697 1480 832 1523; x_wconf 90' lang='lat' dir='ltr'><strong>fuisse</strong></span> <span class='ocrx_word' id='word_1_161' title='bbox 865 1479 1170 1535; x_wconf 87' lang='lat' dir='ltr'><strong>ostendimus),</strong></span> <span class='ocrx_word' id='word_1_162' title='bbox 1203 1479 1343 1522; x_wconf 90' lang='lat' dir='ltr'><strong>sedin</strong></span> <span class='ocrx_word' id='word_1_163' title='bbox 1361 1486 1513 1522; x_wconf 89' lang='lat' dir='ltr'><strong>natura</strong></span> <span class='ocrx_word' id='word_1_164' title='bbox 1541 1493 1687 1522; x_wconf 88' lang='lat' dir='ltr'><strong>eorum</strong></span> 
     </span>
     <span class='ocr_line' id='line_1_20' title="bbox 137 1551 1689 1613; baseline -0.004 -14"><span class='ocrx_word' id='word_1_165' title='bbox 137 1555 454 1613; x_wconf 88' lang='lat' dir='ltr'><strong>interpretanda</strong></span> <span class='ocrx_word' id='word_1_166' title='bbox 492 1554 689 1597; x_wconf 88' lang='lat' dir='ltr'><strong>aberrare</strong></span> <span class='ocrx_word' id='word_1_167' title='bbox 728 1553 938 1595; x_wconf 88' lang='lat' dir='ltr'><strong>videatur.</strong></span> <span class='ocrx_word' id='word_1_168' title='bbox 1002 1552 1080 1595; x_wconf 90' lang='lat' dir='ltr'><strong>Ait</strong></span> <span class='ocrx_word' id='word_1_169' title='bbox 1108 1552 1221 1595; x_wconf 86' lang='lat' dir='ltr'><strong>enim</strong></span> <span class='ocrx_word' id='word_1_170' title='bbox 1253 1551 1510 1608; x_wconf 87' lang='lat' dir='ltr'><strong>Vespasiani</strong></span> <span class='ocrx_word' id='word_1_171' title='bbox 1549 1551 1689 1594; x_wconf 91' lang='lat' dir='ltr'><strong>edicto</strong></span> 
     </span>
     <span class='ocr_line' id='line_1_21' title="bbox 139 1623 1689 1687; baseline -0.005 -15"><span class='ocrx_word' id='word_1_172' title='bbox 139 1629 325 1687; x_wconf 88' lang='lat' dir='ltr'><strong>primum</strong></span> <span class='ocrx_word' id='word_1_173' title='bbox 362 1628 444 1670; x_wconf 91' lang='lat' dir='ltr'><strong>hoc</strong></span> <span class='ocrx_word' id='word_1_174' title='bbox 483 1642 578 1670; x_wconf 90' lang='lat' dir='ltr'><strong>esse</strong></span> <span class='ocrx_word' id='word_1_175' title='bbox 611 1627 915 1676; x_wconf 88' lang='lat' dir='ltr'><strong>constitutum,</strong></span> <span class='ocrx_word' id='word_1_176' title='bbox 954 1626 990 1668; x_wconf 92' lang='lat' dir='ltr'><strong>si</strong></span> <span class='ocrx_word' id='word_1_177' title='bbox 1017 1625 1112 1681; x_wconf 88' lang='lat' dir='ltr'><strong>quis</strong></span> <span class='ocrx_word' id='word_1_178' title='bbox 1142 1625 1216 1681; x_wconf 91' lang='lat' dir='ltr'><strong>qui</strong></span> <span class='ocrx_word' id='word_1_179' title='bbox 1243 1624 1288 1666; x_wconf 90' lang='lat' dir='ltr'><strong>in</strong></span> <span class='ocrx_word' id='word_1_180' title='bbox 1321 1623 1491 1681; x_wconf 89' lang='lat' dir='ltr'><strong>oppidis</strong></span> <span class='ocrx_word' id='word_1_181' title='bbox 1520 1623 1689 1666; x_wconf 88' lang='lat' dir='ltr'><strong>Latinis</strong></span> 
     </span>
     <span class='ocr_line' id='line_1_22' title="bbox 139 1697 1690 1757; baseline -0.004 -13"><span class='ocrx_word' id='word_1_182' title='bbox 139 1701 373 1744; x_wconf 87' lang='lat' dir='ltr'><strong>honoribus</strong></span> <span class='ocrx_word' id='word_1_183' title='bbox 401 1700 602 1757; x_wconf 85' lang='lat' dir='ltr'><strong>gerendis</strong></span> <span class='ocrx_word' id='word_1_184' title='bbox 630 1700 843 1742; x_wconf 88' lang='lat' dir='ltr'><strong>civitatem</strong></span> <span class='ocrx_word' id='word_1_185' title='bbox 870 1697 1107 1740; x_wconf 89' lang='lat' dir='ltr'><strong>Romanam</strong></span> <span class='ocrx_word' id='word_1_186' title='bbox 1142 1703 1400 1740; x_wconf 89' lang='lat' dir='ltr'><strong>consecutus</strong></span> <span class='ocrx_word' id='word_1_187' title='bbox 1434 1703 1561 1747; x_wconf 89' lang='lat' dir='ltr'><strong>esset,</strong></span> <span class='ocrx_word' id='word_1_188' title='bbox 1597 1711 1690 1738; x_wconf 89' lang='lat' dir='ltr'><strong>eam</strong></span> 
     </span>
    </p>
   </div>
   <div class='ocr_carea' id='block_1_3' title="bbox 75 1768 1691 1832">
    <p class='ocr_par' dir='ltr' id='par_1_3' title="bbox 75 1768 1691 1832">
     <span class='ocr_line' id='line_1_23' title="bbox 75 1768 1691 1832; baseline -0.004 -15"><span class='ocrx_word' id='word_1_189' title='bbox 75 1798 82 1809; x_wconf 84' lang='lat'><em>-</em></span> <span class='ocrx_word' id='word_1_190' title='bbox 139 1773 388 1832; x_wconf 88' lang='lat' dir='ltr'><strong>parentibus</strong></span> <span class='ocrx_word' id='word_1_191' title='bbox 421 1773 560 1822; x_wconf 87' lang='lat' dir='ltr'><strong>etiam,</strong></span> <span class='ocrx_word' id='word_1_192' title='bbox 593 1772 739 1822; x_wconf 86' lang='lat' dir='ltr'><strong>uxori,</strong></span> <span class='ocrx_word' id='word_1_193' title='bbox 769 1770 915 1813; x_wconf 86' lang='lat' dir='ltr'><strong>liberis</strong></span> <span class='ocrx_word' id='word_1_194' title='bbox 924 1801 935 1820; x_wconf 95' lang='lat'><strong>,</strong></span> <span class='ocrx_word' id='word_1_195' title='bbox 964 1769 1193 1826; x_wconf 86' lang='lat' dir='ltr'><strong>nepotibus</strong></span> <span class='ocrx_word' id='word_1_196' title='bbox 1219 1775 1402 1826; x_wconf 90' lang='lat' dir='ltr'><strong>peteret,</strong></span> <span class='ocrx_word' id='word_1_197' title='bbox 1435 1783 1480 1811; x_wconf 90' lang='lat' dir='ltr'><strong>se</strong></span> <span class='ocrx_word' id='word_1_198' title='bbox 1508 1783 1602 1811; x_wconf 89' lang='lat' dir='ltr'><strong>eam</strong></span> <span class='ocrx_word' id='word_1_199' title='bbox 1632 1768 1691 1810; x_wconf 90' lang='lat' dir='ltr'><strong>ita</strong></span> 
     </span>
    </p>
   </div>
   <div class='ocr_carea' id='block_1_4' title="bbox 139 1841 1691 2192">
    <p class='ocr_par' dir='ltr' id='par_1_4' title="bbox 139 1841 1691 2192">
     <span class='ocr_line' id='line_1_24' title="bbox 141 1841 1690 1900; baseline -0.004 -12"><span class='ocrx_word' id='word_1_200' title='bbox 141 1847 342 1889; x_wconf 88' lang='lat' dir='ltr'><strong>daturum</strong></span> <span class='ocrx_word' id='word_1_201' title='bbox 372 1860 487 1896; x_wconf 89' lang='lat' dir='ltr'><strong>esse,</strong></span> <span class='ocrx_word' id='word_1_202' title='bbox 526 1851 575 1886; x_wconf 92' lang='lat' dir='ltr'><strong>ut</strong></span> <span class='ocrx_word' id='word_1_203' title='bbox 604 1851 645 1887; x_wconf 91' lang='lat' dir='ltr'><strong>et</strong></span> <span class='ocrx_word' id='word_1_204' title='bbox 672 1844 810 1900; x_wconf 87' lang='lat' dir='ltr'><strong>patria</strong></span> <span class='ocrx_word' id='word_1_205' title='bbox 838 1850 1028 1899; x_wconf 87' lang='lat' dir='ltr'><strong>potestas</strong></span> <span class='ocrx_word' id='word_1_206' title='bbox 1059 1848 1101 1884; x_wconf 87' lang='lat' dir='ltr'><strong>et</strong></span> <span class='ocrx_word' id='word_1_207' title='bbox 1129 1841 1382 1884; x_wconf 88' lang='lat' dir='ltr'><strong>libertorum</strong></span> <span class='ocrx_word' id='word_1_208' title='bbox 1411 1841 1506 1883; x_wconf 88' lang='lat' dir='ltr'><strong>iura</strong></span> <span class='ocrx_word' id='word_1_209' title='bbox 1533 1841 1690 1883; x_wconf 90' lang='lat' dir='ltr'><strong>retine-</strong></span> 
     </span>
     <span class='ocr_line' id='line_1_25' title="bbox 139 1913 1691 1971; baseline -0.004 -10"><span class='ocrx_word' id='word_1_210' title='bbox 139 1926 299 1963; x_wconf 82' lang='lat' dir='ltr'><strong>rentur.</strong></span> <span class='ocrx_word' id='word_1_211' title='bbox 360 1918 474 1960; x_wconf 90' lang='lat' dir='ltr'><strong>Tum</strong></span> <span class='ocrx_word' id='word_1_212' title='bbox 503 1917 799 1960; x_wconf 89' lang='lat' dir='ltr'><strong>Domitianum</strong></span> <span class='ocrx_word' id='word_1_213' title='bbox 837 1930 934 1957; x_wconf 91' lang='lat' dir='ltr'><strong>cum</strong></span> <span class='ocrx_word' id='word_1_214' title='bbox 966 1915 1199 1971; x_wconf 86' lang='lat' dir='ltr'><strong>Salpensae</strong></span> <span class='ocrx_word' id='word_1_215' title='bbox 1230 1913 1508 1969; x_wconf 86' lang='lat' dir='ltr'><strong>Malacaeque</strong></span> <span class='ocrx_word' id='word_1_216' title='bbox 1549 1913 1691 1969; x_wconf 87' lang='lat' dir='ltr'><strong>legem</strong></span> 
     </span>
     <span class='ocr_line' id='line_1_26' title="bbox 140 1985 1690 2047; baseline -0.005 -13"><span class='ocrx_word' id='word_1_217' title='bbox 140 1991 442 2047; x_wconf 88' lang='lat' dir='ltr'><strong>municipalem</strong></span> <span class='ocrx_word' id='word_1_218' title='bbox 471 1991 604 2041; x_wconf 91' lang='lat' dir='ltr'><strong>daret,</strong></span> <span class='ocrx_word' id='word_1_219' title='bbox 635 1989 766 2039; x_wconf 92' lang='lat' dir='ltr'><strong>illud,</strong></span> <span class='ocrx_word' id='word_1_220' title='bbox 799 1988 916 2044; x_wconf 91' lang='lat' dir='ltr'><strong>quod</strong></span> <span class='ocrx_word' id='word_1_221' title='bbox 944 1987 1191 2044; x_wconf 85' lang='lat' dir='ltr'><strong>singillatim</strong></span> <span class='ocrx_word' id='word_1_222' title='bbox 1222 2001 1266 2029; x_wconf 89' lang='lat' dir='ltr'><strong>se</strong></span> <span class='ocrx_word' id='word_1_223' title='bbox 1293 1986 1496 2028; x_wconf 88' lang='lat' dir='ltr'><strong>daturum</strong></span> <span class='ocrx_word' id='word_1_224' title='bbox 1522 1985 1690 2041; x_wconf 89' lang='lat' dir='ltr'><strong>Vespa-</strong></span> 
     </span>
     <span class='ocr_line' id='line_1_27' title="bbox 142 2056 1690 2120; baseline -0.005 -13"><span class='ocrx_word' id='word_1_225' title='bbox 142 2064 287 2107; x_wconf 83' lang='lat' dir='ltr'><strong>sianus</strong></span> <span class='ocrx_word' id='word_1_226' title='bbox 317 2064 591 2120; x_wconf 86' lang='lat' dir='ltr'><strong>promiserat,</strong></span> <span class='ocrx_word' id='word_1_227' title='bbox 631 2063 690 2105; x_wconf 85' lang='lat' dir='ltr'><strong>ita</strong></span> <span class='ocrx_word' id='word_1_228' title='bbox 723 2060 996 2104; x_wconf 88' lang='lat' dir='ltr'><strong>confirmasse</strong></span> <span class='ocrx_word' id='word_1_229' title='bbox 1026 2066 1152 2114; x_wconf 85' lang='lat' dir='ltr'><strong>atque</strong></span> <span class='ocrx_word' id='word_1_230' title='bbox 1183 2058 1382 2101; x_wconf 89' lang='lat' dir='ltr'><strong>omnibus</strong></span> <span class='ocrx_word' id='word_1_231' title='bbox 1414 2056 1690 2115; x_wconf 86' lang='lat' dir='ltr'><strong>Salpensanis</strong></span> 
     </span>
     <span class='ocr_line' id='line_1_28' title="bbox 140 2130 1691 2192; baseline -0.005 -12"><span class='ocrx_word' id='word_1_232' title='bbox 140 2136 496 2191; x_wconf 86' lang='lat' dir='ltr'><strong>Malacitanisque</strong></span> <span class='ocrx_word' id='word_1_233' title='bbox 526 2134 781 2192; x_wconf 89' lang='lat' dir='ltr'><strong>impertisse,</strong></span> <span class='ocrx_word' id='word_1_234' title='bbox 813 2140 862 2176; x_wconf 91' lang='lat' dir='ltr'><strong>ut</strong></span> <span class='ocrx_word' id='word_1_235' title='bbox 888 2139 1048 2176; x_wconf 84' lang='lat' dir='ltr'><strong>certum</strong></span> <span class='ocrx_word' id='word_1_236' title='bbox 1075 2131 1247 2187; x_wconf 86' lang='lat' dir='ltr'><strong>aliquod</strong></span> <span class='ocrx_word' id='word_1_237' title='bbox 1270 2131 1442 2173; x_wconf 89' lang='lat' dir='ltr'><strong>illorum</strong></span> <span class='ocrx_word' id='word_1_238' title='bbox 1463 2130 1691 2187; x_wconf 90' lang='lat' dir='ltr'><strong>municipi-</strong></span> 
     </span>
    </p>
   </div>
   <div class='ocr_carea' id='block_1_5' title="bbox 142 2203 1765 2261">
    <p class='ocr_par' dir='ltr' id='par_1_5' title="bbox 142 2203 1765 2261">
     <span class='ocr_line' id='line_1_29' title="bbox 142 2203 1765 2261; baseline -0.005 -9"><span class='ocrx_word' id='word_1_239' title='bbox 142 2224 265 2252; x_wconf 90' lang='lat' dir='ltr'><strong>orum</strong></span> <span class='ocrx_word' id='word_1_240' title='bbox 287 2209 355 2251; x_wconf 92' lang='lat' dir='ltr'><strong>ius</strong></span> <span class='ocrx_word' id='word_1_241' title='bbox 386 2214 644 2251; x_wconf 86' lang='lat' dir='ltr'><strong>nasceretur.</strong></span> <span class='ocrx_word' id='word_1_242' title='bbox 677 2206 778 2261; x_wconf 83' lang='lat' dir='ltr'><strong>Qua</strong></span> <span class='ocrx_word' id='word_1_243' title='bbox 795 2206 838 2248; x_wconf 93' lang='lat' dir='ltr'><strong>in</strong></span> <span class='ocrx_word' id='word_1_244' title='bbox 866 2220 912 2247; x_wconf 90' lang='lat' dir='ltr'><strong>re</strong></span> <span class='ocrx_word' id='word_1_245' title='bbox 931 2205 1014 2247; x_wconf 94' lang='lat' dir='ltr'><strong>hoc</strong></span> <span class='ocrx_word' id='word_1_246' title='bbox 1034 2205 1174 2247; x_wconf 90' lang='lat' dir='ltr'><strong>minus</strong></span> <span class='ocrx_word' id='word_1_247' title='bbox 1196 2203 1344 2260; x_wconf 91' lang='lat' dir='ltr'><strong>probo,</strong></span> <span class='ocrx_word' id='word_1_248' title='bbox 1365 2203 1481 2259; x_wconf 92' lang='lat' dir='ltr'><strong>quod</strong></span> <span class='ocrx_word' id='word_1_249' title='bbox 1502 2203 1691 2246; x_wconf 88' lang='lat' dir='ltr'><strong>edictum</strong></span> <span class='ocrx_word' id='word_1_250' title='bbox 1757 2253 1765 2259; x_wconf 81' lang='lat'>.</span> 
     </span>
    </p>
   </div>
   <div class='ocr_carea' id='block_1_6' title="bbox 126 2275 1694 2913">
    <p class='ocr_par' dir='ltr' id='par_1_6' title="bbox 126 2275 1694 2913">
     <span class='ocr_line' id='line_1_30' title="bbox 142 2275 1690 2335; baseline -0.004 -12"><span class='ocrx_word' id='word_1_251' title='bbox 142 2280 377 2324; x_wconf 89' lang='lat' dir='ltr'><strong>Domitiani</strong></span> <span class='ocrx_word' id='word_1_252' title='bbox 404 2287 446 2323; x_wconf 88' lang='lat' dir='ltr'><strong>et</strong></span> <span class='ocrx_word' id='word_1_253' title='bbox 473 2281 543 2322; x_wconf 86' lang='lat' dir='ltr'><strong>lex</strong></span> <span class='ocrx_word' id='word_1_254' title='bbox 571 2278 841 2335; x_wconf 88' lang='lat' dir='ltr'><strong>municipalis</strong></span> <span class='ocrx_word' id='word_1_255' title='bbox 872 2292 1023 2333; x_wconf 85' lang='lat' dir='ltr'><strong>parum</strong></span> <span class='ocrx_word' id='word_1_256' title='bbox 1052 2277 1397 2332; x_wconf 85' lang='lat' dir='ltr'><strong>distinguuntur3</strong></span> <span class='ocrx_word' id='word_1_257' title='bbox 1429 2275 1538 2318; x_wconf 91' lang='lat' dir='ltr'><strong>illud</strong></span> <span class='ocrx_word' id='word_1_258' title='bbox 1565 2289 1690 2331; x_wconf 88' lang='lat' dir='ltr'><strong>opor·</strong></span> 
     </span>
     <span class='ocr_line' id='line_1_31' title="bbox 143 2347 1692 2406; baseline -0.003 -12"><span class='ocrx_word' id='word_1_259' title='bbox 143 2352 260 2395; x_wconf 87' lang='lat' dir='ltr'><strong>tebat</strong></span> <span class='ocrx_word' id='word_1_260' title='bbox 284 2353 548 2402; x_wconf 88' lang='lat' dir='ltr'><strong>antecedere,</strong></span> <span class='ocrx_word' id='word_1_261' title='bbox 575 2352 658 2394; x_wconf 91' lang='lat' dir='ltr'><strong>hoc</strong></span> <span class='ocrx_word' id='word_1_262' title='bbox 681 2350 899 2406; x_wconf 90' lang='lat' dir='ltr'><strong>consequi,</strong></span> <span class='ocrx_word' id='word_1_263' title='bbox 931 2363 1011 2391; x_wconf 91' lang='lat' dir='ltr'><strong>nec</strong></span> <span class='ocrx_word' id='word_1_264' title='bbox 1038 2349 1074 2391; x_wconf 92' lang='lat' dir='ltr'><strong>si</strong></span> <span class='ocrx_word' id='word_1_265' title='bbox 1101 2348 1241 2391; x_wconf 88' lang='lat' dir='ltr'><strong>edicto</strong></span> <span class='ocrx_word' id='word_1_266' title='bbox 1265 2348 1496 2404; x_wconf 88' lang='lat' dir='ltr'><strong>imperator</strong></span> <span class='ocrx_word' id='word_1_267' title='bbox 1518 2347 1600 2390; x_wconf 91' lang='lat' dir='ltr'><strong>hoc</strong></span> <span class='ocrx_word' id='word_1_268' title='bbox 1623 2347 1692 2390; x_wconf 90' lang='lat' dir='ltr'><strong>ius</strong></span> 
     </span>
     <span class='ocr_line' id='line_1_32' title="bbox 143 2419 1692 2481; baseline -0.004 -14"><span class='ocrx_word' id='word_1_269' title='bbox 143 2424 314 2467; x_wconf 89' lang='lat' dir='ltr'><strong>duobus</strong></span> <span class='ocrx_word' id='word_1_270' title='bbox 346 2425 516 2481; x_wconf 89' lang='lat' dir='ltr'><strong>oppidis</strong></span> <span class='ocrx_word' id='word_1_271' title='bbox 546 2424 717 2474; x_wconf 89' lang='lat' dir='ltr'><strong>tribuit,</strong></span> <span class='ocrx_word' id='word_1_272' title='bbox 760 2437 868 2480; x_wconf 86' lang='lat' dir='ltr'><strong>opus</strong></span> <span class='ocrx_word' id='word_1_273' title='bbox 901 2428 990 2463; x_wconf 88' lang='lat' dir='ltr'><strong>erat</strong></span> <span class='ocrx_word' id='word_1_274' title='bbox 1017 2421 1136 2478; x_wconf 88' lang='lat' dir='ltr'><strong>lege,</strong></span> <span class='ocrx_word' id='word_1_275' title='bbox 1180 2421 1245 2463; x_wconf 90' lang='lat' dir='ltr'><strong>sin</strong></span> <span class='ocrx_word' id='word_1_276' title='bbox 1277 2420 1396 2476; x_wconf 87' lang='lat' dir='ltr'><strong>lege,</strong></span> <span class='ocrx_word' id='word_1_277' title='bbox 1437 2434 1563 2475; x_wconf 89' lang='lat' dir='ltr'><strong>quam</strong></span> <span class='ocrx_word' id='word_1_278' title='bbox 1599 2419 1692 2474; x_wconf 90' lang='lat' dir='ltr'><strong>ipse</strong></span> 
     </span>
     <span class='ocr_line' id='line_1_33' title="bbox 143 2490 1693 2552; baseline -0.005 -12"><span class='ocrx_word' id='word_1_279' title='bbox 143 2497 348 2547; x_wconf 88' lang='lat' dir='ltr'><strong>dedisset,</strong></span> <span class='ocrx_word' id='word_1_280' title='bbox 375 2494 564 2540; x_wconf 88' lang='lat' dir='ltr'><strong>edictum</strong></span> <span class='ocrx_word' id='word_1_281' title='bbox 589 2503 702 2539; x_wconf 90' lang='lat' dir='ltr'><strong>certe</strong></span> <span class='ocrx_word' id='word_1_282' title='bbox 734 2508 1101 2552; x_wconf 87' lang='lat' dir='ltr'><strong>supervacaneum</strong></span> <span class='ocrx_word' id='word_1_283' title='bbox 1130 2499 1231 2535; x_wconf 89' lang='lat' dir='ltr'><strong>erat.</strong></span> <span class='ocrx_word' id='word_1_284' title='bbox 1274 2490 1363 2534; x_wconf 88' lang='lat' dir='ltr'><strong>Sed</strong></span> <span class='ocrx_word' id='word_1_285' title='bbox 1393 2497 1558 2548; x_wconf 85' lang='lat' dir='ltr'><strong>pugnat</strong></span> <span class='ocrx_word' id='word_1_286' title='bbox 1585 2491 1693 2533; x_wconf 89' lang='lat' dir='ltr'><strong>adeo</strong></span> 
     </span>
     <span class='ocr_line' id='line_1_34' title="bbox 126 2563 1693 2625; baseline -0.004 -13"><span class='ocrx_word' id='word_1_287' title='bbox 126 2569 399 2612; x_wconf 72' lang='lat' dir='ltr'><strong>‘Huschkius</strong></span> <span class='ocrx_word' id='word_1_288' title='bbox 440 2584 540 2611; x_wconf 91' lang='lat' dir='ltr'><strong>cum</strong></span> <span class='ocrx_word' id='word_1_289' title='bbox 569 2569 644 2618; x_wconf 88' lang='lat' dir='ltr'><strong>iis,</strong></span> <span class='ocrx_word' id='word_1_290' title='bbox 683 2583 793 2625; x_wconf 89' lang='lat' dir='ltr'><strong>quae</strong></span> <span class='ocrx_word' id='word_1_291' title='bbox 824 2568 870 2609; x_wconf 91' lang='lat' dir='ltr'><strong>in</strong></span> <span class='ocrx_word' id='word_1_292' title='bbox 897 2580 994 2609; x_wconf 89' lang='lat' dir='ltr'><strong>aere</strong></span> <span class='ocrx_word' id='word_1_293' title='bbox 1025 2564 1288 2620; x_wconf 86' lang='lat' dir='ltr'><strong>Salpensano</strong></span> <span class='ocrx_word' id='word_1_294' title='bbox 1321 2563 1539 2619; x_wconf 88' lang='lat' dir='ltr'><strong>leguntur.</strong></span> <span class='ocrx_word' id='word_1_295' title='bbox 1592 2563 1693 2619; x_wconf 89' lang='lat' dir='ltr'><strong>Ipse</strong></span> 
     </span>
     <span class='ocr_line' id='line_1_35' title="bbox 145 2633 1692 2697; baseline -0.005 -15"><span class='ocrx_word' id='word_1_296' title='bbox 145 2641 256 2683; x_wconf 89' lang='lat' dir='ltr'><strong>enim</strong></span> <span class='ocrx_word' id='word_1_297' title='bbox 295 2641 435 2683; x_wconf 88' lang='lat' dir='ltr'><strong>edicta</strong></span> <span class='ocrx_word' id='word_1_298' title='bbox 472 2641 528 2684; x_wconf 90' lang='lat' dir='ltr'><strong>ad</strong></span> <span class='ocrx_word' id='word_1_299' title='bbox 565 2648 782 2697; x_wconf 90' lang='lat' dir='ltr'><strong>parentes,</strong></span> <span class='ocrx_word' id='word_1_300' title='bbox 826 2639 1008 2688; x_wconf 87' lang='lat' dir='ltr'><strong>liberos,</strong></span> <span class='ocrx_word' id='word_1_301' title='bbox 1048 2642 1225 2692; x_wconf 86' lang='lat' dir='ltr'><strong>nepotes</strong></span> <span class='ocrx_word' id='word_1_302' title='bbox 1261 2635 1431 2678; x_wconf 87' lang='lat' dir='ltr'><strong>civitate</strong></span> <span class='ocrx_word' id='word_1_303' title='bbox 1470 2633 1692 2676; x_wconf 89' lang='lat' dir='ltr'><strong>donandos</strong></span> 
     </span>
     <span class='ocr_line' id='line_1_36' title="bbox 144 2705 1693 2770; baseline -0.005 -14"><span class='ocrx_word' id='word_1_304' title='bbox 144 2714 355 2770; x_wconf 87' lang='lat' dir='ltr'><strong>pertinere</strong></span> <span class='ocrx_word' id='word_1_305' title='bbox 384 2719 542 2762; x_wconf 89' lang='lat' dir='ltr'><strong>censet,</strong></span> <span class='ocrx_word' id='word_1_306' title='bbox 572 2713 683 2769; x_wconf 89' lang='lat' dir='ltr'><strong>legis</strong></span> <span class='ocrx_word' id='word_1_307' title='bbox 709 2711 841 2754; x_wconf 88' lang='lat' dir='ltr'><strong>verba</strong></span> <span class='ocrx_word' id='word_1_308' title='bbox 869 2712 924 2753; x_wconf 91' lang='lat' dir='ltr'><strong>ad</strong></span> <span class='ocrx_word' id='word_1_309' title='bbox 950 2710 1108 2766; x_wconf 89' lang='lat' dir='ltr'><strong>ipsum,</strong></span> <span class='ocrx_word' id='word_1_310' title='bbox 1139 2708 1263 2750; x_wconf 92' lang='lat' dir='ltr'><strong>cuius</strong></span> <span class='ocrx_word' id='word_1_311' title='bbox 1290 2713 1488 2764; x_wconf 88' lang='lat' dir='ltr'><strong>parentes</strong></span> <span class='ocrx_word' id='word_1_312' title='bbox 1511 2711 1553 2748; x_wconf 89' lang='lat' dir='ltr'><strong>et</strong></span> <span class='ocrx_word' id='word_1_313' title='bbox 1567 2705 1693 2749; x_wconf 84' lang='lat' dir='ltr'><strong>liberi</strong></span> 
     </span>
     <span class='ocr_line' id='line_1_37' title="bbox 147 2779 1694 2842; baseline -0.006 -14"><span class='ocrx_word' id='word_1_314' title='bbox 147 2786 253 2837; x_wconf 89' lang='lat' dir='ltr'><strong>sint,</strong></span> <span class='ocrx_word' id='word_1_315' title='bbox 291 2785 515 2842; x_wconf 82' lang='lat' dir='ltr'><strong>pertinent.</strong></span> <span class='ocrx_word' id='word_1_316' title='bbox 575 2784 683 2827; x_wconf 90' lang='lat' dir='ltr'><strong>Nam</strong></span> <span class='ocrx_word' id='word_1_317' title='bbox 711 2784 807 2827; x_wconf 87' lang='lat' dir='ltr'><strong>rub.</strong></span> <span class='ocrx_word' id='word_1_318' title='bbox 837 2782 1006 2826; x_wconf 88' lang='lat' dir='ltr'>XXIII</span> <span class='ocrx_word' id='word_1_319' title='bbox 1034 2795 1143 2838; x_wconf 90' lang='lat' dir='ltr'><strong>quae</strong></span> <span class='ocrx_word' id='word_1_320' title='bbox 1175 2786 1297 2822; x_wconf 87' lang='lat' dir='ltr'><strong>sunt:</strong></span> <span class='ocrx_word' id='word_1_321' title='bbox 1340 2782 1415 2833; x_wconf 80' lang='lat' dir='ltr'><strong>qui</strong></span> <span class='ocrx_word' id='word_1_322' title='bbox 1439 2793 1588 2833; x_wconf 83' lang='lat' dir='ltr'><strong>quaeve</strong></span> <span class='ocrx_word' id='word_1_323' title='bbox 1617 2779 1694 2819; x_wconf 77' lang='lat' dir='ltr'><strong>hac</strong></span> 
     </span>
     <span class='ocr_line' id='line_1_38' title="bbox 147 2853 1694 2913; baseline -0.005 -14"><span class='ocrx_word' id='word_1_324' title='bbox 147 2860 233 2913; x_wconf 76' lang='lat' dir='ltr'><strong>lege</strong></span> <span class='ocrx_word' id='word_1_325' title='bbox 259 2873 355 2899; x_wconf 69' lang='lat' dir='ltr'><strong>exve</strong></span> <span class='ocrx_word' id='word_1_326' title='bbox 381 2858 510 2898; x_wconf 79' lang='lat' dir='ltr'><strong>edicto</strong></span> <span class='ocrx_word' id='word_1_327' title='bbox 535 2859 628 2910; x_wconf 65' lang='lat' dir='ltr'><strong>imp„</strong></span> <span class='ocrx_word' id='word_1_328' title='bbox 651 2857 762 2898; x_wconf 78' lang='lat' dir='ltr'><strong>Caes.</strong></span> <span class='ocrx_word' id='word_1_329' title='bbox 793 2858 898 2910; x_wconf 80' lang='lat' dir='ltr'><strong>Vesp.</strong></span> <span class='ocrx_word' id='word_1_330' title='bbox 932 2858 1034 2906; x_wconf 77' lang='lat' dir='ltr'><strong>Aug.</strong></span> <span class='ocrx_word' id='word_1_331' title='bbox 1065 2856 1197 2907; x_wconf 81' lang='lat' dir='ltr'><strong>z&#39;mpve</strong></span> <span class='ocrx_word' id='word_1_332' title='bbox 1222 2854 1312 2893; x_wconf 72' lang='lat' dir='ltr'><strong>Titi</strong></span> <span class='ocrx_word' id='word_1_333' title='bbox 1327 2853 1436 2894; x_wconf 77' lang='lat' dir='ltr'><strong>Caes.</strong></span> <span class='ocrx_word' id='word_1_334' title='bbox 1462 2853 1694 2907; x_wconf 68' lang='lat' dir='ltr'><strong>Vespasium.</strong></span> 
     </span>
    </p>
   </div>
  </div>
 </body>
</html>
