<?xml version="1.0" encoding="UTF-8"?>
<!DOCTYPE html PUBLIC "-//W3C//DTD XHTML 1.0 Transitional//EN"
    "http://www.w3.org/TR/xhtml1/DTD/xhtml1-transitional.dtd">
<html xmlns="http://www.w3.org/1999/xhtml" xml:lang="en" lang="en">
 <head>
  <title>
</title>
<meta http-equiv="Content-Type" content="text/html;charset=utf-8" />
  <meta name='ocr-system' content='tesseract 3.04.00' />
  <meta name='ocr-capabilities' content='ocr_page ocr_carea ocr_par ocr_line ocrx_word'/>
</head>
<body>
  <div class='ocr_page' id='page_1' title='image "./studiaromanasive00zump_0118.png"; bbox 0 0 1846 3100; ppageno 0'>
   <div class='ocr_carea' id='block_1_1' title="bbox 159 139 1261 190">
    <p class='ocr_par' dir='ltr' id='par_1_1' title="bbox 159 139 1261 190">
     <span class='ocr_line' id='line_1_1' title="bbox 159 139 1261 190; baseline 0.007 -17"><span class='ocrx_word' id='word_1_1' title='bbox 159 139 238 184; x_wconf 83' lang='grc'>106</span> <span class='ocrx_word' id='word_1_2' title='bbox 594 146 648 178; x_wconf 88' lang='lat' dir='ltr'>De</span> <span class='ocrx_word' id='word_1_3' title='bbox 677 145 790 178; x_wconf 80' lang='lat' dir='ltr'>Gallia</span> <span class='ocrx_word' id='word_1_4' title='bbox 817 147 1047 179; x_wconf 82' lang='lat' dir='ltr'>Roma-norum</span> <span class='ocrx_word' id='word_1_5' title='bbox 1079 149 1261 190; x_wconf 85' lang='lat' dir='ltr'>provincia.</span> 
     </span>
    </p>
   </div>
   <div class='ocr_carea' id='block_1_2' title="bbox 153 253 1711 2921">
    <p class='ocr_par' dir='ltr' id='par_1_2' title="bbox 153 253 1711 2921">
     <span class='ocr_line' id='line_1_2' title="bbox 154 253 1699 315; baseline 0.004 -20"><span class='ocrx_word' id='word_1_6' title='bbox 154 253 307 310; x_wconf 82' lang='lat' dir='ltr'>legatis</span> <span class='ocrx_word' id='word_1_7' title='bbox 337 255 556 310; x_wconf 89' lang='lat' dir='ltr'>parebant,</span> <span class='ocrx_word' id='word_1_8' title='bbox 585 261 888 297; x_wconf 84' lang='lat' dir='ltr'><strong>enumerantur</strong></span> <span class='ocrx_word' id='word_1_9' title='bbox 915 271 940 297; x_wconf 90' lang='lat' dir='ltr'>a</span> <span class='ocrx_word' id='word_1_10' title='bbox 966 254 1116 298; x_wconf 80' lang='lat' dir='ltr'>Tacit-0</span> <span class='ocrx_word' id='word_1_11' title='bbox 1143 264 1452 314; x_wconf 87' lang='lat' dir='ltr'>narranturque</span> <span class='ocrx_word' id='word_1_12' title='bbox 1475 259 1530 301; x_wconf 89' lang='lat' dir='ltr'>ad</span> <span class='ocrx_word' id='word_1_13' title='bbox 1557 266 1699 315; x_wconf 87' lang='lat' dir='ltr'>partes</span> 
     </span>
     <span class='ocr_line' id='line_1_3' title="bbox 155 326 1700 387; baseline 0.003 -19"><span class='ocrx_word' id='word_1_14' title='bbox 155 326 208 368; x_wconf 90' lang='lat' dir='ltr'>L.</span> <span class='ocrx_word' id='word_1_15' title='bbox 242 326 427 378; x_wconf 86' lang='lat' dir='ltr'>Vitellii,</span> <span class='ocrx_word' id='word_1_16' title='bbox 466 327 540 382; x_wconf 91' lang='lat' dir='ltr'>qui</span> <span class='ocrx_word' id='word_1_17' title='bbox 579 335 683 370; x_wconf 92' lang='lat' dir='ltr'>tunc</span> <span class='ocrx_word' id='word_1_18' title='bbox 719 327 911 369; x_wconf 88' lang='lat' dir='ltr'>inferiori</span> <span class='ocrx_word' id='word_1_19' title='bbox 949 327 1205 372; x_wconf 83' lang='lat' dir='ltr'>Germaniae</span> <span class='ocrx_word' id='word_1_20' title='bbox 1241 339 1455 387; x_wconf 83' lang='lat' dir='ltr'>praeerat,</span> <span class='ocrx_word' id='word_1_21' title='bbox 1495 331 1700 374; x_wconf 78' lang='lat' dir='ltr'>transisse</span> 
     </span>
     <span class='ocr_line' id='line_1_4' title="bbox 155 398 1701 458; baseline 0.003 -18"><span class='ocrx_word' id='word_1_22' title='bbox 155 398 278 454; x_wconf 90' lang='lat' dir='ltr'>(Tac.</span> <span class='ocrx_word' id='word_1_23' title='bbox 302 400 417 442; x_wconf 86' lang='lat' dir='ltr'>Hist.</span> <span class='ocrx_word' id='word_1_24' title='bbox 437 401 472 450; x_wconf 92' lang='lat' dir='ltr'>I,</span> <span class='ocrx_word' id='word_1_25' title='bbox 504 401 593 455; x_wconf 70' lang='lat'>55),</span> <span class='ocrx_word' id='word_1_26' title='bbox 626 400 859 457; x_wconf 89' lang='lat' dir='ltr'>superioris</span> <span class='ocrx_word' id='word_1_27' title='bbox 887 399 1143 443; x_wconf 81' lang='lat' dir='ltr'>Germaniae</span> <span class='ocrx_word' id='word_1_28' title='bbox 1170 402 1363 458; x_wconf 80' lang='lat' dir='ltr'>legiones</span> <span class='ocrx_word' id='word_1_29' title='bbox 1395 403 1477 446; x_wconf 91' lang='lat' dir='ltr'>sub</span> <span class='ocrx_word' id='word_1_30' title='bbox 1501 403 1701 447; x_wconf 90' lang='lat' dir='ltr'>Hordeo-</span> 
     </span>
     <span class='ocr_line' id='line_1_5' title="bbox 154 461 1701 531; baseline 0.003 -19"><span class='ocrx_word' id='word_1_31' title='bbox 154 471 226 513; x_wconf 91' lang='lat' dir='ltr'>nio</span> <span class='ocrx_word' id='word_1_32' title='bbox 245 472 280 513; x_wconf 87' lang='lat' dir='ltr'><strong>F</strong></span> <span class='ocrx_word' id='word_1_33' title='bbox 282 473 401 514; x_wconf 89' lang='lat' dir='ltr'>lacco</span> <span class='ocrx_word' id='word_1_34' title='bbox 428 461 591 529; x_wconf 72' lang='lat' dir='ltr'>legato,</span> <span class='ocrx_word' id='word_1_35' title='bbox 624 472 822 514; x_wconf 87' lang='lat' dir='ltr'>Valerius</span> <span class='ocrx_word' id='word_1_36' title='bbox 843 472 1076 524; x_wconf 89' lang='lat' dir='ltr'>Asiaticus,</span> <span class='ocrx_word' id='word_1_37' title='bbox 1106 474 1307 531; x_wconf 81' lang='lat' dir='ltr'>Belgicae</span> <span class='ocrx_word' id='word_1_38' title='bbox 1334 491 1520 531; x_wconf 78' lang='lat' dir='ltr'>praeses,</span> <span class='ocrx_word' id='word_1_39' title='bbox 1548 475 1701 518; x_wconf 91' lang='lat' dir='ltr'>Iunius</span> 
     </span>
     <span class='ocr_line' id='line_1_6' title="bbox 153 543 1700 602; baseline 0.003 -17"><span class='ocrx_word' id='word_1_40' title='bbox 153 543 362 596; x_wconf 74' lang='lat' dir='ltr'>Blaesus,</span> <span class='ocrx_word' id='word_1_41' title='bbox 409 544 722 602; x_wconf 77' lang='lat' dir='ltr'>Lugdunensis</span> <span class='ocrx_word' id='word_1_42' title='bbox 761 544 929 587; x_wconf 85' lang='lat' dir='ltr'>Galliae</span> <span class='ocrx_word' id='word_1_43' title='bbox 977 552 1140 596; x_wconf 90' lang='lat' dir='ltr'>rector,</span> <span class='ocrx_word' id='word_1_44' title='bbox 1187 547 1430 590; x_wconf 78' lang='lat' dir='ltr'>Trebellius</span> <span class='ocrx_word' id='word_1_45' title='bbox 1467 547 1700 597; x_wconf 82' lang='lat' dir='ltr'>Maximus,</span> 
     </span>
     <span class='ocr_line' id='line_1_7' title="bbox 155 615 1700 675; baseline 0.004 -19"><span class='ocrx_word' id='word_1_46' title='bbox 155 615 400 661; x_wconf 84' lang='lat' dir='ltr'>Britanniae</span> <span class='ocrx_word' id='word_1_47' title='bbox 429 619 622 674; x_wconf 83' lang='lat' dir='ltr'>legatus3</span> <span class='ocrx_word' id='word_1_48' title='bbox 660 632 771 659; x_wconf 90' lang='lat' dir='ltr'>unae</span> <span class='ocrx_word' id='word_1_49' title='bbox 802 617 899 659; x_wconf 90' lang='lat' dir='ltr'>illae</span> <span class='ocrx_word' id='word_1_50' title='bbox 926 616 1128 660; x_wconf 90' lang='lat' dir='ltr'>Raeticae</span> <span class='ocrx_word' id='word_1_51' title='bbox 1158 619 1306 674; x_wconf 88' lang='lat' dir='ltr'>copiae</span> <span class='ocrx_word' id='word_1_52' title='bbox 1336 619 1534 675; x_wconf 87' lang='lat' dir='ltr'>quamvis</span> <span class='ocrx_word' id='word_1_53' title='bbox 1564 619 1700 662; x_wconf 88' lang='lat' dir='ltr'>nomi-</span> 
     </span>
     <span class='ocr_line' id='line_1_8' title="bbox 155 689 1701 748; baseline 0.003 -19"><span class='ocrx_word' id='word_1_54' title='bbox 155 696 331 740; x_wconf 83' lang='lat' dir='ltr'>nentur,</span> <span class='ocrx_word' id='word_1_55' title='bbox 369 691 459 733; x_wconf 92' lang='lat' dir='ltr'>sine</span> <span class='ocrx_word' id='word_1_56' title='bbox 493 691 603 733; x_wconf 90' lang='lat' dir='ltr'>duce</span> <span class='ocrx_word' id='word_1_57' title='bbox 641 698 781 731; x_wconf 84' lang='lat' dir='ltr'>tamen</span> <span class='ocrx_word' id='word_1_58' title='bbox 809 689 1104 740; x_wconf 85' lang='lat' dir='ltr'>nominantur,</span> <span class='ocrx_word' id='word_1_59' title='bbox 1144 699 1192 733; x_wconf 87' lang='lat' dir='ltr'>ut</span> <span class='ocrx_word' id='word_1_60' title='bbox 1221 706 1292 734; x_wconf 89' lang='lat' dir='ltr'>eas</span> <span class='ocrx_word' id='word_1_61' title='bbox 1324 692 1557 748; x_wconf 89' lang='lat' dir='ltr'>superioris</span> <span class='ocrx_word' id='word_1_62' title='bbox 1589 691 1701 734; x_wconf 85' lang='lat' dir='ltr'>Ger-</span> 
     </span>
     <span class='ocr_line' id='line_1_9' title="bbox 154 760 1700 820; baseline 0.002 -17"><span class='ocrx_word' id='word_1_63' title='bbox 154 761 318 804; x_wconf 89' lang='lat' dir='ltr'>maniae</span> <span class='ocrx_word' id='word_1_64' title='bbox 349 763 492 818; x_wconf 88' lang='lat' dir='ltr'>legato</span> <span class='ocrx_word' id='word_1_65' title='bbox 519 762 716 818; x_wconf 88' lang='lat' dir='ltr'>paruisse</span> <span class='ocrx_word' id='word_1_66' title='bbox 745 760 967 818; x_wconf 85' lang='lat' dir='ltr'>probabile</span> <span class='ocrx_word' id='word_1_67' title='bbox 995 760 1069 806; x_wconf 91' lang='lat' dir='ltr'>fiat</span> <span class='ocrx_word' id='word_1_68' title='bbox 1097 763 1218 820; x_wconf 86' lang='lat' dir='ltr'>(Tac.</span> <span class='ocrx_word' id='word_1_69' title='bbox 1240 764 1269 805; x_wconf 93' lang='lat' dir='ltr'>l.</span> <span class='ocrx_word' id='word_1_70' title='bbox 1291 764 1319 805; x_wconf 93' lang='lat' dir='ltr'>l.</span> <span class='ocrx_word' id='word_1_71' title='bbox 1342 779 1377 806; x_wconf 87' lang='lat' dir='ltr'>c.</span> <span class='ocrx_word' id='word_1_72' title='bbox 1399 764 1486 818; x_wconf 79' lang='lat'>59).</span> <span class='ocrx_word' id='word_1_73' title='bbox 1530 764 1700 806; x_wconf 85' lang='lat' dir='ltr'>Etenim</span> 
     </span>
     <span class='ocr_line' id='line_1_10' title="bbox 154 834 1702 891; baseline 0.002 -16"><span class='ocrx_word' id='word_1_74' title='bbox 154 834 363 876; x_wconf 88' lang='lat' dir='ltr'>faciamus</span> <span class='ocrx_word' id='word_1_75' title='bbox 392 835 586 877; x_wconf 88' lang='lat' dir='ltr'>Raetiam</span> <span class='ocrx_word' id='word_1_76' title='bbox 614 849 699 876; x_wconf 89' lang='lat' dir='ltr'>non</span> <span class='ocrx_word' id='word_1_77' title='bbox 728 834 863 876; x_wconf 87' lang='lat' dir='ltr'>fuisse</span> <span class='ocrx_word' id='word_1_78' title='bbox 889 835 1158 877; x_wconf 91' lang='lat' dir='ltr'>coniunctam</span> <span class='ocrx_word' id='word_1_79' title='bbox 1189 851 1287 878; x_wconf 89' lang='lat' dir='ltr'>cum</span> <span class='ocrx_word' id='word_1_80' title='bbox 1315 835 1560 886; x_wconf 80' lang='lat' dir='ltr'>Germania,</span> <span class='ocrx_word' id='word_1_81' title='bbox 1594 851 1702 891; x_wconf 91' lang='lat' dir='ltr'>quo-</span> 
     </span>
     <span class='ocr_line' id='line_1_11' title="bbox 155 905 1702 964; baseline 0.002 -18"><span class='ocrx_word' id='word_1_82' title='bbox 155 906 269 947; x_wconf 88' lang='lat' dir='ltr'>niam</span> <span class='ocrx_word' id='word_1_83' title='bbox 301 907 487 962; x_wconf 87' lang='lat' dir='ltr'>reliquos</span> <span class='ocrx_word' id='word_1_84' title='bbox 513 914 812 964; x_wconf 77' lang='lat' dir='ltr'>procuratores</span> <span class='ocrx_word' id='word_1_85' title='bbox 842 907 996 962; x_wconf 86' lang='lat' dir='ltr'>legatis</span> <span class='ocrx_word' id='word_1_86' title='bbox 1027 905 1262 950; x_wconf 85' lang='lat' dir='ltr'>Caesarum</span> <span class='ocrx_word' id='word_1_87' title='bbox 1295 908 1492 964; x_wconf 84' lang='lat' dir='ltr'>paruisse</span> <span class='ocrx_word' id='word_1_88' title='bbox 1525 914 1702 958; x_wconf 86' lang='lat' dir='ltr'>constat,</span> 
     </span>
     <span class='ocr_line' id='line_1_12' title="bbox 154 979 1702 1036; baseline 0.002 -16"><span class='ocrx_word' id='word_1_89' title='bbox 154 993 330 1020; x_wconf 87' lang='lat' dir='ltr'>necesse</span> <span class='ocrx_word' id='word_1_90' title='bbox 371 979 451 1021; x_wconf 90' lang='lat' dir='ltr'>erit</span> <span class='ocrx_word' id='word_1_91' title='bbox 488 979 614 1021; x_wconf 90' lang='lat' dir='ltr'>aliam</span> <span class='ocrx_word' id='word_1_92' title='bbox 654 979 917 1035; x_wconf 87' lang='lat' dir='ltr'>provinciam</span> <span class='ocrx_word' id='word_1_93' title='bbox 943 994 1221 1034; x_wconf 87' lang='lat' dir='ltr'>quaeramus,</span> <span class='ocrx_word' id='word_1_94' title='bbox 1264 981 1333 1023; x_wconf 91' lang='lat' dir='ltr'>cui</span> <span class='ocrx_word' id='word_1_95' title='bbox 1371 981 1445 1036; x_wconf 91' lang='lat' dir='ltr'>qui</span> <span class='ocrx_word' id='word_1_96' title='bbox 1471 987 1702 1036; x_wconf 84' lang='lat' dir='ltr'>praeesset,</span> 
     </span>
     <span class='ocr_line' id='line_1_13' title="bbox 155 1051 1704 1108; baseline 0.001 -16"><span class='ocrx_word' id='word_1_97' title='bbox 155 1051 284 1093; x_wconf 89' lang='lat' dir='ltr'>simul</span> <span class='ocrx_word' id='word_1_98' title='bbox 315 1067 531 1094; x_wconf 89' lang='lat' dir='ltr'>summum</span> <span class='ocrx_word' id='word_1_99' title='bbox 549 1051 783 1094; x_wconf 86' lang='lat' dir='ltr'>Raetorum</span> <span class='ocrx_word' id='word_1_100' title='bbox 813 1052 1036 1107; x_wconf 87' lang='lat' dir='ltr'>imperium</span> <span class='ocrx_word' id='word_1_101' title='bbox 1065 1052 1275 1103; x_wconf 87' lang='lat' dir='ltr'>habuerit,</span> <span class='ocrx_word' id='word_1_102' title='bbox 1302 1068 1440 1108; x_wconf 87' lang='lat' dir='ltr'>neque</span> <span class='ocrx_word' id='word_1_103' title='bbox 1461 1053 1704 1095; x_wconf 90' lang='lat' dir='ltr'>invenietur</span> 
     </span>
     <span class='ocr_line' id='line_1_14' title="bbox 154 1122 1703 1180; baseline 0.002 -17"><span class='ocrx_word' id='word_1_104' title='bbox 154 1122 236 1164; x_wconf 90' lang='lat' dir='ltr'>nisi</span> <span class='ocrx_word' id='word_1_105' title='bbox 264 1123 504 1174; x_wconf 88' lang='lat' dir='ltr'>Pannonia,</span> <span class='ocrx_word' id='word_1_106' title='bbox 537 1140 646 1180; x_wconf 89' lang='lat' dir='ltr'>quac</span> <span class='ocrx_word' id='word_1_107' title='bbox 676 1139 754 1180; x_wconf 89' lang='lat' dir='ltr'>per</span> <span class='ocrx_word' id='word_1_108' title='bbox 783 1124 1041 1166; x_wconf 83' lang='lat' dir='ltr'>vicinitatem</span> <span class='ocrx_word' id='word_1_109' title='bbox 1071 1124 1208 1180; x_wconf 84' lang='lat' dir='ltr'>possit</span> <span class='ocrx_word' id='word_1_110' title='bbox 1234 1125 1414 1166; x_wconf 86' lang='lat' dir='ltr'>admitti.</span> <span class='ocrx_word' id='word_1_111' title='bbox 1470 1125 1561 1167; x_wconf 90' lang='lat' dir='ltr'>Iam</span> <span class='ocrx_word' id='word_1_112' title='bbox 1588 1125 1703 1167; x_wconf 90' lang='lat' dir='ltr'>Pan-</span> 
     </span>
     <span class='ocr_line' id='line_1_15' title="bbox 154 1196 1703 1253; baseline 0.001 -16"><span class='ocrx_word' id='word_1_113' title='bbox 154 1196 295 1245; x_wconf 88' lang='lat' dir='ltr'>nonia,</span> <span class='ocrx_word' id='word_1_114' title='bbox 331 1212 429 1238; x_wconf 91' lang='lat' dir='ltr'>cum</span> <span class='ocrx_word' id='word_1_115' title='bbox 462 1197 581 1239; x_wconf 88' lang='lat' dir='ltr'>initio</span> <span class='ocrx_word' id='word_1_116' title='bbox 610 1197 874 1253; x_wconf 84' lang='lat' dir='ltr'>principatus</span> <span class='ocrx_word' id='word_1_117' title='bbox 903 1196 1067 1238; x_wconf 81' lang='lat' dir='ltr'>Tiberii</span> <span class='ocrx_word' id='word_1_118' title='bbox 1104 1212 1231 1238; x_wconf 91' lang='lat' dir='ltr'>suum</span> <span class='ocrx_word' id='word_1_119' title='bbox 1261 1197 1504 1253; x_wconf 87' lang='lat' dir='ltr'>praesidem</span> <span class='ocrx_word' id='word_1_120' title='bbox 1530 1197 1703 1239; x_wconf 91' lang='lat' dir='ltr'>Iunium</span> 
     </span>
     <span class='ocr_line' id='line_1_16' title="bbox 155 1268 1705 1326; baseline 0.001 -16"><span class='ocrx_word' id='word_1_121' title='bbox 155 1268 358 1310; x_wconf 91' lang='lat' dir='ltr'>Blaesum</span> <span class='ocrx_word' id='word_1_122' title='bbox 402 1269 541 1312; x_wconf 86' lang='lat' dir='ltr'>tribus</span> <span class='ocrx_word' id='word_1_123' title='bbox 587 1269 831 1325; x_wconf 86' lang='lat' dir='ltr'>legionibus</span> <span class='ocrx_word' id='word_1_124' title='bbox 868 1269 1145 1324; x_wconf 82' lang='lat' dir='ltr'>imperantem</span> <span class='ocrx_word' id='word_1_125' title='bbox 1180 1268 1384 1312; x_wconf 83' lang='lat' dir='ltr'>habuisse</span> <span class='ocrx_word' id='word_1_126' title='bbox 1421 1277 1705 1326; x_wconf 82' lang='lat' dir='ltr'>cognoscatur</span> 
     </span>
     <span class='ocr_line' id='line_1_17' title="bbox 155 1340 1703 1398; baseline 0.001 -16"><span class='ocrx_word' id='word_1_127' title='bbox 155 1356 209 1382; x_wconf 82' lang='lat' dir='ltr'>ex</span> <span class='ocrx_word' id='word_1_128' title='bbox 236 1340 339 1383; x_wconf 88' lang='lat' dir='ltr'>Tac.</span> <span class='ocrx_word' id='word_1_129' title='bbox 368 1342 523 1385; x_wconf 89' lang='lat' dir='ltr'>Annal.</span> <span class='ocrx_word' id='word_1_130' title='bbox 552 1343 588 1392; x_wconf 94' lang='lat' dir='ltr'>I,</span> <span class='ocrx_word' id='word_1_131' title='bbox 625 1343 672 1385; x_wconf 70' lang='lat'>16</span> <span class='ocrx_word' id='word_1_132' title='bbox 704 1357 788 1397; x_wconf 91' lang='lat' dir='ltr'>sq.,</span> <span class='ocrx_word' id='word_1_133' title='bbox 820 1341 1012 1383; x_wconf 90' lang='lat' dir='ltr'>nondum</span> <span class='ocrx_word' id='word_1_134' title='bbox 1041 1341 1086 1382; x_wconf 91' lang='lat' dir='ltr'>in</span> <span class='ocrx_word' id='word_1_135' title='bbox 1115 1356 1218 1384; x_wconf 90' lang='lat' dir='ltr'>suae</span> <span class='ocrx_word' id='word_1_136' title='bbox 1249 1342 1493 1398; x_wconf 89' lang='lat' dir='ltr'>provinciae</span> <span class='ocrx_word' id='word_1_137' title='bbox 1522 1342 1703 1384; x_wconf 79' lang='lat' dir='ltr'>formam</span> 
     </span>
     <span class='ocr_line' id='line_1_18' title="bbox 155 1413 1702 1470; baseline 0.001 -15"><span class='ocrx_word' id='word_1_138' title='bbox 155 1413 329 1457; x_wconf 87' lang='lat' dir='ltr'>redacta</span> <span class='ocrx_word' id='word_1_139' title='bbox 365 1422 474 1465; x_wconf 91' lang='lat' dir='ltr'>erat,</span> <span class='ocrx_word' id='word_1_140' title='bbox 517 1430 615 1457; x_wconf 91' lang='lat' dir='ltr'>cum</span> <span class='ocrx_word' id='word_1_141' title='bbox 644 1413 846 1457; x_wconf 87' lang='lat' dir='ltr'>Tiberius</span> <span class='ocrx_word' id='word_1_142' title='bbox 875 1413 1034 1456; x_wconf 83' lang='lat' dir='ltr'>Raetos</span> <span class='ocrx_word' id='word_1_143' title='bbox 1065 1414 1403 1470; x_wconf 90' lang='lat' dir='ltr'>Vindelicosque</span> <span class='ocrx_word' id='word_1_144' title='bbox 1442 1414 1702 1456; x_wconf 87' lang='lat' dir='ltr'>devinceret.</span> 
     </span>
     <span class='ocr_line' id='line_1_19' title="bbox 155 1485 1704 1544; baseline 0 -16"><span class='ocrx_word' id='word_1_145' title='bbox 155 1486 262 1529; x_wconf 87' lang='lat' dir='ltr'>Nam</span> <span class='ocrx_word' id='word_1_146' title='bbox 300 1502 410 1529; x_wconf 91' lang='lat' dir='ltr'>anno</span> <span class='ocrx_word' id='word_1_147' title='bbox 441 1487 467 1530; x_wconf 78' lang='lat'>6</span> <span class='ocrx_word' id='word_1_148' title='bbox 503 1503 544 1544; x_wconf 91' lang='lat' dir='ltr'>p.</span> <span class='ocrx_word' id='word_1_149' title='bbox 575 1485 700 1538; x_wconf 69' lang='lat' dir='ltr'>Chr„</span> <span class='ocrx_word' id='word_1_150' title='bbox 748 1502 846 1529; x_wconf 92' lang='lat' dir='ltr'>cum</span> <span class='ocrx_word' id='word_1_151' title='bbox 883 1487 1037 1543; x_wconf 84' lang='lat' dir='ltr'>ingens</span> <span class='ocrx_word' id='word_1_152' title='bbox 1078 1486 1151 1528; x_wconf 88' lang='lat' dir='ltr'>illa</span> <span class='ocrx_word' id='word_1_153' title='bbox 1185 1486 1507 1529; x_wconf 88' lang='lat' dir='ltr'>Pannoniorum</span> <span class='ocrx_word' id='word_1_154' title='bbox 1551 1485 1704 1528; x_wconf 90' lang='lat' dir='ltr'>seditio</span> 
     </span>
     <span class='ocr_line' id='line_1_20' title="bbox 157 1558 1704 1611; baseline -0.001 -9"><span class='ocrx_word' id='word_1_155' title='bbox 157 1560 434 1611; x_wconf 87' lang='lat' dir='ltr'>excitaretur,</span> <span class='ocrx_word' id='word_1_156' title='bbox 470 1560 558 1603; x_wconf 92' lang='lat' dir='ltr'>Dio</span> <span class='ocrx_word' id='word_1_157' title='bbox 583 1561 680 1611; x_wconf 92' lang='lat' dir='ltr'>LV,</span> <span class='ocrx_word' id='word_1_158' title='bbox 721 1561 773 1603; x_wconf 73' lang='lat'>29</span> <span class='ocrx_word' id='word_1_159' title='bbox 801 1560 1023 1603; x_wconf 91' lang='lat' dir='ltr'>Valerium</span> <span class='ocrx_word' id='word_1_160' title='bbox 1049 1559 1332 1602; x_wconf 90' lang='lat' dir='ltr'>Messalinum</span> <span class='ocrx_word' id='word_1_161' title='bbox 1359 1565 1502 1601; x_wconf 88' lang='lat' dir='ltr'>narrat</span> <span class='ocrx_word' id='word_1_162' title='bbox 1529 1558 1704 1601; x_wconf 83' lang='lat' dir='ltr'>Delma—</span> 
     </span>
     <span class='ocr_line' id='line_1_21' title="bbox 158 1630 1704 1691; baseline -0.002 -17"><span class='ocrx_word' id='word_1_163' title='bbox 158 1633 240 1676; x_wconf 87' lang='lat' dir='ltr'>tiae</span> <span class='ocrx_word' id='word_1_164' title='bbox 269 1641 310 1675; x_wconf 89' lang='lat' dir='ltr'>et</span> <span class='ocrx_word' id='word_1_165' title='bbox 339 1633 585 1676; x_wconf 88' lang='lat' dir='ltr'>Pannoniae</span> <span class='ocrx_word' id='word_1_166' title='bbox 615 1633 854 1689; x_wconf 88' lang='lat' dir='ltr'>praesidem</span> <span class='ocrx_word' id='word_1_167' title='bbox 886 1632 1036 1682; x_wconf 84' lang='lat' dir='ltr'>fuisse,</span> <span class='ocrx_word' id='word_1_168' title='bbox 1072 1638 1121 1672; x_wconf 91' lang='lat' dir='ltr'>ut</span> <span class='ocrx_word' id='word_1_169' title='bbox 1152 1646 1238 1673; x_wconf 89' lang='lat' dir='ltr'>non</span> <span class='ocrx_word' id='word_1_170' title='bbox 1271 1630 1497 1672; x_wconf 88' lang='lat' dir='ltr'>abhorreat</span> <span class='ocrx_word' id='word_1_171' title='bbox 1534 1646 1559 1672; x_wconf 86' lang='lat' dir='ltr'>a</span> <span class='ocrx_word' id='word_1_172' title='bbox 1589 1645 1704 1691; x_wconf 89' lang='lat' dir='ltr'>vero,</span> 
     </span>
     <span class='ocr_line' id='line_1_22' title="bbox 156 1702 1705 1762; baseline -0.003 -14"><span class='ocrx_word' id='word_1_173' title='bbox 156 1713 306 1762; x_wconf 91' lang='lat' dir='ltr'>postea</span> <span class='ocrx_word' id='word_1_174' title='bbox 334 1706 507 1748; x_wconf 89' lang='lat' dir='ltr'>demum</span> <span class='ocrx_word' id='word_1_175' title='bbox 534 1706 720 1748; x_wconf 83' lang='lat' dir='ltr'>extincta</span> <span class='ocrx_word' id='word_1_176' title='bbox 746 1705 817 1746; x_wconf 84' lang='lat' dir='ltr'>illa</span> <span class='ocrx_word' id='word_1_177' title='bbox 847 1704 1053 1747; x_wconf 81' lang='lat' dir='ltr'>sedit-ione</span> <span class='ocrx_word' id='word_1_178' title='bbox 1075 1703 1290 1759; x_wconf 88' lang='lat' dir='ltr'>propriam</span> <span class='ocrx_word' id='word_1_179' title='bbox 1313 1702 1574 1758; x_wconf 88' lang='lat' dir='ltr'>provinciam</span> <span class='ocrx_word' id='word_1_180' title='bbox 1595 1702 1705 1744; x_wconf 84' lang='lat' dir='ltr'>Pan·</span> 
     </span>
     <span class='ocr_line' id='line_1_23' title="bbox 158 1774 1707 1831; baseline -0.003 -11"><span class='ocrx_word' id='word_1_181' title='bbox 158 1778 328 1820; x_wconf 79' lang='lat' dir='ltr'>uoniam</span> <span class='ocrx_word' id='word_1_182' title='bbox 360 1794 454 1821; x_wconf 90' lang='lat' dir='ltr'>esse</span> <span class='ocrx_word' id='word_1_183' title='bbox 481 1779 766 1828; x_wconf 84' lang='lat' dir='ltr'>constitutam,</span> <span class='ocrx_word' id='word_1_184' title='bbox 797 1785 921 1819; x_wconf 86' lang='lat' dir='ltr'>antea</span> <span class='ocrx_word' id='word_1_185' title='bbox 947 1775 1154 1831; x_wconf 87' lang='lat' dir='ltr'>quicquid</span> <span class='ocrx_word' id='word_1_186' title='bbox 1179 1774 1459 1817; x_wconf 86' lang='lat' dir='ltr'>barbarorum</span> <span class='ocrx_word' id='word_1_187' title='bbox 1488 1789 1566 1831; x_wconf 90' lang='lat' dir='ltr'>per</span> <span class='ocrx_word' id='word_1_188' title='bbox 1589 1774 1707 1816; x_wconf 90' lang='lat' dir='ltr'>illam</span> 
     </span>
     <span class='ocr_line' id='line_1_24' title="bbox 157 1846 1706 1907; baseline -0.003 -15"><span class='ocrx_word' id='word_1_189' title='bbox 157 1851 376 1907; x_wconf 85' lang='lat' dir='ltr'>regionem</span> <span class='ocrx_word' id='word_1_190' title='bbox 409 1851 588 1907; x_wconf 87' lang='lat' dir='ltr'>imperio</span> <span class='ocrx_word' id='word_1_191' title='bbox 616 1851 810 1894; x_wconf 83' lang='lat' dir='ltr'>Romano</span> <span class='ocrx_word' id='word_1_192' title='bbox 844 1855 1034 1905; x_wconf 87' lang='lat' dir='ltr'>pareret,</span> <span class='ocrx_word' id='word_1_193' title='bbox 1074 1849 1116 1890; x_wconf 92' lang='lat' dir='ltr'>in</span> <span class='ocrx_word' id='word_1_194' title='bbox 1147 1847 1408 1889; x_wconf 88' lang='lat' dir='ltr'>Delmatiam</span> <span class='ocrx_word' id='word_1_195' title='bbox 1436 1846 1573 1889; x_wconf 80' lang='lat' dir='ltr'>fuisse</span> <span class='ocrx_word' id='word_1_196' title='bbox 1605 1861 1706 1889; x_wconf 91' lang='lat' dir='ltr'>con-</span> 
     </span>
     <span class='ocr_line' id='line_1_25' title="bbox 157 1917 1707 1980; baseline -0.005 -14"><span class='ocrx_word' id='word_1_197' title='bbox 157 1918 381 1975; x_wconf 86' lang='lat' dir='ltr'>tributum,</span> <span class='ocrx_word' id='word_1_198' title='bbox 406 1939 514 1979; x_wconf 90' lang='lat' dir='ltr'>quae</span> <span class='ocrx_word' id='word_1_199' title='bbox 542 1924 638 1980; x_wconf 90' lang='lat' dir='ltr'>ipsa</span> <span class='ocrx_word' id='word_1_200' title='bbox 662 1923 870 1979; x_wconf 88' lang='lat' dir='ltr'>imprimis</span> <span class='ocrx_word' id='word_1_201' title='bbox 900 1935 1029 1963; x_wconf 87' lang='lat' dir='ltr'>causa</span> <span class='ocrx_word' id='word_1_202' title='bbox 1058 1926 1160 1970; x_wconf 86' lang='lat' dir='ltr'>erat,</span> <span class='ocrx_word' id='word_1_203' title='bbox 1187 1926 1232 1961; x_wconf 89' lang='lat' dir='ltr'>ut</span> <span class='ocrx_word' id='word_1_204' title='bbox 1251 1917 1464 1961; x_wconf 88' lang='lat' dir='ltr'>Delmatia</span> <span class='ocrx_word' id='word_1_205' title='bbox 1486 1917 1707 1973; x_wconf 85' lang='lat' dir='ltr'>provincia</span> 
     </span>
     <span class='ocr_line' id='line_1_26' title="bbox 157 1990 1706 2053; baseline -0.005 -15"><span class='ocrx_word' id='word_1_206' title='bbox 157 2013 183 2038; x_wconf 89' lang='lat' dir='ltr'>a</span> <span class='ocrx_word' id='word_1_207' title='bbox 212 2004 362 2039; x_wconf 87' lang='lat' dir='ltr'>senatu</span> <span class='ocrx_word' id='word_1_208' title='bbox 389 1997 635 2053; x_wconf 89' lang='lat' dir='ltr'>populoque</span> <span class='ocrx_word' id='word_1_209' title='bbox 666 1995 720 2038; x_wconf 88' lang='lat' dir='ltr'>ad</span> <span class='ocrx_word' id='word_1_210' title='bbox 753 1993 951 2037; x_wconf 84' lang='lat' dir='ltr'>Caesaris</span> <span class='ocrx_word' id='word_1_211' title='bbox 983 1999 1237 2048; x_wconf 81' lang='lat' dir='ltr'>potestatem</span> <span class='ocrx_word' id='word_1_212' title='bbox 1269 1991 1569 2033; x_wconf 88' lang='lat' dir='ltr'>transferretur</span> <span class='ocrx_word' id='word_1_213' title='bbox 1598 1990 1706 2039; x_wconf 92' lang='lat' dir='ltr'>(Dio</span> 
     </span>
     <span class='ocr_line' id='line_1_27' title="bbox 157 2061 1707 2125; baseline -0.006 -14"><span class='ocrx_word' id='word_1_214' title='bbox 157 2069 277 2119; x_wconf 89' lang='lat' dir='ltr'>LIV,</span> <span class='ocrx_word' id='word_1_215' title='bbox 309 2069 395 2125; x_wconf 66' lang='lat'>34).</span> <span class='ocrx_word' id='word_1_216' title='bbox 451 2068 540 2110; x_wconf 87' lang='lat' dir='ltr'>Sed</span> <span class='ocrx_word' id='word_1_217' title='bbox 577 2082 630 2109; x_wconf 89' lang='lat' dir='ltr'>ne</span> <span class='ocrx_word' id='word_1_218' title='bbox 665 2076 812 2122; x_wconf 90' lang='lat' dir='ltr'>postea</span> <span class='ocrx_word' id='word_1_219' title='bbox 842 2065 1037 2120; x_wconf 91' lang='lat' dir='ltr'>quidem,</span> <span class='ocrx_word' id='word_1_220' title='bbox 1075 2079 1174 2106; x_wconf 91' lang='lat' dir='ltr'>cum</span> <span class='ocrx_word' id='word_1_221' title='bbox 1204 2078 1331 2106; x_wconf 90' lang='lat' dir='ltr'>suum</span> <span class='ocrx_word' id='word_1_222' title='bbox 1356 2069 1564 2105; x_wconf 87' lang='lat' dir='ltr'>rectorem</span> <span class='ocrx_word' id='word_1_223' title='bbox 1592 2061 1707 2103; x_wconf 88' lang='lat' dir='ltr'>Pan-</span> 
     </span>
     <span class='ocr_line' id='line_1_28' title="bbox 157 2132 1706 2190; baseline -0.006 -7"><span class='ocrx_word' id='word_1_224' title='bbox 157 2141 287 2182; x_wconf 90' lang='lat' dir='ltr'>nonia</span> <span class='ocrx_word' id='word_1_225' title='bbox 316 2140 515 2190; x_wconf 89' lang='lat' dir='ltr'>haberet,</span> <span class='ocrx_word' id='word_1_226' title='bbox 545 2139 739 2182; x_wconf 85' lang='lat' dir='ltr'>Raetiam</span> <span class='ocrx_word' id='word_1_227' title='bbox 769 2153 867 2180; x_wconf 90' lang='lat' dir='ltr'>cum</span> <span class='ocrx_word' id='word_1_228' title='bbox 898 2153 947 2180; x_wconf 86' lang='lat' dir='ltr'>ca</span> <span class='ocrx_word' id='word_1_229' title='bbox 977 2137 1244 2180; x_wconf 83' lang='lat' dir='ltr'>coniunctam</span> <span class='ocrx_word' id='word_1_230' title='bbox 1274 2135 1409 2177; x_wconf 89' lang='lat' dir='ltr'>fuisse</span> <span class='ocrx_word' id='word_1_231' title='bbox 1439 2133 1599 2176; x_wconf 88' lang='lat' dir='ltr'>bellum</span> <span class='ocrx_word' id='word_1_232' title='bbox 1629 2132 1706 2175; x_wconf 88' lang='lat' dir='ltr'>Vi-</span> 
     </span>
     <span class='ocr_line' id='line_1_29' title="bbox 158 2205 1707 2266; baseline -0.006 -10"><span class='ocrx_word' id='word_1_233' title='bbox 158 2213 376 2256; x_wconf 89' lang='lat' dir='ltr'>tellianum</span> <span class='ocrx_word' id='word_1_234' title='bbox 405 2213 540 2254; x_wconf 86' lang='lat' dir='ltr'>docet.</span> <span class='ocrx_word' id='word_1_235' title='bbox 596 2212 647 2254; x_wconf 91' lang='lat' dir='ltr'>In</span> <span class='ocrx_word' id='word_1_236' title='bbox 681 2226 766 2266; x_wconf 93' lang='lat' dir='ltr'>quo</span> <span class='ocrx_word' id='word_1_237' title='bbox 794 2225 892 2252; x_wconf 88' lang='lat' dir='ltr'>cum</span> <span class='ocrx_word' id='word_1_238' title='bbox 921 2209 1176 2252; x_wconf 87' lang='lat' dir='ltr'>Germaniae</span> <span class='ocrx_word' id='word_1_239' title='bbox 1205 2222 1438 2262; x_wconf 90' lang='lat' dir='ltr'>omnesque</span> <span class='ocrx_word' id='word_1_240' title='bbox 1468 2221 1578 2263; x_wconf 87' lang='lat' dir='ltr'>quae</span> <span class='ocrx_word' id='word_1_241' title='bbox 1606 2205 1707 2247; x_wconf 89' lang='lat' dir='ltr'>inde</span> 
     </span>
     <span class='ocr_line' id='line_1_30' title="bbox 158 2277 1710 2343; baseline -0.006 -15"><span class='ocrx_word' id='word_1_242' title='bbox 158 2287 394 2343; x_wconf 90' lang='lat' dir='ltr'>penderent</span> <span class='ocrx_word' id='word_1_243' title='bbox 412 2285 617 2333; x_wconf 86' lang='lat' dir='ltr'>nationes,</span> <span class='ocrx_word' id='word_1_244' title='bbox 643 2298 722 2340; x_wconf 91' lang='lat' dir='ltr'>pro</span> <span class='ocrx_word' id='word_1_245' title='bbox 740 2282 914 2325; x_wconf 90' lang='lat' dir='ltr'>Vitellio</span> <span class='ocrx_word' id='word_1_246' title='bbox 934 2280 1266 2330; x_wconf 86' lang='lat' dir='ltr'>consensissent,</span> <span class='ocrx_word' id='word_1_247' title='bbox 1284 2279 1521 2328; x_wconf 82' lang='lat' dir='ltr'>Pannonia,</span> <span class='ocrx_word' id='word_1_248' title='bbox 1542 2277 1710 2320; x_wconf 86' lang='lat' dir='ltr'>Moesia</span> 
     </span>
     <span class='ocr_line' id='line_1_31' title="bbox 159 2350 1708 2413; baseline -0.006 -13"><span class='ocrx_word' id='word_1_249' title='bbox 159 2366 407 2413; x_wconf 91' lang='lat' dir='ltr'>ceteraeque</span> <span class='ocrx_word' id='word_1_250' title='bbox 435 2357 678 2413; x_wconf 88' lang='lat' dir='ltr'>provinciae</span> <span class='ocrx_word' id='word_1_251' title='bbox 707 2355 763 2397; x_wconf 89' lang='lat' dir='ltr'>ad</span> <span class='ocrx_word' id='word_1_252' title='bbox 792 2354 996 2396; x_wconf 90' lang='lat' dir='ltr'>orientem</span> <span class='ocrx_word' id='word_1_253' title='bbox 1023 2359 1264 2408; x_wconf 87' lang='lat' dir='ltr'>spectantes</span> <span class='ocrx_word' id='word_1_254' title='bbox 1282 2350 1540 2406; x_wconf 90' lang='lat' dir='ltr'>Vespasiani</span> <span class='ocrx_word' id='word_1_255' title='bbox 1564 2356 1708 2405; x_wconf 88' lang='lat' dir='ltr'>partes</span> 
     </span>
     <span class='ocr_line' id='line_1_32' title="bbox 161 2423 1709 2487; baseline -0.008 -13"><span class='ocrx_word' id='word_1_256' title='bbox 161 2439 453 2487; x_wconf 88' lang='lat' dir='ltr'>sequerentur,</span> <span class='ocrx_word' id='word_1_257' title='bbox 485 2430 587 2472; x_wconf 81' lang='lat' dir='ltr'>Tac.</span> <span class='ocrx_word' id='word_1_258' title='bbox 620 2429 717 2470; x_wconf 89' lang='lat' dir='ltr'>hist.</span> <span class='ocrx_word' id='word_1_259' title='bbox 745 2428 827 2476; x_wconf 88' lang='grc' dir='ltr'><strong>ΙΙΙ,</strong></span> <span class='ocrx_word' id='word_1_260' title='bbox 859 2427 883 2467; x_wconf 70' lang='grc' dir='ltr'>ἴ)</span> <span class='ocrx_word' id='word_1_261' title='bbox 913 2431 1056 2467; x_wconf 86' lang='lat' dir='ltr'>narrat</span> <span class='ocrx_word' id='word_1_262' title='bbox 1081 2423 1275 2466; x_wconf 88' lang='lat' dir='ltr'>Raetiam</span> <span class='ocrx_word' id='word_1_263' title='bbox 1306 2437 1403 2465; x_wconf 93' lang='lat' dir='ltr'>cum</span> <span class='ocrx_word' id='word_1_264' title='bbox 1434 2428 1709 2478; x_wconf 85' lang='lat' dir='ltr'>procuratore</span> 
     </span>
     <span class='ocr_line' id='line_1_33' title="bbox 162 2491 1708 2555; baseline -0.008 -8"><span class='ocrx_word' id='word_1_265' title='bbox 162 2520 240 2547; x_wconf 88' lang='lat' dir='ltr'>suo</span> <span class='ocrx_word' id='word_1_266' title='bbox 278 2504 412 2546; x_wconf 88' lang='lat' dir='ltr'>fuisse</span> <span class='ocrx_word' id='word_1_267' title='bbox 452 2503 651 2544; x_wconf 87' lang='lat' dir='ltr'>infestam</span> <span class='ocrx_word' id='word_1_268' title='bbox 686 2498 977 2555; x_wconf 89' lang='lat' dir='ltr'>Vespasiano,</span> <span class='ocrx_word' id='word_1_269' title='bbox 1018 2504 1061 2538; x_wconf 87' lang='lat' dir='ltr'>at</span> <span class='ocrx_word' id='word_1_270' title='bbox 1098 2494 1343 2537; x_wconf 88' lang='lat' dir='ltr'>Pannoniae</span> <span class='ocrx_word' id='word_1_271' title='bbox 1381 2493 1626 2551; x_wconf 89' lang='lat' dir='ltr'>praesidem</span> <span class='ocrx_word' id='word_1_272' title='bbox 1656 2491 1708 2534; x_wconf 87' lang='lat' dir='ltr'>T.</span> 
     </span>
     <span class='ocr_line' id='line_1_34' title="bbox 160 2563 1709 2633; baseline -0.009 -14"><span class='ocrx_word' id='word_1_273' title='bbox 160 2576 367 2633; x_wconf 89' lang='lat' dir='ltr'>Ampium</span> <span class='ocrx_word' id='word_1_274' title='bbox 408 2574 664 2617; x_wconf 85' lang='lat' dir='ltr'>Flavianum</span> <span class='ocrx_word' id='word_1_275' title='bbox 708 2571 761 2614; x_wconf 89' lang='lat' dir='ltr'>ad</span> <span class='ocrx_word' id='word_1_276' title='bbox 802 2569 1119 2626; x_wconf 88' lang='lat' dir='ltr'>Vespasianum</span> <span class='ocrx_word' id='word_1_277' title='bbox 1160 2567 1417 2617; x_wconf 87' lang='lat' dir='ltr'>accessisse,</span> <span class='ocrx_word' id='word_1_278' title='bbox 1461 2565 1515 2607; x_wconf 90' lang='lat' dir='ltr'>de</span> <span class='ocrx_word' id='word_1_279' title='bbox 1552 2563 1709 2606; x_wconf 87' lang='lat' dir='ltr'>Norico</span> 
     </span>
     <span class='ocr_line' id='line_1_35' title="bbox 159 2637 1710 2696; baseline -0.01 -4"><span class='ocrx_word' id='word_1_280' title='bbox 159 2649 267 2691; x_wconf 94' lang='lat' dir='ltr'>nihil</span> <span class='ocrx_word' id='word_1_281' title='bbox 305 2649 447 2694; x_wconf 81' lang='lat' dir='ltr'>addit,</span> <span class='ocrx_word' id='word_1_282' title='bbox 491 2646 568 2689; x_wconf 89' lang='lat' dir='ltr'>sed</span> <span class='ocrx_word' id='word_1_283' title='bbox 601 2644 730 2687; x_wconf 85' lang='lat' dir='ltr'>tradit</span> <span class='ocrx_word' id='word_1_284' title='bbox 765 2643 879 2684; x_wconf 89' lang='lat' dir='ltr'>idem</span> <span class='ocrx_word' id='word_1_285' title='bbox 923 2640 1068 2696; x_wconf 88' lang='lat' dir='ltr'>copias</span> <span class='ocrx_word' id='word_1_286' title='bbox 1107 2639 1315 2695; x_wconf 89' lang='lat' dir='ltr'>quasdam</span> <span class='ocrx_word' id='word_1_287' title='bbox 1352 2637 1580 2681; x_wconf 85' lang='lat' dir='ltr'>auxiliares</span> <span class='ocrx_word' id='word_1_288' title='bbox 1611 2650 1710 2678; x_wconf 92' lang='lat' dir='ltr'>cum</span> 
     </span>
     <span class='ocr_line' id='line_1_36' title="bbox 161 2707 1710 2769; baseline -0.009 -6"><span class='ocrx_word' id='word_1_289' title='bbox 161 2721 418 2763; x_wconf 90' lang='lat' dir='ltr'>Noricorum</span> <span class='ocrx_word' id='word_1_290' title='bbox 464 2720 685 2761; x_wconf 88' lang='lat' dir='ltr'>iuventute</span> <span class='ocrx_word' id='word_1_291' title='bbox 732 2714 787 2757; x_wconf 89' lang='lat' dir='ltr'>ad</span> <span class='ocrx_word' id='word_1_292' title='bbox 834 2713 1129 2769; x_wconf 85' lang='lat' dir='ltr'>occupandam</span> <span class='ocrx_word' id='word_1_293' title='bbox 1174 2711 1310 2767; x_wconf 87' lang='lat' dir='ltr'>ripam</span> <span class='ocrx_word' id='word_1_294' title='bbox 1351 2710 1463 2752; x_wconf 90' lang='lat' dir='ltr'>Aeni</span> <span class='ocrx_word' id='word_1_295' title='bbox 1507 2707 1710 2757; x_wconf 88' lang='lat' dir='ltr'>fluminis,</span> 
     </span>
     <span class='ocr_line' id='line_1_37' title="bbox 163 2779 1708 2848; baseline -0.009 -14"><span class='ocrx_word' id='word_1_296' title='bbox 163 2793 280 2848; x_wconf 90' lang='lat' dir='ltr'>quod</span> <span class='ocrx_word' id='word_1_297' title='bbox 308 2793 467 2834; x_wconf 86' lang='lat' dir='ltr'>Raetos</span> <span class='ocrx_word' id='word_1_298' title='bbox 497 2790 763 2844; x_wconf 88' lang='lat' dir='ltr'>Noricosque</span> <span class='ocrx_word' id='word_1_299' title='bbox 793 2785 1010 2835; x_wconf 88' lang='lat' dir='ltr'>interfluit,</span> <span class='ocrx_word' id='word_1_300' title='bbox 1044 2798 1139 2826; x_wconf 90' lang='lat' dir='ltr'>esse</span> <span class='ocrx_word' id='word_1_301' title='bbox 1165 2783 1341 2833; x_wconf 86' lang='lat' dir='ltr'>missas,</span> <span class='ocrx_word' id='word_1_302' title='bbox 1370 2781 1571 2824; x_wconf 90' lang='lat' dir='ltr'>nimirum</span> <span class='ocrx_word' id='word_1_303' title='bbox 1598 2786 1647 2822; x_wconf 91' lang='lat' dir='ltr'>ut</span> <span class='ocrx_word' id='word_1_304' title='bbox 1674 2779 1708 2821; x_wconf 89' lang='lat' dir='ltr'>si</span> 
     </span>
     <span class='ocr_line' id='line_1_38' title="bbox 167 2854 1711 2921; baseline -0.008 -16"><span class='ocrx_word' id='word_1_305' title='bbox 167 2863 241 2921; x_wconf 89' lang='lat' dir='ltr'>qui</span> <span class='ocrx_word' id='word_1_306' title='bbox 269 2863 597 2907; x_wconf 84' lang='lat' dir='ltr'>Vitellianorum</span> <span class='ocrx_word' id='word_1_307' title='bbox 628 2861 811 2918; x_wconf 89' lang='lat' dir='ltr'>impetus</span> <span class='ocrx_word' id='word_1_308' title='bbox 838 2857 881 2898; x_wconf 90' lang='lat' dir='ltr'>in</span> <span class='ocrx_word' id='word_1_309' title='bbox 908 2855 1173 2913; x_wconf 89' lang='lat' dir='ltr'>provinciam</span> <span class='ocrx_word' id='word_1_310' title='bbox 1201 2854 1467 2910; x_wconf 87' lang='lat' dir='ltr'>Vespasiano</span> <span class='ocrx_word' id='word_1_311' title='bbox 1492 2859 1711 2909; x_wconf 87' lang='lat' dir='ltr'>parentem</span> 
     </span>
    </p>
   </div>
  </div>
 </body>
</html>
