1846 3100
0 1225 13 1271 -ῑν
0 1080 13 1209 υνυψιθΓ-τα
0 935 15 1064 κιδωιιμὸ
0 907 4 909 ·
8 855 15 890 U„
10 807 17 811 1
10 758 14 765 .

571 141 625 173 De
651 140 765 173 Gallia
789 141 1022 172 Romanorum
1051 137 1236 181 provincia.
1656 134 1683 177 9

139 255 325 300 Galliam
354 253 622 311 provinciam
651 251 721 295 vel
754 265 840 293 non
866 250 1002 293 fuisse
1031 249 1283 299 doceamus,
1323 254 1572 303 certumque
1606 247 1685 290 erit

137 327 246 370 illud
275 332 599 384 argumentum,
639 331 708 374 ut,
753 323 788 366 si
826 338 908 379 quo
937 323 1139 364 inferiore
1164 337 1275 364 anno
1304 335 1390 362 non
1418 321 1552 363 fuisse
1587 335 1685 376 pro-

139 400 323 443 vinciam
342 399 626 447 inveniamus,
645 411 698 438 ne
718 395 1011 451 superioribus
1027 394 1201 450 quidem
1220 394 1354 437 fuisse
1380 394 1685 436 existimemus.

141 470 256 515 Satis
284 472 410 514 etiam
439 472 521 513 hoc
543 470 623 512 erit
642 467 867 511 ostendere
898 482 990 510 eam
1016 467 1152 509 fuisse
1180 481 1277 509 cum
1303 467 1564 523 reliquarum
1595 474 1687 508 tum

140 543 430 587 consularium
470 541 787 600 provinciarum
825 539 1101 590 divisionem,
1148 548 1196 581 ut
1235 538 1401 582 Galliae
1441 539 1686 595 provinciae

138 617 258 659 nulla
296 615 525 673 peculiaris
563 612 873 656 administratio
917 627 1012 654 esse
1050 612 1117 654 vel
1158 612 1345 668 potuerit
1378 612 1447 655 vel
1477 612 1686 655 debuerit.

141 686 321 730 Constat
351 688 461 730 enim
491 694 594 729 ωηο
621 692 823 741 quattuor
852 685 986 726 fuisse
1016 684 1270 740 provincias,
1299 684 1533 741 Hispanias
1564 685 1686 735 duas,

141 760 345 810 Sicilia-m,
379 757 643 809 Sardiniam,
675 773 807 814 quae,
839 757 922 799 nisi
952 757 1069 812 quod
1099 756 1276 813 gravius
1304 756 1464 799 bellum
1497 757 1687 808 instaret,

139 832 408 888 praetoribus
423 831 613 874 mandari
634 829 838 879 solebant,
858 829 1056 871 consules
1072 830 1161 871 fere
1176 829 1219 870 in
1235 828 1358 870 Italia
1384 829 1688 872 subsistebant.

140 905 232 947 Iam
268 919 379 946 anno
418 904 495 947 166
530 903 606 945 uni
643 902 807 945 consuli
838 901 1047 952 Galliam,
1088 901 1209 943 alteri
1237 900 1425 957 Ligures
1461 903 1688 946 obvenisse

141 977 200 1020 ait
226 976 325 1019 Liv.
365 976 464 1032 epit.
498 975 678 1025 XLVI,
714 989 845 1030 quare
883 981 956 1015 aut
985 974 1172 1030 Ligures
1214 980 1315 1016 tunc
1350 989 1434 1016 non
1473 976 1608 1018 fuisse
1645 976 1688 1018 in

141 1049 359 1106 provincia
386 1047 549 1098 Gallia,
589 1054 684 1097 aut,
721 1047 767 1088 id
797 1047 915 1102 quod
943 1047 1163 1103 superiore
1201 1062 1309 1089 anno
1347 1048 1481 1090 fuisse
1513 1048 1689 1090 demon-

144 1121 395 1171 stravimus,
435 1127 476 1162 et
505 1119 692 1163 Galliam
721 1127 762 1162 et
790 1119 1016 1175 Liguriam
1048 1134 1145 1162 cum
1177 1119 1300 1162 Italia
1329 1120 1373 1161 in
1402 1135 1537 1162 unum
1567 1121 1689 1176 quasi

143 1207 299 1249 corpus
331 1192 600 1236 coniunctam
636 1193 886 1236 consulibus
926 1192 1121 1249 paruisse
1152 1199 1402 1234 statuemus.
1466 1192 1535 1234 De
1567 1193 1689 1235 annis

145 1264 223 1308 165
254 1272 296 1307 et
330 1264 406 1307 164
435 1265 541 1307 nihil
568 1281 746 1322 prorsus
773 1266 884 1307 tradi
910 1264 1097 1321 reperio,
1141 1271 1183 1305 at
1213 1279 1323 1307 anno
1360 1264 1436 1306 163
1464 1264 1530 1306 Ti.
1566 1263 1690 1307 Sem-

141 1337 320 1393 pronius
358 1352 444 1380 cos.
475 1336 680 1389 Galliam,
719 1338 882 1394 collega
918 1337 1011 1380 eius
1037 1337 1114 1379 M.’
1138 1337 1363 1379 Iuventius
1394 1336 1560 1379 Thalna
1589 1336 1690 1380 Sar-

144 1410 306 1453 diniam
341 1417 381 1452 et
419 1407 641 1452 Corsicam
674 1410 938 1466 provinciam
976 1410 1219 1453 habuerunt
1254 1409 1382 1464 (Liv.
1415 1424 1480 1466 ep.
1511 1410 1689 1459 XLVI3

143 1482 239 1525 Val.
268 1482 386 1525 Max.
409 1482 504 1532 IX,
550 1482 620 1533 12,
650 1483 727 1538 3),
771 1489 820 1524 ut
858 1499 991 1525 unum
1031 1499 1083 1525 ex
1123 1481 1390 1539 praetoribus
1429 1482 1555 1525 classi
1590 1491 1692 1526 tunc

142 1555 381 1611 praefuisse
417 1554 587 1597 credam
616 1553 770 1609 Pighio
800 1555 956 1597 Annal.
985 1556 1030 1598 II
1059 1571 1099 1611 p.
1127 1554 1221 1597 404.
1279 1554 1561 1611 Eandemque
1591 1571 1692 1612 pro-

142 1627 379 1670 vinciarum
397 1626 652 1669 divisionem
669 1626 839 1669 biennio
862 1627 1105 1683 insequenti
1126 1627 1262 1669 fuisse
1285 1642 1338 1668 ex
1353 1627 1497 1670 Valer.
1518 1628 1634 1670 MaX.
1655 1628 1691 1677 I,

148 1702 192 1750 1,
233 1700 257 1742 3
294 1706 336 1741 et
373 1699 472 1741 Liv.
516 1714 582 1754 ep.
613 1698 772 1741 XLVI
807 1699 1064 1756 colligimus.
1142 1699 1254 1740 Tum
1297 1714 1408 1741 anno
1443 1699 1521 1742 160
1557 1715 1691 1741 unum

145 1772 365 1814 consulem
382 1771 445 1813 M.
461 1768 703 1827 Cethegum
734 1778 900 1814 constat
928 1771 973 1813 in
985 1771 1109 1813 Italia
1124 1771 1259 1814 fuisse
1276 1771 1395 1828 (Liv.
1416 1786 1480 1827 ep.
1500 1771 1691 1826 XLVI),

148 1844 328 1886 alterum
358 1858 456 1885 eum
481 1842 720 1898 Liguribus
747 1858 965 1900 pugnasse
997 1843 1241 1899 suspicatur
1260 1843 1443 1900 Pighius
1457 1843 1483 1885 1.
1499 1844 1525 1886 l.
1541 1859 1582 1900 p.
1598 1844 1691 1894 412,

143 1916 330 1971 itemque
362 1930 471 1958 anno
501 1916 578 1957 159
607 1916 776 1971 utrique
803 1915 1009 1972 obtigisse
1030 1914 1215 1959 Galliam
1245 1924 1286 1958 et
1314 1915 1526 1971 Ligures3
1559 1915 1692 1970 siqui-

146 1988 243 2030 dem
273 1988 336 2029 M.
366 1987 511 2029 Fulvii
540 1987 771 2030 Nobilioris
803 1988 1046 2044 triumphus
1087 1989 1140 2031 de
1170 1988 1411 2044 Liguribus
1451 1995 1622 2030 notatur
1649 1987 1692 2028 in

145 2060 267 2102 fastis
303 2058 571 2116 Capitolinis.
650 2060 843 2102 Eaedem
887 2061 1111 2103 consulum
1151 2060 1398 2117 provinciae
1438 2060 1588 2102 dubito
1639 2075 1691 2102 an

146 2147 283 2186 usque
315 2132 369 2174 ad
399 2147 557 2174 annum
594 2132 671 2175 154
701 2133 880 2183 fuerint3
911 2149 1006 2175 nam
1035 2149 1131 2176 cum
1159 2134 1212 2175 de
1239 2133 1411 2176 biennio
1444 2133 1522 2176 158
1550 2139 1590 2175 et
1615 2133 1691 2176 157

146 2203 252 2246 nihil
278 2205 395 2260 quod
423 2211 588 2246 certum
615 2205 669 2247 sit
695 2205 900 2257 tradatur,
931 2221 1042 2248 anno
1076 2206 1149 2248 156
1178 2204 1227 2248 C.
1246 2205 1460 2248 Marcium
1486 2205 1694 2261 Figulum

148 2285 313 2320 constat
345 2293 442 2320 cum
469 2278 680 2320 Delmatis
708 2294 925 2335 pugnasse
952 2279 1070 2334 (Liv.
1092 2278 1190 2335 epit.
1212 2278 1425 2333 XLVII),
1452 2277 1552 2319 item
1584 2291 1693 2319 anno

150 2350 229 2392 155
260 2350 311 2392 Ρ.
343 2349 589 2407 Scipionem
616 2350 817 2393 Nasicam
843 2350 962 2405 (Liv.
991 2351 1019 2392 l.
1047 2351 1098 2400 l.,
1127 2351 1223 2392 fast.
1254 2349 1435 2406 Capit..).
1471 2349 1534 2391 M.
1562 2347 1694 2391 Clau-

148 2421 268 2464 dium
300 2422 554 2465 Marcellum
583 2438 682 2465 cum
713 2430 839 2480 gente
865 2423 1007 2478 aliqua
1036 2422 1272 2478 Ligurum3
1301 2437 1411 2465 anno
1441 2428 1583 2463 autem
1616 2421 1693 2463 154

150 2493 206 2546 Q.
239 2492 459 2551 Opimium
505 2510 602 2538 cum
640 2494 882 2551 Liguribus
917 2494 1210 2550 Transalpinis
1255 2494 1480 2536 dimicasse
1522 2500 1694 2535 narrant

131 2565 333 2608 ·Liv.l.l.
361 2573 402 2608 et
418 2565 818 2622 Polyb.XXX111,
845 2567 869 2608 5
890 2582 967 2623 sq.‚
998 2567 1203 2623 collegam
1231 2566 1323 2608 eius
1351 2565 1404 2606 L.
1423 2565 1693 2607 Postumium

148 2637 194 2679 in
225 2637 368 2680 Gallia
397 2645 615 2680 versatum
645 2653 740 2680 esse
771 2653 823 2681 ex
840 2637 1003 2694 Obseq.
1036 2654 1072 2681 ο.
1094 2639 1148 2682 76
1179 2638 1361 2681 coniecit
1390 2636 1517 2693 Pigh.
1542 2652 1584 2692 p.
1599 2636 1692 2679 429.

150 2708 357 2765 Sequitur
398 2708 559 2751 bellum
607 2708 914 2753 Celtibericum
962 2725 1040 2767 per
1084 2726 1217 2753 annos
1265 2709 1417 2766 viginti
1470 2709 1694 2751 continuos

151 2788 346 2837 gestum,
375 2781 492 2837 quod
522 2788 741 2838 tantopere
767 2783 1059 2825 Romanorum
1090 2798 1207 2825 arma
1237 2780 1482 2836 occupavit,
1515 2788 1564 2822 ut
1591 2781 1697 2823 alter

151 2854 377 2896 consulum
405 2869 455 2896 eo
485 2854 593 2895 mitti
626 2855 793 2899 soleret.
858 2854 1030 2897 Etenim
1059 2869 1169 2896 anno
1200 2854 1277 2896 153
1314 2852 1370 2906 Q.
1395 2853 1578 2895 Fulvius
1608 2868 1695 2896 eos.
