1846 3100
534 150 590 182 De
616 149 751 191 legibus
776 147 1036 190 municipalibus
1062 145 1269 188 Hispanicis.
1590 140 1671 184 297

127 262 292 305 Paulus
320 261 365 303 in
397 261 500 316 Dig.
531 259 585 309 L,
605 258 630 301 ‘2
662 257 736 314 (de
765 256 932 311 decur.)
957 256 981 299 7
1012 254 1073 310 §2
1099 254 1319 310 praecipit,
1351 268 1464 304 eum,
1493 252 1567 308 qui
1587 267 1674 294 non

128 335 184 378 sit
218 333 408 381 decurio.
448 331 726 374 duumviratu
757 329 825 371 vel
861 328 954 370 aliis
993 326 1226 369 honoribus
1259 326 1383 382 fungi
1414 341 1500 368 non
1531 340 1672 382 posse,

126 407 227 463 quia
262 406 543 449 decurionum
579 401 812 445 honoribus
847 400 1003 456 plebeii
1041 399 1169 461 fungi
1195 398 1515 455 prohibeantur,
1556 397 1673 454 quod

126 480 194 522 vel
223 479 279 522 ad
305 476 661 521 consuetudinem
687 482 863 523 tantum,
890 488 975 515 non
1006 473 1062 515 ad
1088 472 1383 514 necessitatem
1409 471 1478 513 vel
1508 470 1563 512 ad
1592 469 1680 512 alia*

75 582 77 585 v
126 559 316 608 tempora
346 550 556 607 pertinere
585 547 812 590 docuimus
851 546 893 587 in
930 551 1154 588 comment.
1179 544 1201 586 I
1232 560 1271 600 p.
1304 544 1395 594 135,
1422 543 1673 600 plerumque

125 631 265 666 tamen
293 623 353 666 ita
377 623 538 665 factum
568 628 645 670 est,
680 626 728 661 ut
756 619 1030 675 magistratus
1065 632 1116 659 ex
1146 616 1450 659 decurionibus
1478 631 1673 659 crearen-

125 703 216 738 tur:
252 710 398 752 quare,
427 709 526 737 cum
554 692 858 735 decurionatus
891 690 1103 733 civitatem
1132 690 1368 732 Romanam
1396 703 1479 731 non
1505 688 1675 730 afferret

125 770 241 825 (nam
276 783 329 810 ne
368 781 467 809 eum
497 765 670 821 quidem
708 763 783 820 qui
814 764 1055 819 praefectus
1085 763 1239 805 fuisset
1266 777 1344 818 pro
1379 761 1518 804 IIviro
1547 768 1674 815 atque

126 840 332 883 vicariurn
362 839 485 895 quasi
523 838 819 894 magistratum
851 835 1204 885 administrasset,
1237 834 1422 876 civitatis
1456 834 1673 875 Romanae

124 912 313 970 praemio
347 911 547 954 affectum
588 924 682 952 esse
718 908 951 963 videmus),
993 906 1262 963 sequebatur,
1304 913 1352 948 ut
1389 913 1532 948 essent
1565 905 1676 947 inter

125 985 394 1035 decuriones,
434 983 507 1039 qui
549 982 704 1025 Latino
742 989 907 1023 tantum
949 981 1042 1023 iure
1082 986 1316 1022 uterentur.
1374 979 1414 1022 Ii
1450 979 1562 1021 inter
1601 993 1673 1021 eos

125 1063 257 1106 erant,
293 1056 367 1111 qui
406 1056 450 1098 in
494 1055 590 1098 albo
628 1053 850 1098 Canusino
891 1055 1048 1107 pedani
1081 1053 1171 1095 sive
1205 1054 1373 1106 pedarii
1400 1052 1679 1100 nominantur,

122 1126 371 1185 (Comment
401 1129 423 1171 Ι
446 1143 487 1184 p.
510 1128 620 1180 131),
652 1128 726 1183 qui
758 1128 793 1169 si
822 1128 1005 1169 honores
1023 1125 1241 1182 gerebant,
1260 1132 1352 1167 tum
1375 1124 1547 1166 demum
1570 1122 1674 1165 civi-

125 1207 254 1243 tatem
277 1200 513 1242 Romanam
540 1199 924 1255 consequebantur.

241 1271 522 1315 Absolvimus
568 1273 752 1328 priorem
801 1280 963 1327 partem
1010 1267 1313 1327 disputationis
1356 1276 1547 1318 nostrae,
1591 1283 1676 1324 qua

127 1344 236 1387 duas
255 1360 324 1388 res
351 1344 754 1394 demonstravimus,
774 1345 959 1399 primum
978 1342 1245 1399 imperatoris
1267 1341 1504 1384 Domitiani
1524 1348 1675 1391 aetate,

126 1431 212 1471 qua
239 1416 319 1458 hae
350 1417 520 1459 tabulae
551 1417 812 1472 Hispanicae
846 1415 1027 1471 scriptae
1057 1422 1169 1465 sunt,
1201 1431 1225 1456 a
1256 1414 1505 1456 certissimis
1528 1421 1674 1457 aucto-

126 1488 245 1531 ribus
284 1489 496 1531 civitatem
524 1489 760 1531 Romanam
797 1488 928 1530 tribui
959 1487 1218 1543 municipiis,
1258 1486 1413 1529 deinde
1444 1487 1549 1528 nihil
1581 1502 1676 1529 esse

124 1562 169 1603 in
198 1561 265 1604 his
295 1561 480 1617 legibus,
509 1561 626 1617 quod
654 1561 866 1603 Malacam
899 1567 940 1601 et
967 1558 1219 1615 Salpensam
1249 1557 1479 1601 Latinitate
1511 1565 1686 1601 tantum⁴

125 1649 226 1676 usas
265 1648 359 1675 esse
393 1633 589 1676 ostendat
619 1633 854 1687 rationique
879 1631 1205 1687 municipiorum
1233 1631 1287 1673 ab
1304 1631 1479 1687 reliquis
1498 1630 1677 1673 traditae

125 1706 391 1748 adversetur.
453 1705 582 1747 Unde
620 1705 713 1747 iure
752 1704 1027 1760 colligemus,
1071 1703 1282 1746 Malacam
1323 1711 1365 1746 et
1408 1701 1674 1759 Salpensam,

128 1778 286 1835 quippe
314 1793 423 1833 quae
448 1777 680 1833 municipia
700 1777 978 1832 appellentur,
998 1774 1167 1817 civitate
1184 1775 1378 1818 Romana
1398 1775 1533 1817 fuisse
1553 1789 1674 1831 prae-

126 1850 237 1893 ditas
269 1865 349 1892 nec
378 1850 479 1892 satis
513 1857 626 1892 recte
655 1849 809 1898 facere,
839 1848 913 1903 qui
940 1855 980 1890 et
1007 1848 1112 1890 haec
1143 1848 1374 1904 municipia
1402 1848 1546 1890 Latini
1568 1847 1675 1890 iuris

125 1924 261 1966 fuisse
294 1930 481 1966 statuant
512 1931 554 1965 et
583 1922 626 1964 in
658 1920 949 1976 antiquitatem
978 1921 1212 1962 Romanam
1243 1920 1326 1962 hoc
1360 1935 1518 1962 novum
1548 1927 1675 1976 atque

124 1996 366 2039 inauditum
393 1996 590 2045 inferant,
634 2001 682 2035 ut
710 1993 1014 2049 imperatorum
1046 1999 1181 2035 aetate
1221 1992 1308 2034 duo
1345 1992 1675 2049 municipiorum

126 2083 286 2124 genera
319 2069 412 2111 iure
441 2069 552 2110 inter
591 2082 636 2109 se
668 2066 841 2108 diversa
870 2065 1005 2106 fuisse
1036 2065 1291 2107 existiment..
1343 2065 1558 2107 Effectum
1591 2065 1674 2122 igi-

126 2148 197 2182 tur
235 2147 312 2190 est,
350 2140 467 2196 quod
504 2139 627 2181 nobis
667 2152 1042 2194 proposueramUS,
1082 2137 1334 2193 sublatoque
1369 2152 1481 2179 novo
1517 2152 1673 2187 errore,

126 2213 201 2269 qui
230 2228 283 2255 ne
315 2228 492 2269 magnas
529 2211 677 2254 turbas
714 2209 917 2251 excitaret
949 2208 1215 2258 verebamur,
1247 2216 1372 2251 vetus
1403 2209 1674 2252 doctissimo-

126 2300 221 2326 rum
246 2284 437 2327 virorum
470 2284 524 2326 de
555 2281 799 2338 municipiis
832 2282 1009 2324 defensa
1040 2281 1259 2323 sententia.
1304 2279 1513 2337 Superest
1542 2282 1674 2324 altera

126 2372 238 2412 pars,
274 2371 382 2412 quae
423 2356 465 2398 in
506 2355 748 2398 subsidium
782 2355 906 2410 quasi
947 2353 1180 2410 superioris
1218 2361 1501 2409 comparatur,
1543 2360 1591 2395 ut
1620 2354 1674 2396 de

126 2429 363 2486 Hispaniae
408 2435 449 2471 et
482 2428 676 2470 Malacae
716 2425 1035 2483 Salpensaeque
1074 2426 1166 2467 iure
1205 2441 1475 2481 quaeramus,
1515 2441 1600 2481 qua
1637 2426 1674 2468 si

125 2501 226 2543 item
251 2501 541 2543 invenerimus
571 2500 676 2542 nihil
705 2499 816 2542 effici
850 2499 931 2541 nisi
956 2498 1071 2554 quod
1100 2497 1200 2539 olim
1227 2497 1281 2539 de
1311 2497 1554 2554 municipiis
1586 2505 1670 2540 tra-

127 2573 265 2615 ditum
295 2573 362 2623 sit,
392 2588 612 2629 speramus
642 2573 746 2622 fore,
775 2580 823 2614 ut
854 2580 895 2614 et
925 2570 1136 2612 maximus
1167 2569 1429 2624 antiquitatis
1454 2569 1670 2612 Romanae

126 2644 247 2687 locus
284 2652 398 2688 certe
427 2645 709 2687 constituatur
738 2653 779 2685 ct
809 2643 1075 2685 nobilissima
1110 2649 1384 2684 monumenta
1421 2643 1473 2685 ab
1501 2642 1671 2685 temeri-

127 2723 212 2759 tate
237 2731 446 2759 novarum
476 2717 723 2773 opinionum
746 2716 1065 2772 prohibeantur.

239 2788 570 2832 Proficiscemur
595 2798 737 2831 autem
766 2787 819 2830 ab
849 2788 959 2830 aeris
985 2786 1239 2843 Salpensani
1261 2800 1350 2842 cap.
1370 2786 1530 2837 XXII,
1549 2786 1672 2829 cuius

130 2859 262 2903 verba
294 2868 394 2903 sunt
424 2862 552 2905 haec:
588 2863 672 2909 Qua·
700 2876 879 2916 quaeque
909 2875 958 2901 ex
990 2861 1112 2912 Mac)
1141 2860 1272 2912 Mage)
1301 2873 1398 2900 exve
1426 2861 1554 2900 edicto
1579 2862 1675 2913 imp.
