1846 3100
159 149 214 192 98
603 152 657 184 De
681 150 795 183 Gallia
819 150 1052 182 Romanorum
1085 150 1271 192 provincia.

166 262 301 302 Rheni
335 260 395 303 ita
421 259 620 302 videmus
651 258 902 308 convenire,
943 264 992 298 ut
1018 257 1124 299 nihil
1154 258 1368 301 adiectum
1404 259 1458 301 sit
1487 258 1570 301 nisi
1599 273 1709 314 quae

161 339 352 374 extrema
381 339 482 374 sunt
509 332 562 373 ‹le
589 331 739 373 Rheno
766 337 893 385 atque
924 329 1132 385 Alpibus,
1161 345 1270 386 quae
1296 330 1480 380 Strabo,
1511 330 1584 386 qui
1614 344 1710 386 par·

161 412 246 446 tem
275 405 403 446 modo
426 404 603 460 Alpium
633 403 793 445 finibus
813 401 1037 444 Gallorum
1068 403 1272 462 contineri
1293 403 1486 452 dixisset,
1511 416 1711 444 necessa·

161 478 225 520 rio
263 476 445 520 addidit.
506 474 624 519 Nihil
654 477 696 517 in
732 475 799 517 his
831 481 915 524 est,
955 474 1071 529 quod
1101 473 1322 517 Strabonis
1352 475 1396 516 in
1430 472 1615 516 Caesare
1644 473 1712 515 in-

162 549 394 605 telligendo
420 556 494 590 aut
519 548 774 604 imperitiam
802 554 876 589 aut
901 546 1180 589 temeritatem
1207 546 1417 596 ostendat,
1446 546 1566 596 nihil,
1595 544 1712 600 quod

162 621 215 664 ab
269 635 343 671 eo,
398 621 471 675 qui
514 635 599 662 non
639 627 809 662 nostrae
854 619 1003 662 aetatis
1049 618 1393 675 geographorum
1437 618 1712 660 subtilitatem

161 693 372 748 requirat,
420 692 514 734 iure
554 692 834 748 vituperetur.
906 691 1199 733 Veruntamen
1238 690 1431 746 Augusti
1472 690 1517 731 in
1558 688 1712 732 Galliis

162 765 357 807 instituta
388 764 449 806 sic
478 763 592 806 idem
623 763 777 806 Strabo
805 763 955 805 refert:
984 761 1035 805 ‘O
1057 764 1101 804 δὲ
1120 763 1326 819 Σεβαστὸς
1352 761 1513 818 Καῖσαρ
1537 764 1710 817 τετραχῆ

163 839 308 879 διελὼν
348 837 442 881 τοὺς
485 837 556 891 μὲν
598 835 757 881 Κέλτας
799 839 870 890 τῆς
911 835 1212 892 Ναρβωνίτιδος
1253 834 1452 890 ἐπαρχίας
1491 834 1714 889 ἀπέφηνεν,

157 910 421 954 Ἀκυϊτανοὺς
452 909 488 950 δ’
518 909 664 964 οὕςπερ
690 909 874 953 κάκεῖνος
900 910 941 961 (ὁ
966 907 1161 963 Καῖσαρ),
1189 906 1416 961 προςέῦηκε
1442 906 1487 947 δὲ
1507 919 1713 960 τεσσαρες·

164 982 333 1023 καίὸεκα
366 982 464 1036 ἔθνη
494 985 572 1022 τῶν
604 981 750 1036 μεταξὺ
783 985 855 1022 τοῦ
885 979 1074 1036 Γαρούνα
1106 980 1172 1020 καὶ
1202 982 1273 1019 τοῦ
1303 978 1500 1032 Λείγηρος
1527 980 1712 1031 ποταμοῦ

164 1053 422 1109 νεμομένων,
463 1054 533 1108 τὴν
564 1054 608 1094 δὲ
635 1054 779 1107 λοιπὴν
812 1054 957 1094 διελὼν
987 1053 1083 1107 δίχα
1113 1053 1183 1107 τὴν
1218 1051 1289 1106 μὲν
1322 1049 1569 1104 Λουγὸοόνῳ
1599 1062 1714 1103 προς-

165 1127 288 1181 ώρισε
332 1124 451 1180 μέχρι
486 1128 565 1166 τῶν
608 1125 692 1166 ἄνω
730 1128 863 1180 μερῶν
900 1128 971 1166 τοῦ
1003 1121 1178 1178 Ῥήνου,
1216 1124 1286 1177 τὴν
1331 1123 1376 1164 δὲ
1410 1125 1494 1167 τοῖς
1526 1108 1713 1174 Βέλγαιέ.

164 1197 315 1253 Neque
346 1212 455 1252 quae
486 1196 580 1239 libr.
608 1197 686 1247 IV,
719 1198 766 1248 3,
802 1199 817 1239 1
869 1197 922 1239 de
952 1195 1264 1251 Lugdunensis
1301 1202 1343 1236 et
1378 1194 1579 1250 Belgicae
1615 1206 1714 1248 pro-

166 1269 328 1311 vinciae
356 1269 515 1311 finibus
543 1269 692 1318 habet,
724 1269 858 1311 multo
886 1268 1150 1311 accuratiora
1182 1273 1302 1316 sunt,
1333 1273 1476 1322 partes
1503 1265 1644 1307 Rheni
1674 1272 1715 1306 et

165 1342 363 1396 Rhodani
406 1341 645 1397 superiores
682 1356 821 1396 usque
858 1341 913 1383 ad
951 1341 1116 1383 medios
1153 1340 1242 1382 fere
1272 1338 1510 1381 Galliarum
1542 1352 1715 1394 campos

167 1415 456 1470 Lugdunensi
474 1445 485 1464 ‚
536 1414 699 1468 reliqua
742 1414 1037 1469 imprimisque
1081 1427 1190 1468 quae
1237 1409 1412 1453 Oceano
1458 1410 1714 1463 adiacerent,

166 1487 367 1542 Belgicae
402 1485 630 1528 accenseri.
697 1486 818 1527 Haec
857 1501 1028 1541 quoque
1064 1491 1234 1526 nostrae
1273 1482 1573 1525 consuetudini
1617 1488 1716 1524 sunt

166 1559 414 1607 dissimilia,
455 1558 532 1599 sed
571 1565 814 1614 congruunt
852 1572 949 1599 cum
989 1555 1212 1598 Strabonis
1249 1555 1468 1605 instituto,
1510 1554 1584 1610 qui
1618 1568 1715 1596 cum

167 1631 465 1687 geographum
507 1630 716 1672 dedecere
760 1630 896 1680 dicat,
945 1629 1259 1685 provinciarum
1301 1626 1561 1677 divisiones,
1607 1640 1716 1682 quae

166 1719 336 1759 quoque
368 1710 559 1759 tempore
589 1717 611 1744 e
643 1702 864 1758 republica
893 1701 1010 1743 visae
1039 1700 1144 1750 sint,
1183 1700 1340 1742 referre
1371 1698 1486 1754 (libr.
1509 1698 1588 1748 IV,
1623 1700 1659 1748 1,
1696 1700 1707 1739 1

167 1776 316 1828 extu),
359 1775 485 1817 etiam
512 1774 822 1830 Lugdunensis
863 1782 905 1815 et
938 1773 1163 1829 Belgicae,
1207 1787 1390 1828 quarum
1425 1771 1532 1813 fines
1564 1770 1717 1813 leviter

169 1846 511 1897 adumbraverat,
538 1847 719 1903 populos
749 1846 928 1888 confuso
956 1859 1000 1887 se
1025 1844 1340 1900 provinciarum
1368 1843 1516 1885 ordine
1541 1857 1716 1885 enume-

169 1927 363 1961 raturum
392 1934 487 1961 esse
517 1918 767 1975 profiteatur
797 1916 912 1971 (libr.
931 1916 1009 1966 IV,
1038 1917 1076 1966 3,
1111 1918 1165 1972 1).
1225 1915 1311 1958 Sed
1345 1915 1589 1970 quicunque
1616 1929 1716 1971 pro—

170 1990 407 2032 vinciarum
436 1991 543 2032 fines
572 1992 760 2039 fuerunt,
788 1990 842 2031 de
872 2004 957 2044 qua
986 2004 1031 2030 re
1058 1989 1185 2044 paulo
1205 1995 1304 2044 post
1322 2003 1459 2043 pauca
1478 1987 1716 2043 disputabi-

169 2077 279 2112 mus,
308 2078 435 2117 quam
463 2062 788 2117 quadruplicem
814 2059 969 2102 Strabo
991 2061 1044 2102 ab
1067 2061 1269 2117 Augusto
1291 2061 1528 2102 institutam
1548 2059 1715 2102 Galliae

169 2134 426 2176 divisionem
469 2142 792 2183 commemorat,
843 2148 935 2175 eam
978 2132 1198 2174 confirmat
1240 2131 1356 2174 haud
1396 2131 1527 2174 dubie
1572 2131 1716 2174 Amm.

169 2205 362 2248 Marcell.
379 2205 484 2255 XV,
511 2208 572 2255 11,
595 2206 640 2248 ὃς
677 2206 940 2258 Regebantur
970 2211 1106 2245 autem
1139 2206 1308 2245 Galliae
1332 2218 1480 2252 omnes,
1510 2208 1595 2245 iam
1621 2206 1718 2245 inde

169 2281 237 2318 uti
264 2278 481 2318 crebritate
508 2279 702 2319 bellorum
733 2279 904 2330 urgenti
919 2292 1066 2317 cessere
1083 2278 1187 2316 lulio
1216 2278 1424 2326 dictatori,
1449 2282 1649 2329 potestate
1671 2278 1718 2316 in

163 2356 306 2402 partes
343 2351 474 2390 divisa
517 2355 735 2403 quattuor,
786 2364 962 2402 quarum
1007 2348 1279 2399 Narbonensis
1322 2363 1408 2387 una
1456 2350 1715 2388 Viennensem

170 2425 284 2462 intra
324 2437 364 2462 se
397 2413 629 2462 continebat
658 2429 699 2462 et
728 2423 1065 2474 Lugdunensem,
1107 2422 1240 2460 altera
1273 2421 1492 2472 Aquitanis
1524 2426 1718 2472 praeerat

170 2496 391 2542 universis,
431 2496 677 2546 superiorem
707 2500 745 2534 et
769 2495 1018 2546 >inferiorem
1050 2493 1319 2532 Germaniam
1350 2493 1576 2544 Belgasque
1614 2492 1719 2532 duae

171 2568 471 2606 iurisdictiones
498 2567 638 2606 iisdem
665 2580 805 2605 rexere
830 2564 1083 2618 temporibus.
1131 2562 1305 2616 Quibus
1326 2561 1467 2604 verbis
1488 2576 1572 2617 quo
1594 2568 1716 2617 pacto

171 2637 347 2693 quidam
374 2636 498 2679 abusi
528 2636 633 2686 sint,
668 2643 716 2677 ut
743 2636 925 2685 civilem,
953 2651 1080 2691 quam
1111 2635 1392 2690 appellarunt,
1424 2642 1465 2677 et
1492 2633 1717 2676 militarem

170 2709 510 2752 iurisdictionem
538 2708 582 2749 in
615 2707 755 2750 Gallia
785 2707 1118 2763 distinguerent,
1155 2721 1286 2762 supra
1313 2706 1612 2762 exposuimus,
1643 2705 1718 2760 qui

171 2788 285 2822 recte
315 2787 471 2830 utetur,
502 2795 587 2821 non
619 2779 845 2828 dubitabit,
877 2779 980 2834 quin
1007 2778 1150 2821 Gallia
1178 2779 1222 2819 in
1245 2785 1446 2833 quattuor
1474 2777 1716 2832 provincias

173 2852 314 2894 divisa
334 2853 470 2894 fuisse
494 2853 676 2901 dicatur,
700 2867 809 2906 quae
832 2852 1026 2909 singulae
1048 2851 1242 2906 singulos
1264 2850 1468 2891 haberent
1486 2849 1716 2905 praesides.
