1846 3100
545 153 600 185 De
625 153 801 185 dictatoris
830 151 988 184 Caesaris
1018 151 1219 183 honoribus.
1570 150 1651 194 257

113 264 254 308 bunos
281 270 540 321 provocatur
566 263 680 319 iique
709 276 762 303 ex
793 259 962 316 collegii
995 261 1205 304 sententia
1238 262 1532 318 pronuntiant:
1572 278 1658 318 qua

109 336 163 378 de
192 351 238 378 re
265 336 325 378 ita
355 341 534 385 constat,
563 342 611 377 ut
643 348 768 376 nemo
801 332 981 375 dubitet.
1039 332 1186 387 Quare
1215 334 1447 391 Augustus
1478 334 1657 378 simulac

110 414 297 451 veterem
323 407 596 451 tribuniciam
623 411 872 464 potestatem
906 405 1080 462 accepit,
1111 412 1276 462 poterat
1298 413 1340 448 et
1359 406 1476 449 solus
1497 421 1656 450 moram

108 480 263 531 facere,
301 481 337 523 si
373 480 442 523 cui
477 495 602 537 opem
630 480 741 522 ferre
775 477 844 520 vel
875 477 1139 520 intercedere
1175 478 1317 529 vellet,
1353 486 1517 536 poterat
1554 480 1656 522 item

111 566 208 594 cum
241 551 419 608 collegis
448 553 502 595 de
520 549 877 608 appellationibus
904 564 1186 606 cognoscere3
1217 566 1296 593 nec
1325 550 1558 594 obscurum
1578 562 1656 602 est,

111 633 272 679 quanta
302 624 395 667 eius
425 625 469 666 in
498 623 772 680 impediendo
797 629 839 664 et
868 621 1100 664 iudicando
1129 623 1359 666 auctoritas
1381 638 1476 666 esse
1493 624 1657 667 debue-

109 696 176 738 rit.
234 697 327 739 Iam
366 704 508 740 autem
543 697 625 740 hoc
665 695 887 752 agebatur,
929 701 978 735 ut
1007 710 1138 751 supra
1171 696 1434 753 collegarum
1470 697 1657 752 aequali-

113 775 242 812 tatem
274 775 449 811 evectus
486 769 584 826 plus
614 783 728 811 unus
764 767 937 816 valeret,
967 782 1094 822 quam
1125 768 1300 824 reliqui:
1341 769 1489 811 datum
1523 769 1659 825 igitur

113 841 168 884 sit
196 855 373 884 necesse
405 848 483 891 est,
511 842 696 898 primum
723 847 784 890 ut,
807 840 843 882 si
868 839 937 881 cui
961 840 1119 882 auxilio
1141 848 1252 884 esset
1271 842 1340 884 vel
1357 842 1392 884 si
1411 841 1481 884 cui
1502 841 1658 884 actioni

110 913 407 964 intercederet,
446 929 495 956 ea
523 913 671 969 utique
713 913 874 955 valeret
901 912 1150 956 intercessio
1184 930 1292 957 neve
1331 913 1401 956 cui
1440 913 1588 956 liceret
1619 913 1658 955 ei

110 986 184 1042 qui
216 994 364 1028 contra
392 986 552 1043 egisset
579 985 736 1027 auxilio
767 1000 875 1035 esse,
903 991 994 1027 tum
1011 993 1059 1027 ut
1085 986 1137 1028 de
1162 985 1518 1042 appellationibus
1541 985 1657 1041 quod

109 1073 223 1101 unus
257 1065 498 1114 cognosset,
528 1058 574 1099 id
603 1058 701 1114 plus
733 1058 892 1100 valeret
921 1072 1049 1112 quam
1079 1058 1196 1113 quod
1231 1058 1500 1100 tribunorum
1528 1058 1657 1101 colle-

113 1131 232 1188 gium
263 1131 593 1188 pronuntiasset.
640 1129 754 1173 Vere
783 1129 918 1185 igitur
946 1129 982 1171 si
1012 1129 1154 1172 dicere
1177 1131 1385 1181 volemus,
1417 1131 1656 1173 nonrunius

111 1203 272 1246 tribuni
305 1201 443 1259 plebis
470 1209 735 1259 potestatem,
769 1202 846 1244 sed
878 1202 1008 1244 totius
1039 1202 1209 1259 collegii
1246 1204 1447 1260 Augusto
1474 1203 1659 1246 delatam

113 1291 207 1319 esse
242 1275 536 1331 intelligimus,
565 1274 642 1317 sed
670 1274 728 1316 ita
758 1281 806 1316 ut
831 1273 972 1330 ipsum
1001 1274 1232 1331 collegium
1263 1275 1441 1331 eiusque
1471 1283 1657 1332 potestas

114 1363 199 1391 11011
219 1348 452 1390 tolleretur.
492 1346 665 1389 Etenim
691 1347 817 1388 etiam
845 1354 996 1402 postea
1026 1347 1221 1391 tribunos
1253 1356 1295 1391 et
1319 1349 1527 1391 auxilium
1546 1349 1658 1391 ferre

113 1428 154 1463 61
186 1419 449 1462 intercedere
488 1426 529 1461 61
560 1418 758 1474 denique,
795 1419 911 1474 quod
947 1433 1044 1460 011111
1081 1434 1130 1462 60
1166 1421 1438 1464 0011111110111111
1484 1428 1561 1471 est,
1604 1421 1658 1462 de

112 1491 466 1550 appellationibus
511 1491 703 1534 iudicare
740 1490 962 1541 audimus,
1004 1492 1079 1534 sed
1121 1492 1362 1535 necessario
1407 1493 1577 1544 accidit,
1623 1493 1659 1536 si

112 1564 216 1620 quid
253 1565 481 1621 imperator
518 1564 587 1607 vel
615 1564 934 1620 pronuntiasset
965 1565 1033 1607 vel
1073 1565 1108 1607 si
1139 1566 1209 1608 0111
1238 1565 1300 1608 161
1328 1565 1657 1616 intercessisset,

111 1636 156 1679 id
183 1637 342 1698 utique⁴
362 1644 409 1678 ut
435 1645 574 1678 ratum
603 1644 730 1686 esset,
764 1637 800 1678 si
831 1637 937 1692 quid
969 1637 1096 1679 simili
1123 1638 1167 1679 in
1202 1653 1332 1680 causa
1356 1637 1516 1680 tribuni
1543 1638 1659 1695 egis-

113 1715 221 1759 sent,
251 1709 498 1766 provocatio
531 1709 585 1751 ad
616 1709 916 1765 imperatorem
943 1709 1076 1751 fieret.
1137 1709 1253 1752 Hinc
1282 1717 1428 1752 natum
1457 1717 1522 1752 est
1549 1710 1659 1752 illud

112 1782 380 1838 imperatoris
402 1782 485 1831 ius,
507 1781 624 1837 quod
643 1781 874 1822 maximum
893 1780 988 1831 fuit,
1008 1788 1054 1823 ut
1074 1797 1317 1838 supremam
1334 1797 1447 1825 unus
1468 1783 1659 1825 omnium

115 1862 158 1896 et
208 1855 354 1911 legum
403 1861 445 1896 et
501 1853 761 1896 iudiciorum
810 1860 1060 1909 potestatem
1112 1853 1288 1896 haberet
1343 1855 1659 1898 condemnatis-

114 1941 197 1982 que
244 1926 297 1969 ab
336 1926 431 1968 aliis
474 1925 693 1968 iudicibus
738 1940 916 1982 poenam
963 1926 1176 1968 remittere
1218 1934 1384 1983 posset3
1426 1943 1524 1969 nam
1560 1928 1661 1983 quia

115 2006 253 2041 totum
287 1998 356 2041 ius
387 2013 440 2040 ex
470 1999 766 2055 appellationis
796 1998 959 2040 ratione
987 2006 1125 2040 ortum
1157 2006 1234 2048 est,
1263 2007 1312 2040 ut
1334 2014 1471 2056 poena
1497 2000 1550 2042 ab
1579 2000 1660 2042 im-

117 2077 311 2126 peratore
356 2071 642 2121 minueretur,
689 2085 774 2112 non
820 2070 1132 2120 intenderetur,
1183 2070 1422 2114 obtinuisse
1465 2072 1660 2115 arbitror.

119 2141 253 2195 Quod
282 2141 351 2184 ius
387 2142 440 2185 ab
468 2143 674 2199 Augusto
709 2151 811 2185 tunc
841 2158 891 2184 ea
919 2159 1047 2199 quam
1077 2143 1263 2186 diximus
1302 2144 1397 2199 lege
1436 2151 1576 2186 ortum
1605 2145 1661 2187 ad

116 2228 263 2256 omnes
302 2214 505 2271 deinceps
540 2215 818 2273 imperatores
855 2222 896 2257 et
932 2217 988 2259 ad
1017 2223 1260 2259 nostrarum
1291 2216 1512 2258 civitatum
1542 2216 1660 2273 prin-

116 2286 232 2343 cipes
263 2287 442 2329 transiit.
493 2288 619 2330 Hane
649 2294 790 2330 autem
819 2288 911 2330 eius
946 2288 1053 2331 iuris
1081 2288 1299 2331 tribunicii
1333 2288 1450 2343 quod
1478 2288 1661 2345 impera-

116 2365 229 2400 tores
266 2358 494 2409 habebant,
532 2360 740 2402 rationem
779 2375 874 2402 esse
901 2360 996 2418 ipsa
1026 2360 1212 2417 diligens
1242 2360 1472 2403 verborum
1503 2360 1660 2404 Dionis

114 2430 406 2488 interpretatio
442 2433 592 2484 docet3
636 2449 734 2476 nam
764 2433 881 2489 quod
919 2434 1067 2476 datum
1097 2448 1192 2476 esse
1225 2433 1283 2474 ait
1320 2436 1403 2477 τοῖς
1435 2433 1660 2488 ἐπιβοωμέ-

116 2517 199 2548 νοις
227 2504 406 2558 ἀμύνειν,
441 2520 600 2548 moram
628 2507 767 2549 facere
797 2512 993 2563 poterant
1021 2505 1181 2561 singuli
1209 2504 1370 2548 tribuni
1397 2504 1548 2561 plebis,
1579 2504 1661 2546 eri-

115 2590 215 2632 pere
248 2591 301 2618 ex
331 2591 466 2632 poena
494 2592 580 2621 non
612 2585 817 2634 poterant,
857 2577 961 2620 item
991 2577 1107 2633 quod
1145 2583 1210 2619 est
1249 2575 1440 2631 ἔκκλητον
1471 2577 1660 2627 δικάζειν,

117 2648 298 2704 collegio
336 2655 501 2692 tantum
533 2663 786 2692 eoncessum
824 2658 926 2692 erat.
983 2650 1072 2692 Sed
1110 2648 1247 2704 magis
1289 2647 1517 2704 perspicua
1547 2654 1662 2698 sunt,

116 2734 225 2775 quae
253 2719 339 2763 Dio
367 2720 490 2771 LIII,
525 2709 570 2765 1'7
605 2721 659 2765 de
688 2728 897 2779 potestate
931 2721 1161 2764 tribunicia
1190 2719 1338 2776 haben
1378 2719 1520 2760 δίδωσι
1551 2719 1662 2774 σφίσι

117 2792 164 2848 (i.
197 2807 232 2834 e.
269 2792 619 2850 imperatoribus)
659 2794 707 2835 τὰ
744 2794 1027 2849 ἐπιγιγνόμενα
1071 2794 1139 2849 ὑφ’
1182 2792 1322 2848 ἑτέρου
1360 2792 1478 2842 τινὸς,
1518 2791 1564 2833 ἂν
1606 2791 1660 2847 μὴ

120 2868 403 2916 συνεπαινῶσι,
440 2865 607 2917 παύειν;
635 2865 782 2908 1011616
821 2865 955 2922 igitur
982 2871 1122 2922 potest
1150 2864 1380 2920 imperator
1412 2862 1504 2919 ipse
1540 2863 1661 2920 quic-

1342 2935 1390 2978 17
