1846 3100
571 139 626 171 De
648 137 760 171 Gallia
782 138 1015 170 Romanorum
1044 135 1228 178 provincia.
1598 132 1675 175 153

128 249 231 293 Tac.
264 249 378 292 Hist.
402 250 446 300 Ι,
486 250 573 306 49).
640 249 846 305 Sequitur
881 263 979 290 eum
1015 246 1070 301 Ω.
1103 245 1282 290 Curtius
1314 246 1482 297 Rufus,
1525 246 1677 289 consul

127 323 278 365 incerti
308 323 421 373 anni,
452 324 527 379 qui
556 339 654 366 cum
682 323 727 364 in
756 336 860 377 agro
887 320 1094 362 Mattiaco
1124 319 1290 377 argenti
1320 319 1488 362 fodinas
1521 335 1676 376 aperu-

128 395 253 444 isset,
293 410 402 438 anno
423 396 473 439 47
500 395 687 452 insignia
715 393 919 450 triumphi
947 393 1110 449 accepit
1154 393 1278 447 (Tac.
1298 392 1455 434 Annal.
1474 392 1560 441 XI,
1590 391 1676 447 19).

128 466 190 509 At
220 467 265 509 in
295 467 495 510 inferiore
522 466 755 510 Germania
790 466 844 508 L.
873 465 1093 522 Apronius
1132 466 1235 508 item
1271 465 1427 508 mansit
1453 477 1592 520 usque
1622 464 1677 506 ad

129 546 308 582 mortem
335 539 519 590 Tiberii,
557 540 631 595 qui
666 554 764 581 cum
793 539 838 580 in
868 538 1043 593 reliquis
1072 537 1328 594 provinciis,
1371 545 1461 579 tum
1490 537 1534 578 in
1566 535 1678 579 Ger-

129 612 282 662 mania,
307 612 551 654 fortissimis
578 610 821 668 legionibus
851 610 1026 661 munita,
1055 625 1224 652 omnem
1249 610 1525 652 mutationem
1554 609 1677 651 time-

129 683 214 734 bat,
245 699 372 740 quem
401 684 537 726 fuisse
565 698 676 726 anno
706 684 759 726 35
787 683 831 725 in
861 683 1084 744 provincia
1113 682 1301 725 ostendit
1332 681 1436 724 Tac.
1462 683 1579 723 Ann.
1598 681 1677 732 VI,

131 757 204 807 30,
243 747 324 799 nec
357 762 605 798 revocatum
645 763 718 798 aut
756 763 972 798 mortuum
1006 757 1103 797 *esse
1141 762 1246 811 puto
1281 761 1506 809 antequam
1539 752 1678 796 Gaius

130 829 337 885 imperare
374 829 525 884 coepit.
584 828 628 870 Is
659 828 792 878 enim,
835 843 919 883 quo
947 835 1135 884 tempore
1167 828 1261 883 ipse
1289 827 1332 868 in
1362 825 1504 869 Gallia
1533 841 1677 869 versa-

129 901 276 952 batur,
313 901 368 943 A.
399 899 631 944 Claudium
662 899 898 943 Gabinium
930 898 1181 942 Secundum
1211 899 1436 955 praefecit,
1475 898 1550 954 qui
1579 913 1677 940 cum

131 974 242 1017 circa
271 989 431 1016 annum
458 973 510 1016 38
541 974 810 1015 consulatum
839 973 1046 1029 gessisset
1075 971 1256 1028 (Borgh.
1286 971 1399 1013 Bull.
1424 972 1532 1014 Inst.
1561 971 1676 1013 arch.

129 1046 349 1089 ann.1847
370 1060 412 1101 p.
430 1045 489 1098 2),
516 1045 559 1087 in
588 1045 819 1088 Germania
847 1045 1028 1087 anno-41
1062 1043 1250 1091 Chaucis
1280 1044 1490 1100 superatis
1518 1059 1678 1099 cogno-

130 1134 226 1162 men
258 1117 440 1161 Chaucii
472 1117 553 1160 sibi
581 1118 748 1174 paravit
778 1117 928 1172 (Dion.
957 1117 1060 1166 LX,
1091 1117 1136 1166 83
1179 1116 1299 1158 Suet.
1333 1114 1488 1158 Claud.
1522 1132 1557 1158 c.
1591 1116 1678 1171 24).

130 1192 248 1234 Huic
288 1191 497 1234 successit
527 1189 792 1245 Sanquinius
824 1190 1063 1238 Maximus,
1106 1190 1179 1245 qui
1219 1197 1446 1245 postquam
1484 1205 1595 1231 anno
1626 1189 1679 1232 ‘26

90 1256 95 1259 ⁵
133 1265 402 1307 consulatum
430 1263 566 1320 gessit
595 1262 777 1319 (Borgh.
806 1262 963 1303 Diurn.
991 1262 1152 1304 Arcad.
1178 1277 1274 1303 ann.
1302 1262 1419 1311 1831,
1453 1264 1469 1303 1
1504 1278 1544 1317 p.
1563 1262 1679 1317 294),

131 1336 227 1379 urbi
266 1336 506 1392 praefectus
546 1341 611 1376 est
650 1335 772 1375 initio
810 1332 1035 1390 Caligulae
1073 1349 1182 1376 anno
1213 1334 1265 1377 38
1307 1334 1351 1375 in
1387 1349 1521 1390 eaque
1557 1349 1680 1390 prae-

130 1409 295 1450 fectura
323 1414 475 1450 auctus
507 1407 633 1449 etiam
664 1407 795 1449 altero
826 1407 1050 1448 consulatu
1080 1406 1179 1447 anni
1210 1406 1261 1449 39
1294 1407 1445 1459 (Dion.
1461 1407 1590 1456 LIX,
1610 1407 1679 1460 13)

130 1480 285 1523 mansit
322 1495 460 1535 usque
497 1480 551 1522 ad
584 1494 743 1522 annum
770 1479 842 1529 42,
885 1494 970 1534 quo
1010 1479 1053 1520 in
1091 1477 1366 1521 Germaniam
1406 1480 1565 1521 missus
1603 1485 1680 1521 est.

130 1553 181 1594 In
210 1568 296 1608 qua
326 1568 422 1595 cum
455 1558 645 1594 mortuus
676 1558 790 1593 esset
817 1566 927 1593 anno
957 1551 1009 1593 47
1041 1550 1164 1604 (Tac.
1192 1551 1308 1593 Ann.
1334 1552 1429 1602 XI,
1465 1553 1549 1607 18),
1582 1567 1681 1594 suc-

131 1626 261 1668 cessit
288 1623 368 1667 Cn.
396 1625 468 1667 ille
494 1624 716 1666 Domitius
747 1622 962 1673 Corbulo,
998 1622 1261 1666 clarissimus
1290 1624 1440 1666 aetatis
1471 1639 1573 1666 suae
1599 1625 1681 1666 im-

135 1705 324 1754 perator,
364 1712 449 1740 cos.
479 1697 580 1739 anni
611 1696 676 1738 39.
738 1695 826 1748 Qui
854 1694 1060 1750 quamdiu
1086 1695 1349 1750 provinciam
1377 1696 1556 1745 rexerit,
1595 1711 1680 1738 non

131 1769 334 1820 traditur,
378 1769 455 1811 sed
495 1768 695 1823 quoniam
733 1767 847 1823 apud
887 1766 1086 1809 Tacitum
1129 1768 1173 1809 in
1213 1767 1390 1810 urbanis
1428 1769 1559 1811 rebus
1594 1784 1679 1810 non

132 1848 487 1884 commemoratur
518 1855 611 1891 nec,
645 1840 680 1882 si
713 1840 937 1888 adfuisset,
971 1847 1147 1896 propter
1173 1841 1468 1883 auctoritatem
1498 1840 1681 1883 hominis

131 1914 304 1956 videtur
338 1913 468 1956 taceri
505 1912 722 1969 potuisse,
767 1912 964 1967 suspicor
991 1927 1087 1953 eum
1115 1912 1159 1953 in
1193 1912 1426 1955 Germania
1457 1913 1681 1963 mansisse,

131 1987 236 2028 dum
275 2001 385 2028 anno
413 1985 465 2027 5-1
504 1985 557 2028 ab
589 1985 759 2027 Nerone
789 1982 1087 2040 Cappadociae
1124 1984 1349 2040 impositus
1390 1992 1455 2027 est
1492 1983 1680 2041 (Comm.

132 2059 266 2115 epigr.
290 2059 336 2100 II
365 2073 406 2114 p.
430 2057 543 2112 140).
604 2055 689 2098 Cui
719 2056 926 2098 suffectus
956 2063 1021 2098 est
1045 2057 1280 2112 Pompeius
1308 2057 1532 2107 Paulinus,
1564 2058 1682 2113 pacis

131 2145 259 2186 quam
294 2129 395 2172 belli
436 2129 668 2172 studiosior
707 2128 830 2185 (Tac.
868 2128 983 2170 Ann.
1014 2127 1154 2178 XIII,
1187 2129 1284 2183 53),
1323 2143 1450 2184 quem
1487 2145 1598 2171 anno
1628 2130 1682 2172 58

134 2202 310 2244 Dubius
339 2201 498 2244 Avitus
533 2201 701 2257 excepit
741 2200 865 2255 (Tac.
902 2202 1014 2242 Anu.
1044 2201 1183 2251 XIII,
1218 2201 1304 2256 54).
1371 2202 1422 2243 In
1463 2202 1682 2257 superiore

136 2272 370 2316 Germania
395 2273 564 2315 interim
591 2273 645 2326 Q.
674 2271 824 2314 Curtio
853 2279 1119 2315 successerat
1144 2273 1194 2315 P.
1222 2273 1486 2328 Pomponius
1515 2274 1681 2316 Secun-

133 2346 231 2396 dus,
262 2346 328 2388 vir
354 2345 528 2401 ingenio
559 2351 600 2387 et
629 2345 796 2400 poetica
825 2345 953 2387 laude
983 2345 1180 2401 insignis,
1217 2344 1414 2398 (Quinct.
1442 2345 1505 2396 X,
1537 2348 1574 2396 1,
1605 2347 1680 2397 93;

136 2418 247 2460 Plin.
286 2433 351 2473 ep.
380 2417 486 2467 VII,
519 2418 567 2461 17
599 2424 640 2459 et
666 2416 786 2458 XIII
797 2447 808 2466 ,
840 2416 893 2460 ‘26
925 2424 966 2459 et
992 2417 1121 2467 XIV,
1154 2418 1199 2471 6)
1240 2417 1314 2472 qui
1354 2431 1451 2459 cum
1490 2433 1600 2459 anno
1628 2418 1681 2461 23

134 2489 404 2532 consulatum
432 2489 639 2545 gessisset
668 2489 899 2544 (Borghes.
927 2490 970 2531 in
998 2490 1109 2531 Bull.
1137 2491 1242 2535 Inst.
1265 2489 1379 2531 arch.
1401 2489 1507 2532 1848
1534 2505 1575 2545 p.
1593 2489 1680 2544 4⁴2),

133 2568 307 2617 propter
334 2561 480 2603 Seiani
511 2563 740 2605 amicitiam
769 2578 794 2604 a
820 2561 995 2617 Tiberio
1025 2563 1067 2604 in
1094 2562 1278 2604 vinculis
1307 2561 1479 2603 habitus
1510 2570 1574 2603 est
1605 2577 1681 2616 per

108 2676 111 2682 ,
135 2639 297 2688 septem
323 2647 467 2683 annos,
495 2634 785 2689 liberatusque
814 2650 838 2676 a
861 2632 1061 2690 Caligula
1079 2633 1354 2676 Germaniam
1379 2633 1501 2682 rexit,
1529 2648 1679 2688 quam-

135 2704 211 2745 diu
238 2702 450 2747 Claudius
477 2705 700 2762 imperavit
731 2712 858 2761 atque
887 2706 1013 2748 etiam
1042 2706 1173 2748 initiis
1203 2705 1400 2747 Neronis.
1462 2704 1572 2746 Nam
1605 2705 1680 2761 qui

135 2776 174 2817 ei
204 2776 414 2818 successit
442 2776 496 2818 L.
526 2778 741 2820 Anstitius
772 2777 911 2820 Vetus
941 2778 1063 2832 (Tac.
1091 2778 1206 2819 Ann.
1232 2777 1365 2827 XIII,
1393 2777 1485 2831 53),
1523 2791 1679 2819 consu-

134 2847 269 2890 latum
307 2855 500 2905 gesserat
537 2863 645 2896 anno
673 2849 748 2900 55,
785 2850 859 2905 qui
897 2850 933 2892 si
971 2849 1235 2907 provinciam
1275 2849 1436 2906 accepit
1473 2863 1582 2892 anno
1611 2848 1679 2900 56,
