1846 3100
160 188 242 232 374
578 190 633 222 De
660 191 907 233 propagatione
933 190 1078 223 civitatis
1101 191 1288 224 Romanae.

158 301 293 351 niam,
325 300 455 344 ceteri
484 299 762 356 imperatores
793 298 980 354 reliquas
1008 299 1249 355 provincias
1277 300 1336 343 ita
1363 301 1630 351 asciverunt,
1659 307 1710 343 ut

160 371 397 424 Caracallo,
431 371 639 428 quiequid
669 370 711 412 in
745 377 833 412 toto
860 370 1040 426 imperio
1068 371 1290 414 hominum
1319 373 1604 430 ingenuorum
1635 387 1708 416 su-

158 452 364 502 peresset,
394 459 481 487 uno
510 444 603 486 iure
635 443 857 499 complecti
889 442 1012 485 facile
1046 450 1172 485 esset.

271 517 553 561 Absolvimus
590 516 702 565 fere,
741 514 859 570 quod
892 514 1016 557 nobis
1047 522 1137 557 erat
1164 517 1454 572 propositum,
1495 517 1572 560 sed
1600 518 1708 560 adii-

160 590 310 633 cienda
336 589 596 632 videbantur
621 602 716 630 esse
745 587 970 642 quaedam,
993 587 1163 642 quaesi
1183 602 1268 630 non
1289 588 1343 631 ad
1362 590 1708 646 propagationem

159 662 341 706 civitatis
364 662 597 711 Romanae,
624 659 679 702 ad
705 659 1012 702 continendum
1032 660 1418 716 tamenvimperium
1438 662 1709 717 pertinerent,

162 734 518 789 redeundumque
550 732 677 775 simul
704 732 759 774 ad
788 747 902 781 eam,
942 748 967 774 a
992 747 1077 787 qua
1107 733 1288 788 profecti
1319 748 1492 784 sumus,
1527 734 1709 791 impera-

158 807 262 850 toris
296 804 470 849 Claudii
505 805 760 854 orationem,
799 818 908 859 quae
942 802 1154 859 Lugduni
1187 805 1361 848 inventa
1395 813 1472 848 est.
1537 806 1708 848 Etenim

158 880 495 923 demonstratum
538 892 634 920 esse
675 884 876 933 putamus
915 875 1261 932 Lugdunenses,
1311 893 1363 920 ex
1407 893 1494 934 quo
1537 879 1709 921 omnino

159 952 320 995 conditi
362 958 484 1001 sunt,
532 949 740 1006 optimum
783 948 967 991 civitatis
1010 948 1079 991 ius
1120 949 1323 992 habuisse
1363 965 1501 1006 neque
1539 951 1595 994 ad
1635 966 1709 994 eos

159 1025 327 1068 Galliae
354 1023 598 1080 principum
628 1036 793 1079 preces,
828 1021 901 1076 qui
935 1021 1149 1064 civitatem
1181 1021 1348 1064 dudum
1378 1022 1522 1079 adepti
1548 1022 1602 1066 ab
1628 1023 1709 1066 im·

158 1106 352 1154 peratore
379 1097 448 1139 ius
477 1096 691 1138 honorum
719 1100 933 1150 peterent,
975 1095 1064 1137 ullo
1098 1102 1223 1150 pacto
1260 1094 1532 1150 pertinuisse.
1589 1096 1709 1150 Quid

157 1170 291 1226 igitur
318 1176 430 1218 erat,
467 1168 584 1229 quod
613 1167 759 1210 tabula
786 1167 1019 1209 orationem
1048 1164 1221 1209 Claudii
1251 1175 1509 1223 senatusque
1538 1169 1710 1212 consul-

158 1251 271 1292 tum,
311 1241 428 1297 quod
457 1256 510 1283 ex
540 1255 589 1282 ea
618 1240 780 1282 factum
819 1246 906 1288 est,
946 1239 1167 1281 continens
1197 1239 1408 1295 Lugduni
1441 1240 1710 1296 potissimum

158 1314 467 1358 collocaretur?
527 1310 619 1354 Cur
646 1312 751 1354 haec
778 1311 962 1353 maxime
992 1310 1119 1362 urbs,
1158 1311 1202 1353 in
1231 1327 1318 1366 qua
1346 1313 1552 1355 memoria
1579 1313 1710 1356 bene-

156 1387 243 1430 ficii
279 1386 331 1429 ab
371 1386 627 1442 imperatore
663 1383 827 1440 accepti
862 1383 1168 1433 celebraretur,
1209 1383 1344 1426 electa
1382 1394 1468 1434 est,
1511 1399 1597 1426 non
1636 1391 1711 1428 aut

157 1460 409 1502 Aeduorum
435 1464 509 1500 aut
533 1457 783 1513 Lingonum
809 1462 884 1497 aut
912 1455 994 1498 alia
1012 1455 1154 1511 aliqua
1173 1455 1321 1498 civitas
1342 1456 1573 1506 foederata,
1598 1471 1710 1513 quae

155 1530 423 1588 imperatoris
449 1529 702 1572 liberalitate
730 1528 982 1570 ornaretur?
1029 1526 1119 1571 Alii
1149 1528 1418 1584 Lugdunum
1445 1529 1710 1586 metropolim

156 1605 292 1647 fuisse
320 1603 470 1646 dicunt
497 1604 644 1657 (atque
670 1601 729 1644 ita
754 1601 871 1657 apud
897 1601 1078 1644 Ptolem.
1096 1601 1155 1651 ΙΙ,
1181 1602 1220 1652 8,
1256 1602 1300 1645 17
1328 1600 1585 1657 appellatur)
1612 1601 1710 1644 vul-

157 1691 299 1734 goque
340 1676 384 1718 in
420 1673 727 1730 metropolibus
769 1674 909 1716 edicta
951 1689 1000 1716 ac
1039 1674 1159 1730 leges
1197 1674 1377 1730 proponi
1417 1673 1708 1724 consuevisse,

156 1750 225 1793 alii
255 1757 381 1804 atque
409 1747 621 1803 imprimis
647 1745 779 1802 Alph.
809 1746 1077 1789 Boissievius
1107 1747 1149 1788 in
1182 1746 1548 1803 praestantissimo
1581 1760 1710 1801 opere

156 1823 210 1865 de
234 1819 562 1877 antiquitatibus
582 1817 957 1875 Lugdunensibus
981 1834 1022 1874 p.
1045 1819 1122 1862 135
1156 1819 1499 1862 coniunctionem
1524 1818 1709 1874 aliquam

154 1893 450 1937 intercessisse
490 1897 682 1934 statuunt
720 1890 832 1932 inter
859 1890 1094 1933 orationem
1126 1889 1298 1934 Claudii
1329 1899 1369 1933 et
1398 1891 1510 1933 inter
1542 1889 1708 1933 celebre

155 1966 349 2023 Augusti
391 1965 599 2021 templum
634 1963 846 2019 Lugduni
887 1963 1188 2013 constitutum,
1232 1963 1308 2005 sed
1346 1963 1485 2019 qualis
1521 1978 1572 2006 ea
1606 1978 1709 2006 con-

155 2039 316 2082 iunctio
346 2038 496 2087 fuerit,
540 2037 681 2078 minus
714 2036 937 2080 definiunt.
1009 2036 1099 2078 Nos
1135 2035 1311 2091 quidem
1345 2034 1614 2086 dubitamus,
1654 2052 1709 2079 an

155 2119 385 2167 utrumque
415 2108 730 2166 quodammodo
761 2107 1111 2163 coniungendum
1139 2106 1495 2163 Lugdunumque
1523 2116 1565 2150 et
1591 2108 1708 2164 quod

157 2183 383 2227 Gallorum
421 2181 667 2238 metropolis
704 2186 810 2223 erat'
829 2187 870 2222 et
906 2179 1023 2235 quod
1057 2179 1261 2235 templum
1289 2179 1481 2235 Augusti
1510 2179 1708 2231 habebat,

155 2257 339 2298 electum
375 2255 449 2305 sit,
489 2254 533 2295 in
563 2268 649 2308 quo
677 2252 947 2309 imperatoris
977 2251 1110 2294 oratio
1139 2251 1226 2293 aeri
1254 2251 1390 2294 incisa
1414 2250 1588 2308 publice
1619 2253 1708 2296 col-

154 2328 380 2370 locaretur.
435 2326 546 2368 Nam
583 2326 776 2381 profecto
818 2324 854 2366 si
894 2324 1194 2379 metropolium
1221 2323 1330 2365 illud
1358 2330 1522 2366 tantum
1554 2324 1708 2368 fuisset

155 2400 397 2456 proprium,
443 2405 492 2440 ut
523 2398 642 2454 leges
674 2404 716 2440 et
747 2397 887 2440 edicta
917 2395 1162 2452 praesidum
1192 2396 1235 2437 in
1265 2395 1318 2437 iis
1350 2404 1705 2452 proponerentur,

155 2487 242 2527 qua
268 2471 322 2513 de
346 2486 393 2513 re
421 2477 591 2526 praeter
615 2477 779 2512 ceteros
807 2468 1101 2526 copiosissime
1122 2468 1200 2509 Ez.
1227 2467 1512 2523 Spanhemius
1544 2468 1598 2510 de
1622 2484 1707 2512 usu

156 2551 198 2586 et
235 2549 463 2600 praestant.
504 2557 621 2584 num.
647 2543 670 2585 I
706 2558 745 2598 p.
772 2542 851 2585 637
901 2541 1110 2596 disputat,
1161 2555 1266 2582 num
1313 2547 1447 2590 esset,
1501 2555 1579 2583 cur
1626 2541 1707 2584 hoc

155 2622 479 2658 monumentum
516 2629 601 2657 non
638 2614 756 2671 apud
794 2629 891 2665 eos,
936 2613 991 2656 ad
1026 2627 1135 2668 quos
1175 2613 1426 2668 pertineret,
1473 2613 1548 2654 sed
1590 2613 1706 2669 apud

154 2687 477 2743 Lugdunenses
509 2686 806 2729 collocandum
835 2685 970 2727 fuisse
1001 2685 1251 2727 videretur?
1304 2684 1455 2739 Neque
1483 2684 1596 2727 enim
1625 2685 1704 2726 im-

155 2759 363 2815 peratoris
393 2758 527 2801 oratio
555 2758 666 2814 legis
696 2765 770 2800 aut
795 2758 923 2800 edicti
951 2757 1090 2799 vicem
1116 2756 1279 2799 obtinet
1288 2771 1299 2806 3
1331 2770 1384 2798 ne
1406 2764 1580 2799 senatus
1603 2771 1706 2799 con-

158 2831 318 2873 sultum
349 2830 544 2886 quidem,
578 2830 694 2886 quod
724 2845 776 2872 ex
805 2845 855 2872 ea
882 2830 1043 2871 factum
1073 2836 1161 2879 est,
1192 2828 1251 2871 ita
1281 2835 1370 2871 erat
1400 2817 1705 2885 comparatum,

157 2911 205 2945 ut
238 2904 468 2960 quicquam
498 2902 687 2953 iuberet,
733 2903 810 2946 sed
840 2901 1064 2945 Gallorum
1098 2901 1334 2958 principes,
1379 2899 1452 2956 qui
1487 2915 1540 2942 ex
1580 2901 1705 2944 certis
