1846 3100
198 140 280 184 348
608 146 664 178 De
691 147 938 188 propagatione
966 147 1111 181 civitatis
1135 149 1322 183 Romanae.

195 252 239 294 in
270 268 446 296 munere
481 253 704 311 fungendo
734 254 1004 311 negligentes
1034 255 1170 298 fuisse
1201 262 1407 309 statuunt,
1443 258 1519 315 qui
1554 258 1637 303 hoc
1668 260 1745 303 ad-

195 325 366 368 misisse
396 333 561 382 putant,
591 333 640 368 ut
665 327 837 377 multos,
868 342 975 382 quos
1007 343 1091 370 non
1121 329 1258 371 fuisse
1288 329 1404 373 cives
1432 330 1648 374 Romanos
1677 347 1745 375 re-

197 397 403 453 perirent,
446 406 595 441 contra
636 399 756 455 leges
803 399 846 440 in
887 399 1055 442 tabulas
1098 401 1312 443 censorias
1350 402 1570 446 referrent.
1622 403 1746 449 Facti

194 470 330 526 igitur
359 478 479 513 erant
517 471 638 513 multi
667 471 813 514 Latini
848 471 964 514 cives
1000 472 1209 530 Romani,
1227 487 1323 515 cum
1354 473 1451 516 illae
1484 475 1744 518 coloniarum

196 543 395 598 querelae
427 543 543 599 apud
581 550 777 585 senatum
810 543 1041 586 extiterunt
1075 545 1233 601 oppida
1269 560 1347 587 sua
1377 546 1518 589 deseri
1548 546 1745 590 dictitan-

199 616 328 666 tium3
360 614 564 658 videbant
590 616 717 658 etiam
740 624 956 658 senatores
985 617 1113 659 nimis
1141 616 1294 659 urbem
1319 632 1510 661 crescere
1525 634 1746 676 magnam-

196 702 280 743 que
313 703 361 730 eo
387 687 564 744 inopum
590 687 812 730 hominum
842 690 958 743 (nam
986 688 1065 732 hos
1095 689 1322 746 praecipue
1349 690 1619 747 immigrasse
1653 706 1745 735 cre-

195 759 327 802 dibile
345 762 429 815 est)
456 759 694 803 confluere:
727 759 1041 802 constituerunt
1067 761 1201 818 igitur
1220 776 1355 804 novos
1377 763 1493 806 cives
1513 763 1743 820 repudiare

195 848 335 888 neque
374 833 487 876 ultra
525 838 684 874 tantam
730 832 1049 875 multitudinem
1086 834 1310 876 admittere
1320 850 1331 885 3
1375 850 1473 877 nam
1512 836 1617 892 quin
1657 836 1745 879 sin-

196 905 288 962 guli
319 905 475 947 divites
506 905 711 954 homines,
739 904 898 960 quibus
927 905 1023 962 lege
1051 906 1212 957 liceret,
1251 907 1378 950 etiam
1410 915 1561 964 postea
1589 923 1615 951 a
1644 923 1743 951 cen-

195 977 362 1021 soribus
391 977 550 1033 recepti
586 976 684 1026 sint,
714 991 800 1019 non
831 976 959 1020 debet
996 977 1196 1021 dubitari.
1244 978 1390 1035 Atque
1422 979 1528 1023 haec
1564 980 1623 1022 ita
1649 987 1744 1023 acta

194 1066 289 1094 esse
318 1050 474 1092 Livius
504 1050 596 1106 ipse
622 1049 797 1100 indicat,
829 1050 986 1106 quippe
1017 1051 1091 1106 qui
1126 1051 1232 1094 nihil
1264 1052 1318 1093 de
1347 1052 1444 1108 lege
1479 1051 1637 1095 violata
1666 1051 1743 1096 ha-

192 1123 303 1175 beat,
337 1124 413 1166 sed
444 1130 608 1165 tantum
636 1122 955 1164 multitudinem
983 1122 1104 1165 urbis
1135 1123 1471 1167 exhauriendam
1505 1124 1642 1166 fuisse
1675 1123 1742 1166 di-

194 1203 273 1239 cat.
325 1196 435 1238 Nam
476 1196 626 1238 decem
661 1195 783 1237 annis
817 1202 928 1251 post,
969 1210 1068 1237 cum
1105 1204 1246 1238 tamen
1281 1211 1358 1252 per
1392 1195 1590 1239 fraudem
1619 1195 1743 1238 multi

193 1269 481 1325 irrepsissent,
518 1275 560 1310 et
597 1267 794 1310 fraudem
835 1275 1135 1310 commemorat
1171 1275 1212 1310 et
1248 1283 1443 1325 poenam,
1483 1268 1519 1311 si
1553 1268 1627 1324 qui
1655 1282 1742 1310 non

193 1341 449 1398 paruissent,
478 1339 668 1382 additam
699 1354 793 1382 esse
825 1339 985 1382 scribit.
1030 1340 1145 1382 Illud
1173 1356 1310 1383 unum
1333 1340 1481 1397 quaeri
1500 1339 1649 1397 possit,
1665 1339 1741 1390 illi,

192 1414 267 1470 qui
309 1414 479 1456 remissi
523 1420 623 1455 sunt
661 1413 706 1455 in
739 1413 938 1464 colonias,
979 1428 1082 1454 num
1120 1412 1335 1455 civitatem
1365 1413 1627 1464 Romanam,
1657 1427 1743 1469 qua

192 1486 456 1543 aliquamdiu
487 1486 556 1528 usi
586 1494 718 1537 erant,
751 1486 981 1528 amiserint.
1037 1484 1154 1527 Nihil
1182 1485 1236 1527 de
1266 1500 1316 1527 ea
1342 1501 1387 1528 re
1419 1484 1574 1528 Livius
1605 1485 1741 1542 signi-

191 1559 304 1610 ficat,
335 1560 413 1602 sed
441 1574 557 1602 more
579 1559 772 1602 Romano
801 1573 886 1600 non
917 1558 1164 1600 amiserunt.

306 1632 397 1675 Nec
428 1633 565 1688 magis
604 1647 702 1675 cum
731 1631 827 1682 hoc,
859 1631 913 1674 de
941 1645 1025 1686 quo
1058 1630 1342 1686 disputamus,
1374 1629 1621 1672 Latinitatis
1645 1629 1741 1672 iure

191 1713 370 1762 pugnat,
397 1705 514 1760 quod
546 1719 672 1761 saepe
704 1719 800 1746 cum
830 1703 900 1746 alii
929 1703 1034 1746 socii
1065 1710 1156 1744 tum
1185 1702 1331 1744 Latini
1359 1700 1466 1743 urbe
1492 1701 1608 1744 exire
1632 1701 1741 1744 iussi

193 1785 315 1828 sunt3
345 1793 443 1820 nam
476 1778 555 1820 hoc
583 1777 762 1820 alterum
796 1783 1098 1831 argumentum
1126 1774 1381 1831 Madvigius
1411 1773 1546 1816 affert.
1602 1773 1740 1830 Equi-

193 1850 291 1892 dem
322 1850 483 1906 duplex
512 1849 684 1892 omnino
722 1848 938 1891 ejectionis
967 1862 1104 1904 genus
1144 1847 1261 1903 apud
1295 1846 1524 1902 scriptores
1555 1860 1740 1890 comme-

190 1922 348 1965 morari
382 1922 562 1978 reperio.
621 1922 816 1964 Primum
850 1922 976 1971 enim,
1007 1919 1083 1962 ubi
1117 1919 1171 1961 de
1208 1918 1338 1961 rebus
1366 1917 1534 1974 magnis
1563 1932 1614 1962 ac
1642 1933 1739 1975 gra-

192 1995 319 2037 vibus
348 1995 614 2050 maximeque
645 1995 700 2036 ad
733 1994 957 2036 commoda
991 1992 1205 2035 sociorum
1226 1989 1540 2047 pertinentibus
1571 1990 1741 2032 comitia

189 2067 419 2117 instabant,
452 2074 576 2109 vetus
605 2067 777 2109 videtur
803 2066 940 2108 fuisse
973 2063 1255 2113 consuetudo,
1275 2069 1323 2104 ut
1344 2062 1542 2105 consules
1563 2062 1600 2105 si
1618 2077 1739 2106 vere—

190 2147 350 2189 rentur,
389 2154 441 2182 ne
470 2147 643 2196 propter
670 2138 891 2182 hominum
921 2136 1240 2180 multitudinem
1273 2134 1479 2191 suffragia
1504 2134 1739 2178 confunde-

189 2219 338 2254 rentur
374 2212 443 2254 vel
482 2211 632 2254 turbae
663 2211 907 2261 existerent,
940 2226 993 2252 ex
1030 2208 1260 2252 Sconsulto
1297 2206 1546 2263 peregrinos
1577 2221 1738 2260 omnes,

189 2283 265 2339 qui
302 2284 395 2326 iure
426 2283 620 2340 suffragii
652 2290 856 2334 carerent,
887 2282 1063 2332 tamdiu,
1093 2280 1197 2322 dum
1226 2279 1431 2336 suffragia
1462 2279 1548 2322 lata
1581 2287 1739 2331 essent,

190 2356 296 2399 urbe
329 2356 538 2398 excedere
573 2356 782 2398 iuberent.
839 2355 915 2397 Sic
945 2354 1058 2396 enim
1090 2351 1237 2395 scribit
1265 2351 1493 2408 Appianus
1527 2350 1625 2394 bell,
1657 2352 1738 2395 civ.

190 2430 226 2479 Ι,
246 2428 298 2471 23
330 2429 493 2471 factum
524 2443 618 2470 esse
649 2443 759 2470 anno
795 2428 885 2479 122,
917 2442 1016 2470 cum
1047 2423 1098 2468 C.
1127 2424 1352 2468 Gracchus
1377 2423 1519 2480 legem
1550 2424 1604 2467 de
1631 2424 1737 2467 civi·

190 2507 272 2543 tate
312 2500 479 2542 Latinis
520 2500 663 2542 danda
696 2507 737 2542 et
769 2500 823 2542 de
859 2500 951 2542 iure
992 2498 1187 2554 suffragii
1230 2496 1381 2539 ceteris
1423 2495 1550 2538 sociis
1579 2496 1736 2553 imper—
1790 2541 1793 2544 ,

190 2572 335 2614 tiendo
361 2572 679 2628 promulgasset
709 2571 915 2626 multique
943 2571 1134 2625 undique
1163 2585 1216 2612 ex
1241 2569 1366 2611 Italia
1389 2568 1444 2611 ad
1471 2567 1584 2610 diem
1604 2568 1736 2612 comi·-

190 2645 345 2687 tiorum
365 2644 641 2694 confluerent,
660 2643 856 2686 decresse
875 2649 1081 2692 senatum,
1101 2641 1316 2684 edicerent
1335 2640 1556 2683 consules:
1581 2640 1736 2696 μηδένα

190 2720 267 2758 τῶν
307 2717 354 2758 οὐ
394 2717 602 2773 φερόντων
639 2719 776 2772 ψῆφον
816 2717 1025 2770 ἐπιδημεῖν
1067 2712 1116 2770 τῇ
1149 2714 1267 2755 πόλει
1306 2713 1410 2769 μηδὲ
1440 2713 1733 2768 προσπελάζειν

191 2790 270 2830 ἀπὸ
308 2790 607 2844 τεσσαράκοντα
651 2789 821 2830 σταδίων
862 2788 972 2843 παρὰ
1014 2787 1083 2841 τὴν
1123 2785 1319 2841 ἐσομένην
1355 2786 1446 2841 περὶ
1486 2786 1612 2826 τῶνδε
1654 2787 1732 2826 τῶν

194 2860 329 2916 νόμων
371 2861 636 2917 χειροτονίαν.
693 2860 841 2902 Minus
878 2867 1074 2902 accurate
1117 2858 1170 2900 de
1209 2857 1359 2901 eadem
1394 2872 1439 2899 re
1474 2857 1733 2900 Plutarchus
