1846 3100
581 170 636 202 De
665 168 779 202 Gallia
800 168 1034 200 Romanorum
1066 166 1248 209 provincia.
1295 200 1297 202 ,
1633 162 1687 205 25

140 282 249 325 ciam
289 281 425 324 fuisse
465 278 788 337 perspiciamus.
855 274 1148 321 Veruntamen
1195 275 1324 330 paulo
1369 280 1466 331 post
1499 273 1689 316 Marium

143 369 219 410 pro
245 360 463 410 praetores
484 352 652 394 Galliae
670 347 979 403 Transalpinae
1007 347 1184 402 reperiri
1204 347 1406 396 diximus,
1439 362 1566 402 quam
1589 361 1688 402 pro-

141 426 324 468 vinciam
355 432 403 467 ut
443 425 497 467 ab
531 424 627 480 ipso
671 420 942 478 potissimum
978 418 1216 461 institutam
1252 434 1346 461 esse
1384 419 1689 474 intelligamus,

142 513 298 554 magna
337 512 388 539 ex
430 496 523 538 eius
558 493 689 536 rebus
727 490 1007 549 probabilitas
1046 490 1132 547 peti
1168 498 1319 548 potest.
1381 491 1553 533 Etenim
1592 505 1689 532 cum

141 570 331 625 quinque
358 568 607 611 consulatus
638 565 864 622 gessisset,
903 570 951 604 ut
980 563 1184 606 barbaros
1215 563 1429 613 vinceret,
1462 570 1689 619 postquam

142 642 316 692 vicerat,
344 655 454 697 quae
482 654 611 682 causa
643 645 745 686 erat,
775 644 824 678 ut
852 642 1022 678 sextum
1052 636 1393 692 adipisceretur?
1432 635 1598 678 Verum
1638 634 1692 676 sit

144 713 268 764 illud,
296 713 412 769 quod
429 712 584 754 Livius
605 710 703 766 epit.
719 708 882 751 LXIX
912 708 1126 765 significat
1154 708 1437 764 pluribusque
1465 707 1693 763 exequitur

143 785 403 829 Plutarchus
432 784 544 827 Mar.
577 798 613 825 e.
644 783 696 825 23
724 796 855 838 prava
885 780 1115 823 ambitione
1144 781 1411 837 pecuniaque
1445 786 1690 835 corruptam

144 873 239 901 esse
262 857 454 914 plebem:
488 856 564 898 sed
590 869 698 911 quae
727 862 882 903 tamen,
914 868 1087 908 quaesO,
1118 868 1249 896 causa
1277 860 1367 895 erat
1395 852 1585 909 petendi,
1617 852 1691 908 qui

143 930 418 987 praetextus?
477 928 651 971 Habere
689 927 802 969 enim
839 940 1016 968 necesse
1055 934 1144 969 erat
1175 925 1386 975 Marium,
1428 940 1506 967 cur
1546 923 1692 966 deberi

145 1003 227 1046 sibi
257 1009 426 1045 sextum
452 1001 722 1044 consulatum
749 987 922 1041 diceret.
964 997 1081 1040 'Nam
1114 997 1157 1039 in
1187 998 1316 1040 laude
1347 998 1441 1054 ipsa
1471 997 1573 1039 satis
1605 1003 1693 1039 erat

143 1075 322 1132 praemii
348 1089 426 1131 pro
448 1079 616 1116 servata
637 1071 794 1128 patria:
826 1071 984 1127 populo
1006 1071 1182 1127 quidem
1201 1071 1283 1113 alia
1305 1086 1373 1113 res
1392 1068 1693 1126 persuadebat.

145 1149 211 1191 Ea
238 1148 319 1190 sita
349 1154 438 1189 erat
474 1145 519 1187 in
548 1143 796 1201 provinciae
832 1159 968 1186 novae
1008 1143 1333 1193 constitutione,
1370 1157 1499 1198 quam
1525 1141 1691 1183 Marius

145 1219 430 1262 necessariam
460 1232 554 1260 esse
582 1215 815 1259 dictitabat.
878 1216 940 1258 Ut
972 1216 1083 1258 enim
1114 1215 1267 1271 reliqui
1298 1215 1588 1271 imperatores,
1620 1213 1694 1268 qui

147 1292 332 1348 primum
363 1291 546 1347 populos
592 1288 820 1337 vicissent,
863 1289 987 1330 etiam
1029 1297 1125 1345 post.
1165 1288 1386 1330 victoriam
1414 1294 1694 1342 prorogatum

146 1363 340 1422 accipere
371 1361 563 1405 solebant
591 1360 842 1416 imperium,
884 1368 934 1402 ut
966 1376 1074 1417 quos
1117 1361 1245 1402 armis
1285 1359 1574 1408 domuissent,
1623 1372 1695 1399 eos

146 1435 320 1492 legibus
346 1440 672 1491 componerent,
713 1432 771 1474 ita
800 1433 968 1476 Marius
999 1449 1078 1476 suo
1107 1434 1201 1475 iure
1228 1431 1498 1489 postulabat,
1530 1437 1578 1472 ut
1614 1429 1696 1472 sibi

147 1523 319 1564 quoque
343 1515 622 1565 prorogatum
646 1507 871 1562 imperium
902 1507 1217 1548 concederetur.
1272 1505 1364 1546 Nec
1394 1518 1546 1545 rursus
1577 1501 1622 1543 id
1649 1501 1693 1543 in

149 1580 294 1624 Gallia
322 1580 500 1623 concedi
527 1585 693 1636 poterat
719 1578 802 1620 nisi
827 1578 1052 1620 consulatu
1082 1585 1251 1620 sextum
1278 1576 1438 1618 delato:
1470 1575 1592 1617 aliter
1619 1573 1695 1629 qui

148 1654 322 1696 futurus
344 1661 434 1695 erat
463 1652 627 1702 consul,
660 1650 863 1693 maiorem
881 1650 924 1691 in
949 1665 998 1692 ea
1017 1656 1269 1706 potestatem
1299 1648 1534 1691 habuisset..
1584 1646 1695 1689 Ore-

149 1733 267 1768 retur
296 1741 397 1768 sane
437 1726 580 1781 aliqua
614 1725 726 1766 inter
755 1723 944 1766 Marium
986 1729 1027 1764 et
1064 1722 1175 1764 inter
1211 1722 1434 1778 optimates
1467 1719 1698 1769 contentio,

150 1813 249 1840 cum
275 1797 341 1848 hi,
377 1813 430 1839 nc
461 1813 621 1840 novum
658 1797 729 1840 ille
760 1795 1030 1839 consulatum
1059 1795 1292 1851 acciperet,
1337 1793 1478 1835 statim
1509 1791 1696 1834 Galliam

150 1869 203 1912 ab
221 1870 345 1913 Italia
376 1870 686 1926 seiungendam
716 1877 842 1924 atque
862 1868 907 1909 in
928 1867 1001 1909 illa
1020 1867 1110 1909 sola
1126 1866 1351 1923 imperium
1374 1864 1693 1921 prorogandum

152 1957 246 1984 esse
273 1942 477 1992 dicerent,
506 1942 588 1991 hic,
619 1948 846 1997 antequam
873 1955 1008 1983 novae
1039 1939 1283 1996 provinciae
1304 1953 1405 1980 suae
1422 1937 1542 1992 leges
1571 1936 1695 1978 datae

152 2022 321 2065 essent,
361 2014 529 2071 seiungi
571 2029 664 2056 eam
703 2014 855 2056 nollet:
904 2012 980 2054 sed
1013 2012 1116 2054 vicit
1141 2011 1270 2053 Marii
1302 2025 1451 2058 causa,
1491 2023 1600 2064 quae
1644 2023 1696 2050 ex

151 2102 268 2129 more
295 2087 463 2144 imperii
494 2086 676 2129 Romani
705 2101 791 2128 non
827 2085 987 2127 iniusta
1027 2083 1165 2126 videri
1206 2083 1366 2126 debuit.
1420 2082 1569 2136 Neque
1598 2080 1699 2122 huic

152 2159 306 2202 rationi
352 2159 513 2209 obstat,
553 2159 667 2214 quod
704 2158 870 2200 Marius
908 2172 984 2213 per
1018 2163 1186 2199 sextum
1224 2156 1494 2198 consulatum
1533 2154 1621 2196 fere
1654 2153 1699 2194 in

153 2232 260 2274 urbe
296 2232 469 2274 videtur
506 2230 761 2274 substitisse.
820 2229 1016 2271 Primum
1047 2228 1160 2270 enim
1199 2243 1253 2269 an
1290 2227 1554 2283 aliquamdiu
1584 2233 1700 2267 trans

155 2304 290 2360 Alpes
330 2304 566 2346 excurrerit
603 2303 784 2345 dubium
823 2308 909 2352 est,
948 2300 1104 2343 deinde
1142 2301 1306 2342 etiamsi
1336 2300 1496 2342 Romae
1531 2297 1698 2347 mansit,

154 2391 238 2418 non
279 2375 421 2418 minus
463 2376 588 2418 facile
621 2390 712 2417 rem
738 2389 815 2430 per
843 2374 1008 2429 legatos
1047 2373 1393 2422 administrabat,
1428 2371 1473 2412 in
1506 2386 1591 2426 qua
1627 2369 1700 2411 illo

155 2448 380 2490 commodo
404 2447 616 2498 utebatur,
646 2446 764 2502 quod
791 2460 915 2487 nemo
940 2445 1099 2487 maiore
1127 2451 1336 2500 potestate
1354 2443 1573 2500 praeditus
1601 2457 1697 2484 eum

154 2519 429 2575 impediebat.
483 2518 721 2561 Statuimus
753 2519 887 2574 igitur
913 2517 1239 2574 Transalpinam
1261 2516 1445 2560 Galliam
1475 2529 1585 2557 anno
1624 2513 1701 2556 100

157 2591 210 2633 ab
252 2589 304 2633 C.
335 2591 472 2633 Mario
514 2591 558 2632 in
585 2591 831 2647 provinciae
864 2590 1082 2632 Romanae
1120 2591 1298 2632 formam
1337 2603 1432 2631 esse
1471 2587 1701 2636 redactam,

158 2661 421 2718 Cisalpinam
451 2663 641 2704 relictam
668 2678 847 2718 prorsus
882 2662 926 2703 in
959 2677 1029 2712 ea,
1067 2676 1177 2718 quae
1204 2668 1328 2704 antea
1354 2661 1516 2708 fuerat,
1553 2657 1702 2700 condi-

158 2735 298 2777 cione:
327 2750 455 2790 quam
475 2735 741 2784 sententiam,
760 2750 1018 2790 quamquam
1043 2733 1286 2776 recedimus
1303 2732 1356 2774 ab
1386 2731 1576 2773 omnium
1595 2744 1702 2784 quos

157 2807 356 2849 novimus
402 2806 591 2848 virorum
632 2806 857 2848 doctorum
885 2806 1066 2856 iudicio,
1109 2806 1211 2848 satis
1257 2812 1397 2847 tamen
1441 2802 1703 2856 reliquorum

163 2893 373 2921 annorum
403 2878 580 2921 historia
610 2876 786 2921 stabiliri
817 2878 1124 2920 existimamus.
