1846 3100
204 151 285 194 238
646 157 700 188 De
727 155 899 188 dictatoris
925 155 1081 188 Caesaris
1108 157 1309 191 honoribus.

204 262 350 317 Quare
380 278 475 306 cum
503 264 799 306 emendatione
827 278 936 320 opus
963 265 1030 315 sit,
1057 265 1140 307 nisi
1164 272 1304 307 tamen
1325 265 1498 322 longius
1525 267 1579 310 ab
1598 268 1750 312 litteris

203 335 372 378 traditis
411 337 658 386 recedatur,
702 336 805 378 nihil
842 337 959 392 quod
998 344 1144 393 aptum
1184 338 1260 388 sit,
1302 339 1486 381 inveniri
1526 355 1666 396 neque
1704 341 1750 383 id

201 408 344 464 ipsum
378 417 492 451 certe
528 410 655 451 statui
692 415 853 466 potest,
893 416 940 450 ut
973 409 1132 451 vulnus
1159 409 1303 466 ipsum
1331 411 1647 455 demonstrasse
1675 427 1750 455 cu-

202 481 494 537 rationemque
534 482 587 524 iis
627 481 702 537 qui
741 481 948 524 subsidiis
989 482 1148 525 criticis
1187 489 1363 525 utantur
1396 484 1640 540 permittere
1683 501 1751 528 sa-

205 553 291 595 tius
321 553 388 595 sit.

314 625 438 668 Talia
467 626 600 680 igitur
629 641 727 669 cum
755 626 839 668 sint
867 626 1018 676 edicta,
1053 641 1161 681 quae
1191 615 1244 668 ab
1269 627 1453 684 Iosepho
1480 629 1676 686 citantur,
1705 629 1749 671 in

202 697 362 752 quibus
397 697 433 740 si
463 698 606 754 ipsum
635 699 867 755 Iosephum
894 699 1001 740 nihil
1027 714 1230 755 peccasse
1261 699 1520 755 putabimus,
1555 701 1751 744 librario-

201 784 299 811 rum
329 778 442 812 certe
472 785 556 812 non
588 771 705 813 leves
738 787 903 814 errores
935 771 1222 827 reperiuntur,
1253 771 1350 826 quis
1378 772 1463 814 iam
1491 773 1601 815 sexti
1634 773 1750 816 illius

201 841 329 883 edicti
373 841 516 884 verbis
552 843 615 884 uti
651 844 786 894 volet,
827 850 875 885 ut
903 851 1150 900 perpetuam
1181 843 1380 887 Caesaris
1412 845 1665 888 dictaturam
1697 845 1749 889 ab

201 921 352 969 quarta
377 915 593 957 diversam
621 916 756 958 fuisse
778 917 958 959 doceat?
1003 917 1070 958 De
1095 925 1282 972 tempore
1305 924 1447 959 autem
1470 917 1613 968 huius,
1641 933 1750 974 quae

200 995 352 1041 quarta
384 987 618 1042 eademque
650 996 854 1045 perpetua
885 989 986 1039 fuit,
1028 989 1264 1031 dictaturae
1295 989 1460 1031 nullum
1492 999 1655 1033 certum
1682 1005 1750 1032 re-

200 1059 363 1114 peritur
393 1061 697 1103 testimonium.
743 1061 795 1103 In
820 1061 941 1103 fastis
971 1069 1012 1103 et
1039 1059 1293 1117 Capitolinis
1321 1070 1362 1104 et
1381 1060 1616 1105 Colotianis
1644 1063 1749 1105 scri-

199 1130 316 1172 bitur
361 1139 457 1174 ante
502 1133 700 1187 quintum
747 1133 1039 1183 consulatum,
1087 1134 1133 1175 id
1153 1130 1294 1190 ‘quod
1339 1134 1568 1189 dupliciter
1611 1143 1747 1191 potest

200 1204 415 1258 explicari.
491 1205 662 1248 Etenim
706 1214 780 1248 aut
828 1221 939 1247 anno
979 1206 1031 1247 45
1078 1213 1278 1262 suscepta
1325 1214 1411 1256 est,
1462 1214 1510 1248 ut
1558 1213 1748 1263 tempore

199 1277 422 1318 antecedat
453 1277 601 1333 quinto
631 1278 893 1327 consulatui,
924 1285 998 1320 aut
1023 1278 1122 1319 Kal.
1149 1278 1240 1320 Ian.
1267 1279 1367 1320 anni
1394 1278 1468 1328 44,
1500 1286 1549 1320 ut
1573 1279 1746 1321 honoris

201 1363 332 1391 causa
359 1357 640 1406 anteponatur
666 1359 792 1406 atque
821 1366 873 1392 ex
902 1351 1073 1393 duobus
1102 1350 1424 1406 magistratibus
1446 1351 1498 1401 is,
1525 1352 1597 1406 qui
1614 1351 1749 1393 maior

199 1435 293 1462 esse
325 1421 542 1472 videatur,
581 1423 821 1478 praecedat.
882 1421 950 1464 Cf.
982 1421 1217 1464 Comment.
1248 1423 1382 1479 epigr.
1410 1424 1432 1465 Ι
1461 1438 1503 1479 p.
1532 1423 1598 1466 23.
1655 1422 1745 1466 Sed

200 1492 429 1548 singularis
462 1494 698 1537 dictaturae
726 1495 847 1545 ratio,
880 1509 989 1550 quae
1020 1509 1101 1536 non
1126 1495 1280 1537 annuis
1306 1495 1472 1537 vicibus
1501 1504 1746 1551 usurpatur,

195 1565 318 1615 facit,
358 1572 404 1607 ut
442 1567 586 1622 potius
622 1581 730 1609 anno
761 1567 812 1608 45
853 1566 1036 1609 delatam
1074 1582 1167 1608 esse
1206 1582 1415 1609 censeam.
1474 1567 1746 1623 Quamquam

197 1637 454 1693 pertinuisse
490 1652 583 1680 eam
622 1639 676 1680 ad
719 1654 877 1681 annum
907 1639 959 1681 44
1002 1639 1157 1681 docent
1193 1639 1292 1681 fasti
1327 1639 1626 1695 triumphales,
1670 1638 1747 1681 ubi

198 1716 344 1751 sextus
374 1707 571 1752 Caesaris
601 1710 845 1766 triumphus
876 1711 937 1753 sic
967 1711 1267 1767 perscribitur:

198 1783 444 1824 C·IVLIVS·
461 1784 505 1823 C·
519 1786 563 1823 F·
579 1785 622 1824 C·
636 1786 688 1823 N·
703 1786 929 1826 CAESAR·
940 1787 1009 1824 VI·
1021 1786 1167 1825 DICT·
1177 1787 1273 1824 IIII·
1285 1785 1483 1826 OVANs-
1495 1787 1544 1824 A·
1556 1785 1743 1836 DCC[IX

243 1857 334 1894 EX·
353 1857 564 1896 MONTE·
582 1859 809 1899 ALBANO
1117 1860 1207 1897 VII·
1228 1861 1279 1898 K·
1300 1860 1456 1898 FEBR-

197 1925 335 1968 Feriis
374 1926 509 1982 igitur
539 1928 706 1970 Latinis
745 1929 864 1982 (nam
904 1928 971 1970 his
1006 1929 1188 1984 peractis
1225 1944 1323 1970 eum
1353 1936 1549 1971 ovantem
1581 1927 1744 1970 redisse

196 2006 367 2040 narrant
399 1999 484 2041 Dio
514 1999 685 2050 XLIV,
714 2001 738 2043 4
767 2008 808 2043 et
838 2002 909 2050 103
946 2001 1060 2042 Plut.
1093 1999 1216 2043 Caes.
1249 2001 1325 2050 603
1361 1998 1480 2042 Suet.
1513 1997 1638 2042 Caes.
1669 1999 1743 2054 79)

196 2070 377 2112 dictator
404 2071 466 2112 IV
498 2083 608 2122 erat,
641 2080 683 2132 at
712 2073 864 2128 viginti
897 2072 1050 2115 diebus
1079 2081 1184 2128 post,
1214 2088 1251 2114 a.
1283 2072 1325 2114 d.
1353 2071 1444 2114 XV
1472 2071 1571 2114 Kal.
1598 2071 1742 2121 Mart„

196 2157 294 2184 cum
319 2142 579 2198 Lupercalia
604 2153 848 2200 agerentur,
876 2145 1058 2187 dictator
1079 2152 1313 2200 perpetuus
1337 2144 1580 2186 nominatur
1605 2159 1630 2186 a
1650 2141 1742 2186 Cic.

194 2213 306 2256 Phil.
328 2214 386 2265 Π,
415 2216 480 2257 34.
537 2215 637 2269 Quo
665 2217 889 2259 intervallo
918 2216 1035 2272 quod
1065 2216 1300 2258 Eckhelius
1330 2224 1578 2272 perpetuam
1605 2216 1742 2258 dicta-

195 2294 334 2328 turam
366 2287 404 2328 ei
434 2287 614 2330 delatam
645 2303 740 2331 esse
771 2289 996 2338 existimat,
1026 2288 1127 2330 facit
1153 2295 1194 2330 et
1217 2288 1335 2330 nullo
1363 2303 1541 2343 prorsus
1569 2296 1743 2336 auctore

195 2365 236 2400 et
272 2366 419 2401 contra
451 2369 646 2416 apertum
678 2361 885 2403 fastorum
919 2360 1221 2402 testimonium.
1284 2361 1500 2416 Equidem
1532 2361 1586 2403 ad
1617 2368 1742 2402 natu-

194 2446 285 2472 ram
320 2431 569 2482 dictaturae,
600 2432 653 2474 de
676 2447 759 2487 qua
779 2433 1043 2489 disputatum
1063 2440 1141 2481 est,
1170 2432 1439 2475 redeundum
1458 2448 1552 2476 esse
1574 2447 1741 2484 censeo,

193 2517 322 2558 quam
365 2503 419 2545 ab
457 2519 508 2546 eo
548 2504 641 2554 die,
683 2519 769 2560 quo
799 2505 969 2547 decreta
1000 2511 1041 2545 et
1068 2503 1120 2546 ab
1151 2505 1326 2547 consule
1355 2505 1583 2547 constituta
1613 2511 1740 2555 esset,

192 2575 408 2617 numerari
439 2577 715 2619 consuevisse
745 2577 946 2619 vidimus.
991 2576 1221 2618 Decretam
1248 2585 1390 2619 autem
1416 2577 1526 2620 hanc
1545 2585 1740 2634 quartam

192 2646 447 2689 dictaturam
484 2663 570 2690 una
606 2664 704 2691 cum
745 2649 970 2691 consulatu
1011 2656 1160 2703 quarto
1199 2648 1316 2691 haud
1354 2649 1485 2692 dubie
1528 2649 1740 2706 significat

194 2716 430 2762 Suetonius
463 2735 497 2762 c.
527 2721 594 2770 76,
627 2721 681 2762 de
709 2735 793 2776 quo
818 2720 913 2762 loco
945 2736 1076 2777 supra
1109 2721 1270 2763 dictum
1302 2728 1378 2763 est.
1438 2721 1581 2776 Atque
1612 2721 1738 2763 etiam

191 2790 378 2833 Zonaras
406 2792 476 2842 X,
512 2793 555 2833 11
593 2799 633 2834 et
661 2794 775 2848 App.
803 2792 900 2834 bell.
933 2793 1013 2834 civ.
1041 2793 1107 2842 11,
1139 2792 1216 2835 106
1248 2790 1422 2834 Caesari
1455 2799 1550 2848 post
1579 2791 1739 2834 bellum

190 2862 480 2918 Hispaniense
505 2864 686 2906 Romam
712 2878 885 2906 reverso
915 2863 1169 2906 dictaturam
1199 2871 1448 2920 perpetuam
1476 2863 1616 2907 datam
1642 2879 1737 2906 esse
