1846 3100
165 151 248 195 222
608 156 662 187 De
686 156 858 189 dictatoris
884 157 1041 190 Caesaris
1069 157 1267 189 honoribus.

166 263 251 306 iam
282 263 479 307 hostibus
507 264 590 306 hoc
617 278 752 306 unum
782 263 1010 306 videbatur
1035 279 1274 320 superesse.
1326 263 1416 308 Sed
1442 282 1468 309 a
1495 280 1580 322 quo
1605 275 1712 309 tem-

165 351 268 392 pore
298 337 504 393 incipitur
529 336 770 378 dictatura?
815 335 886 378 Ab
907 350 957 377 eo
978 336 1193 385 nimirum,
1221 352 1305 392 quo
1327 337 1499 380 decreta
1518 346 1596 387 est,
1625 339 1654 380 i.
1677 354 1712 381 e.

165 407 218 451 ab
249 417 431 451 exeunte
463 424 607 451 mense
639 408 792 465 Aprili,
823 423 921 450 nam
953 408 1006 451 ab
1031 408 1112 451 hoc
1139 409 1208 451 die
1233 410 1510 453 consuevisse
1530 410 1714 453 honores

165 481 378 523 numerari
412 496 542 537 supra
574 482 866 537 exposuimus.
929 479 997 523 Cf.
1028 481 1153 523 etiam
1185 497 1294 537 quae
1329 482 1383 524 de
1417 483 1598 525 afiorum
1633 483 1714 525 im-

163 554 382 610 periorum
411 553 673 610 temporibus
702 561 850 610 postea
878 553 1085 596 dicemus.
1140 554 1240 610 Ipse
1269 554 1455 611 insignia
1481 555 1574 597 eius
1600 562 1713 598 certe

164 613 391 681 antequam
433 643 470 669 a.
501 626 544 668 d.
571 626 658 668 VII
691 625 789 667 Kal.
819 625 938 668 Sext.
980 632 1097 682 (nam
1141 627 1556 684 duodetrigesimum
1599 627 1713 670 diem

164 706 263 754 post
286 699 355 740 ΠΙ
382 699 482 741 Kal.
509 698 685 750 Quinct.
714 698 903 740 nominat
933 706 1083 740 auctor
1110 699 1208 741 bell.
1237 700 1373 742 Afric.
1403 715 1440 742 c.
1465 700 1539 754 98)
1567 700 1611 742 in
1638 715 1712 742 ur-

163 770 261 813 bem
294 770 492 819 advenit,
535 771 619 812 iam
649 770 877 826 usurpavit
907 785 957 812 ac
988 785 1084 812 cum
1115 786 1261 814 mense
1292 770 1444 814 Sextili
1474 772 1712 828 triumphos

164 842 409 893 celebraret,
435 843 663 898 scriptores
687 842 813 884 etiam
833 842 1082 885 dictatorem
1099 858 1197 885 eum
1218 844 1353 886 fuisse
1371 844 1558 887 tradunt.
1602 845 1711 888 Nam

163 915 250 957 Dio
277 915 460 963 XLIII,
497 916 544 957 '19
584 922 700 957 tanto
744 930 843 957 eum
879 915 1073 957 lictorum
1118 931 1296 958 numero
1335 933 1463 959 usum
1508 933 1602 960 esse
1639 918 1710 968 ait,

163 995 371 1043 quantum
396 1003 615 1042 nunquam
637 987 817 1030 Romani
843 987 1061 1037 viderant3
1095 988 1308 1043 siquidem
1333 990 1462 1045 paulo
1485 998 1581 1033 ante
1604 991 1712 1047 (Dio

162 1060 336 1109 XLIII,
372 1061 442 1113 14)
483 1068 656 1102 senatus
691 1061 729 1102 ei
763 1060 1033 1117 permiserat,
1071 1068 1120 1102 ut
1145 1061 1188 1102 in
1221 1061 1472 1117 triumphis,
1512 1078 1620 1118 quos
1657 1063 1711 1106 de

162 1132 356 1174 hostibus
396 1140 509 1174 esset
546 1139 741 1183 acturus,
784 1132 886 1187 quia
925 1147 997 1174 eos
1027 1133 1181 1188 partim
1211 1135 1254 1175 in
1288 1134 1444 1190 prima,
1482 1135 1635 1191 partim
1666 1135 1711 1179 in

162 1205 295 1247 altera
323 1204 535 1246 dictatura
565 1205 750 1255 vicisset,
780 1220 865 1247 non
890 1205 1037 1247 tertiae
1066 1206 1193 1248 modo
1221 1206 1457 1249 dictaturae
1487 1207 1710 1250 lictoribus

163 1284 376 1326 uteretur,
418 1277 495 1319 sed
533 1277 722 1333 priorum
760 1277 885 1319 etiam
917 1278 1101 1320 duarum
1130 1277 1335 1320 adiiceret
1367 1286 1408 1320 et
1438 1280 1711 1336 septuaginta

162 1350 250 1392 duo
279 1349 451 1391 omnino
480 1349 719 1391 conficeret.
780 1348 974 1406 Accepta
1002 1357 1143 1392 autem
1174 1349 1387 1393 dictatura
1423 1358 1569 1394 utrum
1607 1367 1708 1395 con-

163 1423 362 1473 sulatum,
388 1437 517 1478 quem
544 1422 733 1477 gerebat,
762 1422 1008 1478 deposuerit
1027 1437 1162 1464 necne
1180 1422 1389 1465 incertum
1411 1431 1475 1466 est
1493 1439 1572 1467 nec
1594 1431 1709 1467 recte

161 1510 271 1551 quae
311 1495 426 1551 apud
467 1495 595 1537 Dion.
624 1495 796 1545 XLIII,
827 1496 878 1537 323
918 1495 972 1537 de
1017 1494 1133 1536 exitu
1173 1496 1272 1536 anni
1303 1495 1356 1538 46
1396 1503 1516 1538 sunt:
1568 1499 1707 1554 ἱππάρ-

161 1584 265 1623 χησε
301 1569 345 1609 δὲ
381 1568 591 1620 (Λέπιδος)
627 1568 693 1608 καὶ
728 1569 818 1608 τότε
850 1568 971 1612 αὐτὸς
1002 1568 1145 1610 ἑαυτὸν
1176 1568 1216 1608 ἐν
1249 1566 1300 1622 τῇ
1332 1568 1503 1623 ὑπατείᾳ
1531 1568 1707 1611 ἐπειπὼν

161 1640 362 1696 ἵππαρχον
393 1640 504 1695 παρὰ
536 1640 584 1681 τὰ
612 1642 784 1695 πάτρια,
826 1640 885 1682 ita
914 1639 966 1682 ab
998 1639 1302 1696 interpretibus
1335 1641 1536 1696 explicari
1567 1641 1708 1691 video,

161 1718 209 1753 ut
234 1711 450 1768 Lepidum
482 1720 632 1768 putent
662 1711 706 1753 in
737 1712 963 1754 consulatu
994 1727 1146 1754 nomen
1179 1713 1373 1768 magistri
1405 1713 1595 1768 equitum
1626 1712 1707 1756 sibi

160 1783 369 1826 adiecisse
405 1785 536 1840 idque
567 1792 715 1827 contra
743 1785 953 1826 maiorum
984 1799 1144 1826 morem
1174 1785 1322 1827 fuisse.
1378 1786 1593 1841 Equidem
1626 1786 1708 1829 hoc

159 1856 300 1911 potius
330 1857 414 1899 dici
443 1857 657 1913 intelligo,
695 1857 912 1913 Lepidum
941 1872 1038 1899 cum
1065 1864 1178 1899 esset
1205 1857 1356 1899 consul
1379 1872 1477 1899 cum
1507 1855 1706 1908 Caesare,

159 1937 385 1984 postquam
412 1929 514 1971 huic
539 1929 663 1971 tertia
691 1929 903 1972 dictatura
932 1929 1069 1971 delata
1098 1936 1184 1978 est,
1223 1944 1310 1971 non
1344 1929 1472 1971 modo
1503 1944 1557 1972 ex
1589 1943 1706 1972 more

160 2001 410 2044 dictatorem
439 2002 582 2058 ipsum
610 2001 771 2044 dixisse
802 1999 1057 2051 Caesarem,
1098 2001 1174 2043 sed
1211 2002 1338 2044 etiam
1373 2017 1417 2043 se
1452 2002 1706 2057 magistrum

161 2074 366 2129 equitum,
394 2074 437 2115 in
465 2089 550 2128 quo
578 2073 806 2129 dupliciter
833 2072 886 2115 ab
905 2082 1047 2115 vetere
1068 2073 1263 2115 instituto
1283 2073 1478 2123 descivit,
1507 2073 1705 2129 primum,

159 2147 277 2201 quod
308 2147 478 2189 omnino
514 2146 665 2188 consul
695 2146 946 2200 magistrum
983 2145 1172 2200 equitum
1213 2145 1344 2196 dixit,
1388 2161 1472 2187 non
1510 2145 1705 2195 dictator,

159 2234 244 2273 qua
280 2219 334 2261 de
370 2234 417 2260 re
457 2219 540 2260 iam
577 2233 707 2274 supra
735 2218 1000 2274 disputatum
1030 2225 1115 2268 est,
1159 2218 1314 2259 deinde
1343 2217 1460 2273 quod
1491 2231 1536 2259 se
1561 2217 1706 2273 ipsum

160 2291 288 2340 dixit,
328 2306 412 2332 non
443 2291 595 2333 alium:
642 2291 752 2333 hanc
783 2290 1034 2332 sententiam
1065 2289 1221 2331 Dionis
1251 2305 1304 2331 ex
1334 2297 1534 2332 accurata
1559 2296 1601 2331 et
1627 2303 1704 2332 vo-

159 2363 410 2406 cabulorum
447 2372 488 2405 et
516 2371 753 2418 temporum
780 2362 1125 2418 interpretatione
1155 2361 1266 2403 effici
1297 2361 1523 2417 perspicio.
1587 2360 1706 2403 Nihil

158 2436 291 2491 igitur
319 2436 362 2477 in
390 2436 456 2477 his
485 2442 570 2486 est,
607 2442 654 2476 ut
681 2432 909 2478 Caesarem
938 2449 1076 2489 usque
1106 2434 1160 2475 ad
1191 2434 1351 2475 exitum
1387 2435 1486 2476 anni
1517 2433 1570 2476 46
1601 2447 1704 2475 con—

160 2507 344 2550 sulatum
371 2508 559 2564 gessisse
587 2514 806 2563 putemus,
836 2507 964 2548 immo
991 2506 1100 2555 Dio,
1141 2506 1215 2561 qui
1243 2513 1283 2548 et
1308 2506 1352 2547 in
1379 2505 1433 2548 iis
1462 2520 1570 2561 quae
1598 2504 1703 2548 cita-

157 2579 320 2629 vimus,
365 2580 445 2622 etsi
475 2580 528 2622 de
557 2595 668 2622 anno
696 2579 748 2622 46
777 2578 988 2634 loquitur,
1030 2585 1171 2620 tamen
1204 2579 1244 2618 ἐν
1278 2579 1329 2632 τῇ
1363 2580 1532 2633 ὑπατείᾳ
1562 2584 1705 2620 narret

157 2652 410 2707 magistrum
440 2652 632 2707 equitum
663 2667 758 2694 esse
789 2652 949 2693 factum
979 2649 1220 2705 Lepidum,
1255 2657 1296 2692 et
1321 2650 1450 2706 paulo
1477 2658 1573 2692 ante
1603 2665 1715 2692 exe-N

156 2732 258 2765 unte
286 2724 435 2766 eodem
463 2739 572 2767 anno
597 2725 636 2764 ἐν
659 2729 706 2778 τῇ
729 2724 924 2777 ἱππαρχίᾳ
953 2722 1122 2764 comitia
1150 2723 1391 2765 consularia
1413 2722 1467 2765 ab
1489 2737 1539 2764 eo
1560 2721 1704 2765 habita

157 2810 251 2837 esse
293 2796 474 2846 scribat,
521 2811 606 2838 non
648 2795 831 2838 obscure
873 2801 1067 2849 tempora
1106 2795 1352 2836 consulatus
1393 2802 1434 2836 et
1469 2794 1702 2850 magisterii

157 2868 347 2923 equitum
385 2868 652 2924 distinguere
691 2882 828 2922 neque
867 2867 987 2908 illum
1027 2883 1164 2922 usque
1197 2867 1251 2908 ad
1282 2867 1446 2909 exitum
1474 2866 1572 2908 anni
1601 2881 1701 2921 pro-
