1846 3100
182 156 264 200 204
621 162 673 194 De
703 161 875 194 dictatoris
904 160 1060 194 Caesaris
1090 161 1287 196 honoribus.

181 275 392 320 narratur,
420 286 506 314 non
535 271 593 321 vi,
626 271 702 313 sed
729 271 827 327 lege
852 270 937 312 lata
963 268 1192 314 Caesarem
1220 272 1382 315 aerario
1409 273 1591 330 potitum
1619 287 1731 323 esse,

185 342 261 385 sed
293 343 546 385 universum
577 343 736 386 bellum
767 343 811 385 in
836 342 1090 399 Pompeium
1122 344 1299 400 eiusque
1332 345 1497 402 legatos
1525 346 1610 388 iam
1634 346 1732 402 lege

181 429 231 458 ac
259 415 352 458 iure
383 417 596 458 munitum
627 416 829 472 gessisse.
873 415 1085 458 Notabilis
1115 425 1255 460 autem
1281 425 1346 461 est
1371 419 1467 475 ipsa
1485 419 1612 462 etiam
1631 433 1732 475 pro-

182 488 420 531 consularis
447 495 649 545 potestas,
678 503 787 545 quae
815 488 1020 545 paulatim
1043 488 1101 530 ita
1123 489 1379 546 amplificata
1399 498 1477 543 est,
1507 498 1556 533 ut
1573 488 1733 533 Caesar

181 576 231 604 ea
268 568 443 604 ornatus
484 561 561 603 toti
599 561 692 604 orbi
727 568 935 604 terrarum
972 561 1212 617 imperaret.
1278 562 1387 606 Nam
1420 563 1465 606 in
1491 568 1636 606 vetere
1663 578 1732 606 re-

181 633 355 691 publica
393 649 442 677 ea
477 634 607 677 unius
638 634 729 676 fere
758 633 1005 690 provinciae
1034 634 1249 690 uniusque
1283 635 1382 678 anni
1407 635 1567 679 finibus
1598 635 1732 679 conti-

181 707 377 758 nebatur,
418 706 541 750 Sulla
571 714 740 764 tempus
766 706 982 763 produxit,
1025 704 1223 750 Caesaris
1248 707 1529 764 Pompeiique
1559 707 1732 750 ambitio

182 784 224 820 et
251 785 338 822 tres
368 794 445 836 pro
471 795 559 823 una
583 779 823 836 provincias
854 785 895 821 et
919 779 1067 822 decem
1093 795 1226 823 annos
1253 781 1589 838 comprehendit,
1622 778 1732 824 Cae-

183 852 291 895 saris
330 852 516 909 denique
551 859 847 895 consummata
875 851 959 894 iam
989 853 1203 909 potentia,
1246 853 1411 896 etiamsi
1441 854 1551 897 forte
1579 868 1732 911 perpe-

181 925 376 968 tuitatem
414 925 608 968 nondum
649 925 917 982 concupivit,
964 926 1081 980 (nam
1117 926 1215 968 anni
1254 926 1372 969 haud
1410 927 1498 969 scio
1536 942 1590 968 an
1629 925 1733 968 certi

183 999 267 1041 sint
296 999 561 1055 praescripti,
589 1013 666 1055 per
694 1013 802 1054 quos
833 995 994 1040 Caesar
1019 998 1247 1055 imperium
1277 999 1454 1042 haberet
1481 999 1526 1041 in
1556 998 1733 1056 provin-

185 1072 282 1127 ciis)
319 1071 636 1128 provinciarum
669 1077 783 1113 certe
811 1070 917 1112 fines
942 1071 1115 1113 sustulit
1134 1071 1189 1113 ad
1213 1086 1390 1128 eamque
1409 1071 1732 1128 amplitudinem

181 1144 390 1201 pervenit,
421 1159 548 1199 quam
573 1150 723 1201 postea
755 1145 986 1200 Augustus
1015 1143 1192 1186 retinuit
1219 1151 1346 1200 atque
1378 1144 1433 1187 ad
1461 1158 1732 1187 successores

184 1232 286 1260 suos
328 1217 595 1274 propagavit.
668 1216 790 1258 Haec
831 1216 964 1273 igitur
999 1223 1064 1259 est
1102 1217 1223 1274 origo
1262 1217 1581 1273 proconsularis
1618 1215 1733 1258 illius

180 1290 428 1346 potestatis,
474 1305 600 1345 quam
643 1296 790 1345 postea
829 1289 1108 1345 imperatores
1148 1289 1330 1332 Romani
1372 1289 1615 1332 habuerunt
1659 1289 1732 1343 (cf.

183 1361 423 1406 Comment.
452 1361 550 1405 Vol.
571 1362 616 1404 II
639 1376 682 1418 p.
704 1361 790 1412 79),
821 1377 1006 1418 quorum
1034 1362 1266 1406 dominatio
1293 1362 1399 1405 nihil
1427 1377 1603 1413 novum,
1629 1361 1735 1405 nihil

181 1435 401 1478 insolitum
431 1434 599 1478 adiecit.

294 1507 440 1564 Atque
470 1507 581 1550 hanc
610 1505 667 1549 ob
700 1521 886 1558 causam,
919 1508 1036 1563 quod
1065 1508 1172 1551 haec
1203 1514 1388 1565 potestas
1419 1508 1471 1558 ei,
1506 1523 1593 1564 qua
1621 1504 1732 1550 Cae-

184 1595 253 1623 sar
281 1588 405 1623 antea
434 1581 478 1622 in
509 1578 663 1622 Galliis
694 1579 898 1635 regendis
925 1596 1033 1623 usus
1072 1587 1183 1632 erat,
1226 1595 1404 1636 prorsus
1446 1580 1597 1623 similis
1637 1580 1734 1629 fuit,

182 1654 346 1696 factum
375 1668 469 1696 esse
499 1653 694 1703 arbitror,
725 1659 774 1695 ut
800 1652 854 1694 ab
885 1668 935 1695 eo
965 1660 1169 1710 tempore,
1200 1668 1285 1708 quo
1315 1669 1408 1696 eam
1429 1652 1604 1710 accepit,
1634 1652 1734 1695 anni

182 1726 450 1782 principatus
479 1725 693 1768 numerari
723 1740 808 1767 non
839 1725 1013 1767 soleant.
1077 1726 1250 1768 Etenim
1275 1732 1464 1776 veteres,
1506 1725 1581 1782 qui
1604 1739 1732 1768 accu-

183 1798 319 1841 ratius
343 1797 398 1840 de
421 1798 696 1854 chronologia
715 1797 980 1854 scripserunt
997 1800 1115 1852 (nam
1137 1813 1224 1849 eos,
1248 1799 1322 1855 qui
1345 1798 1552 1842 crassiore
1570 1797 1733 1841 ratione

182 1871 252 1913 usi
282 1870 503 1914 mensibus
535 1870 740 1926 neglectis
770 1885 905 1912 annos
935 1877 1100 1912 tantum
1132 1877 1371 1921 numerant,
1405 1871 1523 1914 velut
1545 1869 1732 1926 Syncell.

184 1959 224 2000 p.
252 1944 334 1987 574
364 1943 431 1986 ed.
458 1943 612 1994 Bonn.,
640 1942 965 1999 praetermitto),
994 1957 1178 1998 regnum
1197 1941 1395 1986 Caesaris
1420 1943 1557 1986 fuisse
1584 1942 1735 1984 dicunt

184 2022 387 2072 quattuor
422 2030 629 2058 annorum
669 2022 711 2058 et
749 2021 912 2071 septem
948 2015 1160 2057 mensium
1197 2015 1306 2072 (vid.
1339 2015 1502 2058 Euseb.
1533 2013 1733 2059 Chronic.

128 2099 132 2103 '
184 2095 286 2131 tom.
317 2089 339 2131 Ι
367 2104 410 2144 p.
439 2089 517 2131 194
545 2087 718 2138 Venet.,
753 2087 954 2130 Chronic.
982 2087 1137 2130 Pasch.
1169 2103 1209 2143 p.
1241 2087 1320 2130 354
1351 2088 1418 2130 ed.
1447 2086 1628 2143 Bonn.),
1672 2093 1734 2138 ut,

186 2176 284 2203 cum
309 2160 421 2203 Idib.
447 2161 616 2203 Martiis
647 2161 747 2203 anni
778 2161 830 2203 44
862 2160 1031 2204 occisus
1065 2160 1140 2210 sit,
1183 2159 1353 2202 initium
1389 2159 1513 2216 regni
1543 2159 1734 2202 incidere

186 2240 380 2290 oporteat
406 2233 450 2275 in
480 2249 671 2276 mensem
699 2233 860 2276 Iulium
890 2233 960 2276 vel
986 2231 1239 2289 Augustum
1267 2232 1366 2274 anni
1396 2232 1462 2275 49.
1515 2232 1607 2275 Iam
1637 2246 1735 2289 pro—

187 2306 425 2349 consularis
464 2306 537 2349 illa
565 2313 752 2362 potestas
783 2306 985 2362 quoniam
1015 2311 1188 2348 senatus
1219 2305 1290 2347 ille
1321 2311 1441 2347 extra
1467 2303 1642 2354 urbem,
1681 2304 1735 2347 de

187 2394 273 2434 quo
300 2379 501 2429 diximus,
527 2378 633 2435 ipsis
650 2378 750 2420 Kal.
767 2377 907 2435 April.
930 2377 1104 2420 habitus
1128 2384 1191 2420 est
1221 2375 1335 2432 (Cic.
1360 2377 1416 2419 ad
1433 2376 1524 2419 Att.
1541 2376 1626 2426 IX,
1650 2374 1734 2431 17),

188 2451 329 2493 delata
357 2458 422 2494 est
454 2451 630 2494 Caesari
656 2451 777 2493 initio
806 2451 965 2493 mensis
995 2449 1175 2506 Aprilis,
1207 2465 1231 2492 a
1256 2465 1341 2506 qua
1371 2449 1406 2492 si
1432 2463 1615 2505 regnum
1642 2448 1735 2491 eius

187 2523 460 2580 inciperetur,
490 2530 693 2580 quattuor
711 2523 809 2566 anni
833 2530 875 2565 et
900 2522 1101 2565 undecim
1122 2528 1234 2564 certe
1254 2536 1423 2564 menses
1440 2521 1733 2563 efficerentur:

188 2612 319 2653 quare
348 2596 477 2639 alium
505 2596 710 2639 honorem
741 2595 1034 2651 quaerendum
1061 2609 1156 2637 esse
1184 2594 1398 2650 intelligo,
1446 2607 1531 2650 quo
1560 2599 1735 2648 accepto

189 2675 230 2711 et
261 2684 392 2725 supra
422 2669 607 2725 reliquos
639 2668 821 2712 civitatis
849 2667 1061 2724 principes
1082 2665 1244 2710 Caesar
1271 2667 1406 2709 elatus
1434 2666 1489 2708 sit
1509 2673 1550 2708 et
1574 2671 1736 2721 septem

187 2747 352 2783 tantum
383 2756 552 2784 menses
585 2757 714 2798 supra
744 2746 943 2797 quattuor
972 2755 1105 2782 annos
1135 2740 1313 2790 vixerit,
1355 2753 1494 2795 neque
1525 2737 1633 2780 alius
1667 2751 1736 2778 re-

187 2814 352 2869 peritur
380 2813 464 2856 nisi
497 2814 721 2863 dictatura,
753 2827 862 2868 quae
883 2812 927 2853 in
945 2812 1067 2855 fastis
1087 2810 1340 2868 Capitolinis
1363 2811 1500 2868 primo
1523 2809 1735 2851 honorum

190 2883 390 2928 Caesaris
421 2887 516 2930 loco
544 2887 731 2943 ponitur.
779 2885 887 2927 Eam
916 2884 1130 2928 decretam
1154 2901 1248 2928 esse
1274 2899 1384 2927 anno
1402 2884 1454 2927 49
1483 2880 1532 2924 C.
1552 2880 1735 2924 Claudio
