1846 3100
193 160 275 202 252
631 164 685 195 De
713 164 884 196 dictatoris
910 163 1065 197 Caesaris
1091 166 1289 199 honoribus.

192 271 376 315 maxime
418 271 554 328 plebis
597 287 745 315 curam
787 286 936 329 gerere
981 288 1230 330 summaque
1270 289 1400 330 quam
1433 276 1506 320 illa
1539 278 1732 320 conferre

190 352 349 402 posset,
375 352 582 401 potestate
611 345 832 401 praeditus
864 361 958 388 csse
985 345 1217 388 videretur.
1274 346 1421 401 Quare
1447 349 1533 392 Dio
1561 350 1731 400 XLIV,

192 418 231 469 4,
261 417 337 460 ubi
370 417 408 460 ei
437 432 546 460 anno
576 417 627 459 44
656 433 692 460 a.
722 415 824 460 Chr.
855 425 1018 460 vestem
1049 418 1348 475 triumphalem
1386 420 1617 477 sellamque
1656 437 1731 464 cu-

189 489 326 532 rulem
357 490 402 531 in
437 496 691 546 perpetuum
728 489 944 542 decretam
981 505 1074 533 esse
1115 490 1275 542 scribit,
1314 499 1514 550 exceptos
1551 508 1645 535 esse
1675 494 1733 535 ait

189 562 338 604 ludos:
385 560 487 603 Τότε
527 562 602 616 γὰρ
644 562 713 602 ἐπί
745 577 788 602 τε
825 566 895 604 τοῦ
930 564 1186 619 ὃημοιρχικοῦ
1228 564 1383 620 βάθρου
1425 566 1492 606 καὶ
1524 565 1623 620 μετὰ
1653 557 1756 607 τῶν’

191 635 255 676 ἀεὶ
288 634 606 690 δημαρχούντων
639 634 871 675 θεάσασθαι
899 633 1036 691 ἔλαβε,
1068 649 1177 690 quae
1204 635 1335 678 verba
1371 651 1457 679 non
1486 636 1541 678 ad
1573 652 1733 680 novum

192 706 412 749 decretum
442 706 515 748 illo
547 721 658 748 anno
687 706 863 756 factum,
899 706 975 748 sed
1002 707 1057 749 ad
1088 707 1183 757 hoc,
1214 707 1331 763 quod
1360 723 1469 750 anno
1501 709 1553 751 48
1584 709 1731 752 datum

196 786 297 829 erat,
327 779 539 835 pertinere
576 777 770 820 arbitror.
829 779 980 821 Altera
1016 787 1158 822 autem
1191 795 1260 822 res
1289 795 1399 836 quae
1433 781 1479 824 111
1512 780 1731 825 tribunatu

188 859 394 907 perpetuo
424 851 573 901 fuerit,
606 851 668 893 sic
695 849 748 892 ab
779 851 924 893 Dione
957 851 1241 908 significatur:
1272 855 1338 894 καὶ
1367 854 1408 898 ἐς
1434 854 1564 896 τᾶλλα
1600 855 1730 900 συνεξ-

191 925 408 971 ετάζεσθαι
440 924 588 980 σφίσιν,
633 924 652 965 ὃ
690 924 832 978 μηδενὶ
864 923 969 978 ἐξῆν,
1000 925 1155 979 εὕρετο.
1212 923 1335 978 Quae
1365 924 1496 968 verba
1525 926 1598 982 qui
1629 926 1731 968 sim-

186 996 355 1053 pliciter
386 996 512 1051 atque
544 1012 597 1038 ex
625 995 807 1038 naturali
837 1011 983 1038 eorum
1010 1004 1220 1053 potestate
1246 998 1607 1054 interpretabitur,
1640 1013 1730 1041 cre-

188 1069 261 1110 det
290 1069 431 1110 omnia
461 1068 732 1110 tribunorum
761 1067 895 1124 plebis
924 1069 1018 1111 iura
1047 1069 1218 1112 decreta
1248 1085 1343 1112 esse
1368 1070 1626 1127 imperatori,
1652 1085 1731 1113 nec

188 1141 416 1197 quicquam
455 1141 658 1184 habuisse
697 1141 808 1191 illos,
845 1142 962 1196 quod
1006 1156 1090 1183 non
1126 1141 1239 1183 idem
1270 1142 1341 1185 hic
1379 1143 1611 1200 acceperit:
1652 1158 1731 1185 nec

189 1215 331 1265 video,
370 1229 455 1269 qua
491 1214 574 1256 alia
601 1214 946 1270 interpretatione
979 1214 1041 1255 uti
1071 1214 1208 1256 liceat.
1255 1214 1456 1258 Habebat
1485 1216 1618 1272 igitur
1646 1217 1730 1258 iam

188 1275 350 1330 Caesar
383 1287 452 1329 ius
489 1287 637 1330 auxilii
673 1288 853 1338 ferendi,
894 1285 1077 1329 habebat
1105 1287 1412 1337 intercedendi,
1450 1287 1633 1331 habebat
1663 1303 1730 1330 se-

186 1368 311 1403 natus
338 1361 522 1403 vocandi
550 1368 591 1403 et
620 1361 886 1411 consulendi,
918 1359 1102 1402 habebat
1131 1360 1287 1415 agendi
1319 1376 1415 1403 cum
1433 1362 1570 1418 plebe,
1589 1377 1730 1404 sacro-

187 1441 359 1476 sanctus
391 1434 576 1489 denique
608 1449 694 1476 non
723 1433 866 1475 minus
896 1439 985 1475 erat
1016 1448 1143 1488 quam
1175 1433 1248 1488 qui
1272 1434 1367 1489 ipso
1388 1433 1607 1476 tribunatu
1631 1435 1730 1476 fun-

187 1505 416 1561 gebantur3
446 1506 553 1548 nihil
581 1506 765 1561 denique
793 1512 881 1548 erat
908 1505 1027 1561 quod
1056 1505 1239 1547 tribunis
1262 1506 1401 1562 plebis
1424 1506 1583 1557 liceret,
1614 1508 1730 1563 quod

184 1594 267 1620 non
299 1579 543 1635 imperatori
569 1587 682 1620 esset
712 1592 990 1627 concessum3
1022 1577 1127 1619 nihil
1159 1578 1271 1619 enim
1302 1578 1390 1621 Dio
1419 1580 1587 1636 excipit.
1637 1580 1727 1622 Nec

186 1652 278 1694 sine
310 1667 440 1694 causa
466 1652 642 1694 additur
677 1653 697 1693 ὃ
731 1653 873 1707 μηδενὶ
901 1652 1006 1706 ἐξῆν,
1035 1650 1194 1692 1101111111
1221 1650 1394 1693 licuisse
1423 1658 1630 1707 potestate
1654 1653 1729 1695 tri-

187 1724 360 1766 bunicia
400 1724 476 1765 uti,
529 1723 701 1766 Etenim
737 1724 915 1765 interest
953 1723 1035 1765 hoc
1071 1723 1181 1764 inter
1215 1721 1483 1765 tribunorum
1523 1724 1661 1780 plebis
1690 1731 1731 1767 et

188 1797 298 1838 inter
329 1803 573 1852 praetorum
604 1797 674 1838 vel
703 1796 929 1839 consulum
961 1795 1180 1844 rationem,
1210 1795 1327 1850 quod
1359 1795 1513 1837 horum
1541 1803 1729 1852 potestas

189 1884 314 1925 saepe
340 1869 567 1924 quotannis
597 1869 664 1919 iis,
691 1869 765 1924 qui
795 1868 902 1925 ipsis
929 1867 1167 1910 honoribus
1191 1883 1276 1910 non
1292 1867 1476 1924 amplius
1495 1875 1729 1919 uterentur,

186 1942 344 1984 deferri
381 1941 544 1984 solebat
578 1941 874 1996 notissimique
910 1947 1010 1982 sunt
1037 1954 1114 1996 pro
1145 1939 1412 1996 praetoribus
1445 1947 1487 1981 et
1521 1955 1598 1996 pro
1628 1955 1729 1983 con-

187 2014 375 2064 sulibus3
414 2014 489 2056 sed
521 2013 788 2055 tribunorum
818 2019 1069 2069 potestatem
1100 2028 1333 2068 nunquam,
1370 2012 1444 2068 qui
1474 2028 1558 2054 non
1585 2013 1729 2069 ipsum

184 2088 450 2130 tribunatum
480 2093 659 2143 gereret,
690 2085 944 2134 obtinuerat,
971 2091 1019 2126 ut
1048 2098 1161 2126 novo
1197 2099 1374 2140 prorsus
1405 2100 1521 2127 more
1548 2100 1598 2127 ac
1627 2101 1728 2128 con-

182 2167 246 2202 tra
277 2167 464 2202 veterem
494 2155 804 2215 rempublicam
841 2155 1017 2199 Caesari
1046 2156 1249 2198 universa
1288 2156 1516 2200 tribunicia
1541 2165 1728 2214 potestas

185 2232 533 2274 committeretur.
577 2231 704 2273 Iuvat
731 2237 874 2272 autem
902 2229 1029 2271 etiam
1060 2243 1246 2277 causam,
1274 2244 1352 2270 cur
1374 2244 1534 2271 novum
1560 2230 1727 2273 hocius

185 2303 361 2348 Caesari
391 2304 609 2346 decretum
641 2303 708 2353 sit,
737 2301 951 2359 persequi.
995 2301 1080 2342 xAit
1113 2300 1224 2342 enim
1258 2300 1366 2343 Dio:
1408 2302 1458 2342 αἵ
1485 2318 1528 2343 τε
1554 2303 1628 2357 γὰρ
1661 2304 1727 2358 ἀρ-

182 2378 388 2434 χαιρεσίαι
427 2379 554 2417 πᾶσαι
597 2376 700 2430 πλὴν
740 2377 818 2416 τῶν
857 2377 927 2415 τοῦ
968 2373 1153 2428 πλήθους
1193 2372 1255 2413 ἐπ’
1301 2373 1411 2430 αὐτῷ
1447 2374 1646 2428 ἐγένοντο,
1682 2374 1727 2416 in

182 2449 339 2504 quibus
368 2448 462 2504 ipsa
490 2447 699 2504 particula
730 2445 1073 2489 coniunctionem
1101 2445 1317 2500 quandam
1348 2445 1459 2488 inter
1491 2445 1660 2488 comitia
1687 2453 1728 2489 et

183 2520 454 2564 tribuniciam
482 2526 735 2575 potestatem
765 2518 1058 2560 intercessisse
1087 2517 1312 2573 significat.
1364 2517 1578 2560 Nimirum
1603 2533 1727 2574 prae-

183 2601 322 2635 torum
352 2599 393 2634 et
423 2592 646 2634 consulum
677 2590 847 2633 comitia
879 2605 974 2632 cum
1010 2586 1172 2631 Caesar
1198 2589 1242 2630 in
1270 2595 1476 2645 potestate
1505 2605 1583 2633 sua
1608 2598 1726 2632 tene-

182 2671 260 2714 ret,
302 2664 426 2706 facile
463 2678 516 2705 ne
557 2664 654 2718 quis
690 2663 762 2719 qui
803 2677 902 2704 suas
936 2675 1005 2703 res
1045 2660 1273 2716 impediret
1310 2668 1527 2705 crearetur
1563 2668 1727 2718 poterat

183 2751 347 2786 cavere,
381 2742 545 2792 poterat
577 2735 717 2785 etiam,
746 2734 792 2776 id
820 2733 937 2789 quod
957 2748 1065 2775 anno
1097 2733 1147 2776 47
1179 2740 1219 2775 et
1246 2734 1298 2776 45
1317 2734 1527 2776 accidisse
1549 2733 1725 2775 demon-

184 2808 429 2858 stravimus,
463 2806 872 2862 aliquando‘nullos
903 2805 1043 2847 facere
1075 2805 1246 2848 curules
1274 2806 1562 2862 magistratus,
1594 2811 1637 2847 at
1671 2804 1724 2846 de

183 2879 366 2923 tribunis
395 2879 693 2934 aedilibusque
722 2877 899 2935 plebeiis
936 2877 1111 2933 antiqua
1149 2878 1246 2934 lege
1276 2876 1598 2934 religiosissime
1628 2891 1724 2919 san-
