1846 3100
184 128 262 171 170
525 131 580 163 De
606 130 718 164 Gallia
740 131 974 164 Romanorum
999 133 1175 174 provincia
1198 133 1380 174 appendix.

179 240 315 282 fuisse
346 246 467 296 putat
493 239 766 281 Hofmannus
794 255 837 296 p.
865 239 934 289 25,
963 238 1079 295 quod
1109 238 1342 296 Pompeius
1370 240 1444 284 ubi
1471 258 1496 284 a
1521 242 1722 298 petitione

179 312 391 354 honorum
419 312 620 354 absentes
652 300 957 362 submovebat,
1001 312 1139 354 sciens
1168 318 1209 354 et
1236 312 1335 355 dolo
1359 314 1489 364 malo,
1527 314 1724 369 quamvis

181 385 309 442 paulo
345 391 442 426 ante
476 385 617 440 legem
646 383 916 426 tribuniciam
946 384 1039 440 ipse
1069 384 1330 435 adiuvisset,
1374 383 1603 429 Caesarem
1640 401 1723 428 non

182 457 364 516 excepit.
433 457 494 499 At
530 456 764 499 Suetonius
805 471 842 498 c.
872 456 925 499 ‘28
962 471 1038 512 per
1074 456 1333 499 oblivionem
1374 455 1604 501 Caesarem
1639 474 1724 501 non

181 536 408 586 exceptum
435 544 529 571 esse
559 529 618 570 ait
648 528 993 584 oblivionemque
1025 528 1231 578 ostendit,
1274 530 1390 585 quod
1425 531 1521 587 lege
1558 531 1643 574 iam
1681 531 1724 573 in

180 616 252 643 aes
289 602 425 644 incisa
453 608 496 644 et
525 602 568 643 in
598 601 809 643 aerarium
837 600 1008 643 condita
1035 600 1269 657 Pompeius
1301 616 1488 646 errorem
1518 603 1724 646 correxit:

180 674 296 730 quod
334 674 431 730 quis
473 674 654 724 faceret,
702 673 777 729 qui
822 689 872 715 ea
913 673 1075 715 ratione
1105 671 1279 715 Caesari
1323 689 1477 717 nocere
1522 675 1726 732 cuperet?

179 747 353 802 Pugnat
381 746 516 802 igitur
541 745 859 788 Hofmanniana
883 745 1113 788 auctoritas
1139 760 1237 788 cum
1264 744 1535 798 Suetoniana,
1561 754 1726 804 pugnat

181 819 307 861 etiam
337 818 653 874 quodammodo
686 833 783 860 cum
812 817 1121 874 probabilitate,
1154 817 1231 860 sed
1258 818 1366 860 illud
1394 827 1534 862 tamen
1563 827 1726 863 certum

181 898 268 941 est,
306 906 357 933 ea
393 890 608 934 oblivione
637 889 836 933 Caesaris
864 890 1059 933 inimicos
1087 905 1190 932 usos
1221 905 1329 933 esse.
1384 891 1495 934 Nam
1521 892 1583 935 M.
1607 892 1726 935 Mar-

181 963 315 1006 cellus
347 978 434 1005 eos.
465 963 563 1005 anni
591 963 636 1005 51
675 963 772 1005 ideo
800 962 988 1005 absentis
1017 962 1222 1005 rationem
1258 963 1496 1006 habendam
1526 980 1621 1007 esse
1652 980 1727 1007 ne-

182 1035 313 1092 gavit,
338 1035 454 1091 quod
479 1035 704 1092 plebiscito
731 1034 963 1091 Pompeius
989 1043 1138 1092 postea
1159 1029 1415 1092 obrogasset
1436 1035 1579 1092 (Suet.
1601 1035 1727 1080 Caes.

181 1122 216 1150 c.
250 1107 339 1160 28).
404 1108 457 1150 In
495 1107 576 1150 hac
614 1123 660 1149 re
694 1123 819 1150 omne
857 1116 1118 1150 momentum
1154 1108 1448 1151 collocandum
1488 1119 1598 1152 erat:
1649 1109 1728 1151 hae

179 1196 291 1223 unae
324 1188 424 1223 sunt
449 1180 631 1222 insidiae
651 1177 848 1222 Caesaris
874 1180 1053 1236 imperio
1076 1181 1226 1231 factae,
1255 1196 1340 1223 non
1360 1181 1578 1224 voluntate
1597 1182 1728 1224 Pom-

179 1253 289 1310 peii,
329 1253 406 1295 sed
437 1265 561 1296 casu:
605 1251 706 1294 hinc
736 1252 857 1308 origo
888 1252 988 1295 belli
1019 1253 1252 1309 repetenda
1281 1261 1358 1295 est.
1417 1253 1601 1310 Reliqua
1633 1255 1727 1305 tria,

180 1342 290 1383 quae
320 1326 596 1368 Hofmannus
633 1325 776 1375 affert,
819 1325 1075 1367 coniecturis
1115 1326 1360 1367 efficiuntur
1399 1340 1550 1381 parum
1587 1325 1728 1368 rectis.

181 1400 312 1442 Putat
337 1398 449 1441 enim
478 1398 563 1454 legi
592 1397 860 1446 tribuniciae,
892 1413 977 1452 qua
998 1398 1177 1440 secundi
1197 1398 1445 1440 consulatus
1463 1397 1612 1454 petitio
1631 1397 1731 1440 data

181 1478 259 1522 est,
292 1471 526 1528 ascriptum
554 1470 690 1513 fuisse
721 1486 773 1510 ne
791 1473 1005 1523 petitionis
1033 1486 1159 1511 causa
1189 1474 1398 1512 maturius
1427 1477 1465 1511 et
1489 1473 1729 1524 imperfecto

181 1546 316 1585 adhuc
346 1545 446 1585 bello
477 1545 703 1592 decederet;
734 1543 877 1598 itaque
897 1543 1179 1598 Pompeianos
1205 1543 1382 1593 dixisse,
1412 1557 1511 1585 cum
1530 1541 1729 1586 Caesaris

180 1617 345 1658 litterae
388 1622 429 1657 et
469 1615 801 1672 supplicationes
841 1615 1000 1657 bellum
1041 1616 1283 1657 confectum
1315 1630 1409 1657 esse
1443 1615 1729 1666 ostenderent,

182 1688 482 1730 decedendum
510 1687 548 1729 ei
576 1702 671 1730 esse
696 1694 792 1729 ante
824 1687 984 1728 exitum
1015 1687 1196 1743 imperii.
1264 1686 1360 1729 Non
1393 1701 1566 1743 quaero,
1599 1702 1727 1743 quam

181 1760 263 1803 hoc
301 1767 397 1816 apte
435 1760 543 1815 legi,
587 1775 673 1815 qua
701 1759 926 1816 imperium
956 1759 1203 1809 mandetur,
1242 1759 1380 1815 possit
1408 1758 1588 1810 ascribi3
1631 1775 1730 1802 nam

183 1848 281 1874 cum
312 1833 356 1874 in
386 1839 549 1875 certum
579 1832 753 1888 aliquod
781 1838 951 1887 tempus
981 1838 1170 1887 potestas
1201 1831 1424 1881 tribuitur,
1465 1838 1614 1886 sponte
1649 1831 1730 1874 hoc

183 1905 307 1956 inest,
339 1920 392 1947 ne
423 1920 473 1947 ea
499 1912 596 1947 ante
626 1905 671 1946 id
698 1912 866 1961 tempus
898 1904 1151 1960 deponatur.
1196 1901 1286 1945 Sed
1313 1903 1443 1945 fuerit
1466 1903 1525 1945 ita
1545 1903 1589 1944 in
1610 1903 1729 1959 lege:

183 1978 394 2033 numquid
424 1977 498 2033 qui
527 1977 777 2033 imperfecto
808 1976 921 2018 bello
947 1976 1155 2018 decedere
1183 1981 1364 2025 vetatur,
1391 1975 1582 2031 perfecto
1606 1973 1730 2016 iube-

183 2059 254 2092 tur
284 2049 524 2091 decedere?
578 2048 722 2104 Atque
753 2048 869 2090 illam
899 2049 1009 2104 legis
1042 2048 1282 2090 cautionem
1312 2047 1428 2089 unde
1460 2046 1730 2102 colligimus?

187 2122 423 2165 Suetonius
455 2136 490 2164 c.
516 2121 569 2163 ‘26
601 2120 742 2177 egisse
775 2118 1003 2162 Caesarem
1035 2120 1183 2162 scribit
1205 2133 1319 2162 *cum
1354 2119 1536 2161 tribunis
1577 2118 1730 2174 plebis,

184 2202 233 2237 ut
264 2194 428 2237 absenti
459 2193 542 2235 sibi
572 2193 841 2235 consulatum
870 2199 1015 2248 petere
1042 2192 1201 2241 liceret,
1229 2207 1282 2234 ne
1303 2207 1354 2234 ea
1373 2207 1503 2234 causa
1521 2190 1730 2234 maturius

185 2275 226 2310 et
255 2267 505 2323 imperfecto
535 2265 677 2308 adhuc
714 2264 826 2306 bello
856 2264 1096 2307 decederet.
1161 2264 1371 2306 Nimirum
1403 2262 1565 2306 Caesar
1602 2270 1651 2304 ut
1689 2270 1731 2306 et

183 2340 276 2395 ipse
307 2339 535 2380 honestum
557 2338 742 2392 aliquem
762 2344 1030 2393 praetextum
1052 2336 1226 2378 haberet
1251 2343 1292 2377 et
1309 2336 1456 2378 amicis
1474 2336 1591 2392 quod
1614 2335 1730 2392 apud

187 2412 394 2467 populum
422 2426 524 2467 prae
557 2426 602 2452 se
629 2410 811 2458 ferrent,
854 2408 1098 2464 praeberet,
1133 2407 1294 2450 bellum
1324 2406 1542 2450 Gallicum
1576 2408 1730 2464 ingens

186 2498 280 2526 esse
308 2483 531 2525 dictitabat
558 2497 635 2524 nec
660 2497 788 2538 posse
818 2488 914 2523 ante
946 2495 1105 2522 annum
1135 2480 1186 2522 49
1217 2486 1351 2521 totum
1383 2480 1559 2530 confici3
1599 2494 1730 2536 quare

186 2572 238 2598 ne
264 2563 361 2598 ante
388 2562 558 2611 tempus
588 2553 768 2597 confecti
799 2552 900 2594 belli
931 2552 1140 2594 decedere
1171 2559 1418 2608 cogeretur,
1453 2552 1602 2594 darent
1635 2550 1731 2601 sibi,

185 2635 234 2670 ut
262 2628 417 2670 absens
450 2635 492 2670 et
517 2626 782 2683 provinciam
811 2625 999 2666 retinens
1030 2631 1204 2680 peteret.
1256 2625 1379 2667 Haec
1409 2639 1538 2667 causa
1556 2621 1731 2666 Caesari

186 2707 276 2742 erat
313 2700 509 2756 petendi,
556 2698 738 2740 tribunis
769 2696 878 2752 legis
908 2696 1132 2746 ferendae,
1171 2697 1357 2752 ascripta
1393 2697 1574 2738 fortasse
1605 2695 1731 2737 etiam

186 2772 230 2813 in
260 2772 352 2814 eius
382 2771 624 2828 prooemio,
667 2769 744 2812 sed
773 2768 1047 2811 Hofmannus
1078 2783 1229 2825 parum
1258 2783 1358 2810 vera
1384 2757 1730 2824 interpretatione

189 2841 389 2886 Suetonii
418 2844 474 2897 (is
502 2844 615 2886 enim
645 2857 699 2885 ne
729 2841 937 2884 maturius
968 2840 1195 2883 decederet
1223 2839 1453 2884 Caesarem
1481 2839 1623 2896 egisse
1653 2838 1730 2892 ait)
