<?xml version="1.0" encoding="UTF-8"?>
<!DOCTYPE html PUBLIC "-//W3C//DTD XHTML 1.0 Transitional//EN"
    "http://www.w3.org/TR/xhtml1/DTD/xhtml1-transitional.dtd">
<html xmlns="http://www.w3.org/1999/xhtml" xml:lang="en" lang="en">
 <head>
  <title>
</title>
<meta http-equiv="Content-Type" content="text/html;charset=utf-8" />
  <meta name='ocr-system' content='tesseract 3.04.00' />
  <meta name='ocr-capabilities' content='ocr_page ocr_carea ocr_par ocr_line ocrx_word'/>
</head>
<body>
  <div class='ocr_page' id='page_1' title='image "./studiaromanasive00zump_0268.png"; bbox 0 0 1846 3100; ppageno 0'>
   <div class='ocr_carea' id='block_1_1' title="bbox 186 161 1290 205">
    <p class='ocr_par' dir='ltr' id='par_1_1' title="bbox 186 161 1290 205">
     <span class='ocr_line' id='line_1_1' title="bbox 186 161 1290 205; baseline 0.002 -12"><span class='ocrx_word' id='word_1_1' title='bbox 186 161 268 205; x_wconf 82' lang='lat'>256</span> <span class='ocrx_word' id='word_1_2' title='bbox 630 163 683 194; x_wconf 87' lang='lat' dir='ltr'>De</span> <span class='ocrx_word' id='word_1_3' title='bbox 708 162 880 195; x_wconf 80' lang='lat' dir='ltr'>dictatoris</span> <span class='ocrx_word' id='word_1_4' title='bbox 907 161 1064 195; x_wconf 78' lang='lat' dir='ltr'><strong>Caesaris</strong></span> <span class='ocrx_word' id='word_1_5' title='bbox 1091 163 1290 195; x_wconf 86' lang='lat' dir='ltr'><strong>honoribus.</strong></span> 
     </span>
    </p>
   </div>
   <div class='ocr_carea' id='block_1_2' title="bbox 178 270 1744 2931">
    <p class='ocr_par' dir='ltr' id='par_1_2' title="bbox 178 270 1744 2931">
     <span class='ocr_line' id='line_1_2' title="bbox 186 270 1733 329; baseline 0.002 -15"><span class='ocrx_word' id='word_1_6' title='bbox 186 272 342 315; x_wconf 91' lang='lat' dir='ltr'>deinde</span> <span class='ocrx_word' id='word_1_7' title='bbox 381 279 429 314; x_wconf 87' lang='lat' dir='ltr'>ut</span> <span class='ocrx_word' id='word_1_8' title='bbox 464 271 518 313; x_wconf 90' lang='lat' dir='ltr'>de</span> <span class='ocrx_word' id='word_1_9' title='bbox 557 270 915 328; x_wconf 79' lang='lat' dir='ltr'>appellationibus</span> <span class='ocrx_word' id='word_1_10' title='bbox 950 270 1142 314; x_wconf 92' lang='lat' dir='ltr'>iudicare</span> <span class='ocrx_word' id='word_1_11' title='bbox 1176 271 1338 322; x_wconf 88' lang='lat' dir='ltr'>liceret,</span> <span class='ocrx_word' id='word_1_12' title='bbox 1379 272 1563 329; x_wconf 88' lang='lat' dir='ltr'>denique</span> <span class='ocrx_word' id='word_1_13' title='bbox 1600 281 1650 317; x_wconf 89' lang='lat' dir='ltr'>ut</span> <span class='ocrx_word' id='word_1_14' title='bbox 1688 273 1733 316; x_wconf 89' lang='lat' dir='ltr'>in</span> 
     </span>
     <span class='ocr_line' id='line_1_3' title="bbox 186 343 1733 400; baseline 0 -14"><span class='ocrx_word' id='word_1_15' title='bbox 186 344 386 387; x_wconf 90' lang='lat' dir='ltr'>omnibus</span> <span class='ocrx_word' id='word_1_16' title='bbox 427 343 600 386; x_wconf 90' lang='lat' dir='ltr'>iudiciis</span> <span class='ocrx_word' id='word_1_17' title='bbox 642 343 834 386; x_wconf 90' lang='lat' dir='ltr'>calculus</span> <span class='ocrx_word' id='word_1_18' title='bbox 881 343 974 386; x_wconf 87' lang='lat' dir='ltr'>eius</span> <span class='ocrx_word' id='word_1_19' title='bbox 1016 350 1230 400; x_wconf 84' lang='lat' dir='ltr'>tamquam</span> <span class='ocrx_word' id='word_1_20' title='bbox 1267 343 1491 387; x_wconf 88' lang='lat' dir='ltr'>Minervae</span> <span class='ocrx_word' id='word_1_21' title='bbox 1536 345 1733 388; x_wconf 86' lang='lat' dir='ltr'>ferretur.</span> 
     </span>
     <span class='ocr_line' id='line_1_4' title="bbox 184 415 1733 473; baseline -0.001 -13"><span class='ocrx_word' id='word_1_22' title='bbox 184 417 307 460; x_wconf 91' lang='lat' dir='ltr'>Haec</span> <span class='ocrx_word' id='word_1_23' title='bbox 337 431 478 459; x_wconf 91' lang='lat' dir='ltr'>nonne</span> <span class='ocrx_word' id='word_1_24' title='bbox 510 423 654 473; x_wconf 88' lang='lat' dir='ltr'>aperte</span> <span class='ocrx_word' id='word_1_25' title='bbox 674 431 771 458; x_wconf 87' lang='lat' dir='ltr'>cum</span> <span class='ocrx_word' id='word_1_26' title='bbox 798 415 866 465; x_wconf 87' lang='lat' dir='ltr'>iis,</span> <span class='ocrx_word' id='word_1_27' title='bbox 887 430 998 471; x_wconf 90' lang='lat' dir='ltr'>quae</span> <span class='ocrx_word' id='word_1_28' title='bbox 1023 431 1152 472; x_wconf 88' lang='lat' dir='ltr'>supra</span> <span class='ocrx_word' id='word_1_29' title='bbox 1170 415 1363 471; x_wconf 87' lang='lat' dir='ltr'>exposita</span> <span class='ocrx_word' id='word_1_30' title='bbox 1381 423 1494 468; x_wconf 89' lang='lat' dir='ltr'>sunt,</span> <span class='ocrx_word' id='word_1_31' title='bbox 1511 417 1733 473; x_wconf 85' lang='lat' dir='ltr'>pugnant?</span> 
     </span>
     <span class='ocr_line' id='line_1_5' title="bbox 184 486 1733 544; baseline 0.001 -13"><span class='ocrx_word' id='word_1_32' title='bbox 184 490 357 532; x_wconf 86' lang='lat' dir='ltr'><strong>Etenim</strong></span> <span class='ocrx_word' id='word_1_33' title='bbox 390 489 732 531; x_wconf 87' lang='lat' dir='ltr'>vetustissimum</span> <span class='ocrx_word' id='word_1_34' title='bbox 760 486 1031 530; x_wconf 88' lang='lat' dir='ltr'>tribunorum</span> <span class='ocrx_word' id='word_1_35' title='bbox 1059 486 1196 544; x_wconf 89' lang='lat' dir='ltr'>plebis</span> <span class='ocrx_word' id='word_1_36' title='bbox 1223 487 1292 530; x_wconf 92' lang='lat' dir='ltr'>ius</span> <span class='ocrx_word' id='word_1_37' title='bbox 1320 495 1422 539; x_wconf 87' lang='lat' dir='ltr'>erat,</span> <span class='ocrx_word' id='word_1_38' title='bbox 1449 496 1499 530; x_wconf 88' lang='lat' dir='ltr'>ut</span> <span class='ocrx_word' id='word_1_39' title='bbox 1525 489 1733 532; x_wconf 82' lang='lat' dir='ltr'>auxilium</span> 
     </span>
     <span class='ocr_line' id='line_1_6' title="bbox 183 559 1733 617; baseline 0.001 -14"><span class='ocrx_word' id='word_1_40' title='bbox 183 562 356 612; x_wconf 85' lang='lat' dir='ltr'>ferrent,</span> <span class='ocrx_word' id='word_1_41' title='bbox 398 576 478 603; x_wconf 90' lang='lat' dir='ltr'>nec</span> <span class='ocrx_word' id='word_1_42' title='bbox 505 562 646 604; x_wconf 88' lang='lat' dir='ltr'>minus</span> <span class='ocrx_word' id='word_1_43' title='bbox 677 561 722 602; x_wconf 90' lang='lat' dir='ltr'>in</span> <span class='ocrx_word' id='word_1_44' title='bbox 756 559 949 602; x_wconf 87' lang='lat' dir='ltr'>libertate</span> <span class='ocrx_word' id='word_1_45' title='bbox 977 575 1050 602; x_wconf 86' lang='lat' dir='ltr'>eos</span> <span class='ocrx_word' id='word_1_46' title='bbox 1087 567 1251 602; x_wconf 82' lang='lat' dir='ltr'>constat</span> <span class='ocrx_word' id='word_1_47' title='bbox 1286 559 1340 602; x_wconf 91' lang='lat' dir='ltr'>de</span> <span class='ocrx_word' id='word_1_48' title='bbox 1378 560 1733 617; x_wconf 80' lang='lat' dir='ltr'>appellationibus</span> 
     </span>
     <span class='ocr_line' id='line_1_7' title="bbox 184 630 1734 690; baseline 0.001 -14"><span class='ocrx_word' id='word_1_49' title='bbox 184 634 423 676; x_wconf 85' lang='lat' dir='ltr'>iudicasse:</span> <span class='ocrx_word' id='word_1_50' title='bbox 455 633 639 676; x_wconf 85' lang='lat' dir='ltr'>habebat</span> <span class='ocrx_word' id='word_1_51' title='bbox 663 632 797 690; x_wconf 85' lang='lat' dir='ltr'>igitur</span> <span class='ocrx_word' id='word_1_52' title='bbox 823 641 1053 688; x_wconf 84' lang='lat' dir='ltr'>utrumque</span> <span class='ocrx_word' id='word_1_53' title='bbox 1083 630 1348 674; x_wconf 82' lang='lat' dir='ltr'>Octavianus</span> <span class='ocrx_word' id='word_1_54' title='bbox 1374 641 1549 690; x_wconf 88' lang='lat' dir='ltr'>accepta</span> <span class='ocrx_word' id='word_1_55' title='bbox 1566 633 1734 677; x_wconf 89' lang='lat' dir='ltr'>dudum</span> 
     </span>
     <span class='ocr_line' id='line_1_8' title="bbox 185 702 1732 763; baseline 0.002 -16"><span class='ocrx_word' id='word_1_56' title='bbox 185 706 416 749; x_wconf 87' lang='lat' dir='ltr'>tribunicia</span> <span class='ocrx_word' id='word_1_57' title='bbox 455 713 679 763; x_wconf 78' lang='lat' dir='ltr'>potestate,</span> <span class='ocrx_word' id='word_1_58' title='bbox 718 705 928 748; x_wconf 84' lang='lat' dir='ltr'>habuerat</span> <span class='ocrx_word' id='word_1_59' title='bbox 964 705 1065 746; x_wconf 89' lang='lat' dir='ltr'>item</span> <span class='ocrx_word' id='word_1_60' title='bbox 1107 702 1285 754; x_wconf 85' lang='lat' dir='ltr'>Caesar,</span> <span class='ocrx_word' id='word_1_61' title='bbox 1324 704 1393 746; x_wconf 93' lang='lat' dir='ltr'>cui</span> <span class='ocrx_word' id='word_1_62' title='bbox 1431 706 1593 756; x_wconf 88' lang='lat' dir='ltr'>omnia,</span> <span class='ocrx_word' id='word_1_63' title='bbox 1623 721 1732 762; x_wconf 83' lang='lat' dir='ltr'>quae</span> 
     </span>
     <span class='ocr_line' id='line_1_9' title="bbox 185 775 1732 834; baseline 0.001 -14"><span class='ocrx_word' id='word_1_64' title='bbox 185 778 370 821; x_wconf 88' lang='lat' dir='ltr'>tribunis</span> <span class='ocrx_word' id='word_1_65' title='bbox 412 778 602 828; x_wconf 82' lang='lat' dir='ltr'>licerent,</span> <span class='ocrx_word' id='word_1_66' title='bbox 644 792 850 820; x_wconf 88' lang='lat' dir='ltr'>concessa</span> <span class='ocrx_word' id='word_1_67' title='bbox 888 791 982 819; x_wconf 87' lang='lat' dir='ltr'>esse</span> <span class='ocrx_word' id='word_1_68' title='bbox 1020 776 1107 818; x_wconf 94' lang='lat' dir='ltr'>Dio</span> <span class='ocrx_word' id='word_1_69' title='bbox 1149 775 1310 818; x_wconf 83' lang='lat' dir='ltr'>scribit.</span> <span class='ocrx_word' id='word_1_70' title='bbox 1366 777 1427 818; x_wconf 90' lang='lat' dir='ltr'>At</span> <span class='ocrx_word' id='word_1_71' title='bbox 1463 777 1732 834; x_wconf 84' lang='lat' dir='ltr'>imperatoris</span> 
     </span>
     <span class='ocr_line' id='line_1_10' title="bbox 185 848 1732 907; baseline 0.001 -14"><span class='ocrx_word' id='word_1_72' title='bbox 185 867 289 893; x_wconf 88' lang='lat' dir='ltr'>num</span> <span class='ocrx_word' id='word_1_73' title='bbox 319 859 519 907; x_wconf 89' lang='lat' dir='ltr'>putamus</span> <span class='ocrx_word' id='word_1_74' title='bbox 548 866 634 893; x_wconf 89' lang='lat' dir='ltr'>non</span> <span class='ocrx_word' id='word_1_75' title='bbox 669 850 806 893; x_wconf 89' lang='lat' dir='ltr'>maius</span> <span class='ocrx_word' id='word_1_76' title='bbox 839 849 1046 892; x_wconf 88' lang='lat' dir='ltr'>auxilium</span> <span class='ocrx_word' id='word_1_77' title='bbox 1074 864 1203 904; x_wconf 90' lang='lat' dir='ltr'>quam</span> <span class='ocrx_word' id='word_1_78' title='bbox 1234 848 1395 891; x_wconf 87' lang='lat' dir='ltr'>tribuni</span> <span class='ocrx_word' id='word_1_79' title='bbox 1412 849 1550 906; x_wconf 90' lang='lat' dir='ltr'>plebis</span> <span class='ocrx_word' id='word_1_80' title='bbox 1569 852 1732 895; x_wconf 82' lang='lat' dir='ltr'>fuisse?</span> 
     </span>
     <span class='ocr_line' id='line_1_11' title="bbox 186 920 1731 978; baseline 0.001 -12"><span class='ocrx_word' id='word_1_81' title='bbox 186 923 285 974; x_wconf 75' lang='lat' dir='ltr'>Hic,</span> <span class='ocrx_word' id='word_1_82' title='bbox 317 923 353 965; x_wconf 89' lang='lat' dir='ltr'>si</span> <span class='ocrx_word' id='word_1_83' title='bbox 383 924 452 966; x_wconf 90' lang='lat' dir='ltr'>cui</span> <span class='ocrx_word' id='word_1_84' title='bbox 485 923 691 966; x_wconf 88' lang='lat' dir='ltr'>auxilium</span> <span class='ocrx_word' id='word_1_85' title='bbox 718 923 861 972; x_wconf 79' lang='lat' dir='ltr'>ferret,</span> <span class='ocrx_word' id='word_1_86' title='bbox 888 936 1048 964; x_wconf 89' lang='lat' dir='ltr'>moram</span> <span class='ocrx_word' id='word_1_87' title='bbox 1070 921 1141 963; x_wconf 91' lang='lat' dir='ltr'>ille</span> <span class='ocrx_word' id='word_1_88' title='bbox 1162 920 1335 976; x_wconf 93' lang='lat' dir='ltr'>quidem</span> <span class='ocrx_word' id='word_1_89' title='bbox 1351 929 1516 978; x_wconf 84' lang='lat' dir='ltr'>poterat</span> <span class='ocrx_word' id='word_1_90' title='bbox 1534 922 1731 976; x_wconf 88' lang='lat' dir='ltr'>obiicere,</span> 
     </span>
     <span class='ocr_line' id='line_1_12' title="bbox 186 993 1731 1054; baseline 0.001 -16"><span class='ocrx_word' id='word_1_91' title='bbox 186 996 263 1038; x_wconf 88' lang='lat' dir='ltr'>sed</span> <span class='ocrx_word' id='word_1_92' title='bbox 301 996 384 1039; x_wconf 89' lang='lat' dir='ltr'>nisi</span> <span class='ocrx_word' id='word_1_93' title='bbox 422 997 683 1053; x_wconf 86' lang='lat' dir='ltr'>collegarum</span> <span class='ocrx_word' id='word_1_94' title='bbox 722 1009 935 1037; x_wconf 88' lang='lat' dir='ltr'>consensu</span> <span class='ocrx_word' id='word_1_95' title='bbox 973 993 1261 1044; x_wconf 82' lang='lat' dir='ltr'>adiuvaretur,</span> <span class='ocrx_word' id='word_1_96' title='bbox 1293 994 1455 1046; x_wconf 87' lang='lat' dir='ltr'>tollere,</span> <span class='ocrx_word' id='word_1_97' title='bbox 1484 996 1600 1051; x_wconf 88' lang='lat' dir='ltr'>quod</span> <span class='ocrx_word' id='word_1_98' title='bbox 1628 1012 1731 1054; x_wconf 82' lang='lat' dir='ltr'>age-</span> 
     </span>
     <span class='ocr_line' id='line_1_13' title="bbox 185 1066 1732 1127; baseline 0.001 -16"><span class='ocrx_word' id='word_1_99' title='bbox 185 1068 324 1119; x_wconf 83' lang='lat' dir='ltr'>batur,</span> <span class='ocrx_word' id='word_1_100' title='bbox 367 1084 452 1111; x_wconf 89' lang='lat' dir='ltr'>non</span> <span class='ocrx_word' id='word_1_101' title='bbox 486 1076 673 1125; x_wconf 82' lang='lat' dir='ltr'>poterat:</span> <span class='ocrx_word' id='word_1_102' title='bbox 712 1082 821 1123; x_wconf 89' lang='lat' dir='ltr'>quae</span> <span class='ocrx_word' id='word_1_103' title='bbox 862 1081 931 1108; x_wconf 87' lang='lat' dir='ltr'>res</span> <span class='ocrx_word' id='word_1_104' title='bbox 972 1080 1070 1108; x_wconf 89' lang='lat' dir='ltr'>cum</span> <span class='ocrx_word' id='word_1_105' title='bbox 1107 1066 1159 1108; x_wconf 87' lang='lat' dir='ltr'>ab</span> <span class='ocrx_word' id='word_1_106' title='bbox 1197 1066 1265 1117; x_wconf 90' lang='lat' dir='ltr'>iis,</span> <span class='ocrx_word' id='word_1_107' title='bbox 1297 1067 1370 1123; x_wconf 86' lang='lat' dir='ltr'>qui</span> <span class='ocrx_word' id='word_1_108' title='bbox 1408 1067 1462 1109; x_wconf 90' lang='lat' dir='ltr'>de</span> <span class='ocrx_word' id='word_1_109' title='bbox 1489 1068 1570 1111; x_wconf 91' lang='lat' dir='ltr'>hoc</span> <span class='ocrx_word' id='word_1_110' title='bbox 1600 1084 1732 1127; x_wconf 88' lang='lat' dir='ltr'>argu-</span> 
     </span>
     <span class='ocr_line' id='line_1_14' title="bbox 186 1138 1731 1197; baseline 0.001 -15"><span class='ocrx_word' id='word_1_111' title='bbox 186 1148 328 1183; x_wconf 88' lang='lat' dir='ltr'>mento</span> <span class='ocrx_word' id='word_1_112' title='bbox 381 1141 664 1197; x_wconf 86' lang='lat' dir='ltr'>scripserunt,</span> <span class='ocrx_word' id='word_1_113' title='bbox 702 1139 844 1181; x_wconf 89' lang='lat' dir='ltr'>minus</span> <span class='ocrx_word' id='word_1_114' title='bbox 891 1138 1118 1195; x_wconf 87' lang='lat' dir='ltr'>perspicue</span> <span class='ocrx_word' id='word_1_115' title='bbox 1155 1138 1266 1181; x_wconf 88' lang='lat' dir='ltr'>tradi</span> <span class='ocrx_word' id='word_1_116' title='bbox 1297 1139 1452 1190; x_wconf 89' lang='lat' dir='ltr'>soleat,</span> <span class='ocrx_word' id='word_1_117' title='bbox 1495 1147 1634 1183; x_wconf 90' lang='lat' dir='ltr'>tamen</span> <span class='ocrx_word' id='word_1_118' title='bbox 1678 1157 1731 1184; x_wconf 86' lang='lat' dir='ltr'>ex</span> 
     </span>
     <span class='ocr_line' id='line_1_15' title="bbox 185 1211 1731 1269; baseline 0.001 -14"><span class='ocrx_word' id='word_1_119' title='bbox 185 1213 434 1256; x_wconf 85' lang='lat' dir='ltr'>certissimis</span> <span class='ocrx_word' id='word_1_120' title='bbox 461 1213 620 1255; x_wconf 86' lang='lat' dir='ltr'>liberae</span> <span class='ocrx_word' id='word_1_121' title='bbox 654 1211 915 1268; x_wconf 90' lang='lat' dir='ltr'>reipublicae</span> <span class='ocrx_word' id='word_1_122' title='bbox 946 1211 1152 1268; x_wconf 89' lang='lat' dir='ltr'>exemplis</span> <span class='ocrx_word' id='word_1_123' title='bbox 1182 1211 1448 1267; x_wconf 86' lang='lat' dir='ltr'>intelligitur.</span> <span class='ocrx_word' id='word_1_124' title='bbox 1504 1211 1593 1255; x_wconf 87' lang='lat' dir='ltr'>Sed</span> <span class='ocrx_word' id='word_1_125' title='bbox 1623 1229 1731 1269; x_wconf 90' lang='lat' dir='ltr'>quo-</span> 
     </span>
     <span class='ocr_line' id='line_1_16' title="bbox 183 1283 1730 1341; baseline 0 -13"><span class='ocrx_word' id='word_1_126' title='bbox 183 1286 298 1328; x_wconf 91' lang='lat' dir='ltr'>niam</span> <span class='ocrx_word' id='word_1_127' title='bbox 338 1286 420 1328; x_wconf 92' lang='lat' dir='ltr'>hoc</span> <span class='ocrx_word' id='word_1_128' title='bbox 458 1285 549 1328; x_wconf 91' lang='lat' dir='ltr'>loco</span> <span class='ocrx_word' id='word_1_129' title='bbox 589 1300 674 1327; x_wconf 93' lang='lat' dir='ltr'>non</span> <span class='ocrx_word' id='word_1_130' title='bbox 715 1285 985 1341; x_wconf 87' lang='lat' dir='ltr'>disputamus</span> <span class='ocrx_word' id='word_1_131' title='bbox 1027 1284 1080 1325; x_wconf 92' lang='lat' dir='ltr'>de</span> <span class='ocrx_word' id='word_1_132' title='bbox 1120 1283 1301 1326; x_wconf 86' lang='lat' dir='ltr'>tribunis</span> <span class='ocrx_word' id='word_1_133' title='bbox 1345 1283 1507 1340; x_wconf 89' lang='lat' dir='ltr'>plebis,</span> <span class='ocrx_word' id='word_1_134' title='bbox 1545 1286 1730 1328; x_wconf 83' lang='lat' dir='ltr'>contenti</span> 
     </span>
     <span class='ocr_line' id='line_1_17' title="bbox 183 1355 1730 1412; baseline 0 -12"><span class='ocrx_word' id='word_1_135' title='bbox 183 1358 344 1401; x_wconf 87' lang='lat' dir='ltr'>erimus</span> <span class='ocrx_word' id='word_1_136' title='bbox 382 1358 601 1400; x_wconf 90' lang='lat' dir='ltr'>luculento</span> <span class='ocrx_word' id='word_1_137' title='bbox 639 1357 732 1400; x_wconf 86' lang='lat' dir='ltr'>loco</span> <span class='ocrx_word' id='word_1_138' title='bbox 766 1357 905 1400; x_wconf 89' lang='lat' dir='ltr'>Taciti</span> <span class='ocrx_word' id='word_1_139' title='bbox 936 1355 1098 1399; x_wconf 63' lang='lat' dir='ltr'>‘AnnaL</span> <span class='ocrx_word' id='word_1_140' title='bbox 1128 1356 1259 1407; x_wconf 87' lang='lat' dir='ltr'>XIII,</span> <span class='ocrx_word' id='word_1_141' title='bbox 1289 1357 1356 1407; x_wconf 79' lang='lat'>28,</span> <span class='ocrx_word' id='word_1_142' title='bbox 1397 1371 1481 1412; x_wconf 90' lang='lat' dir='ltr'>quo</span> <span class='ocrx_word' id='word_1_143' title='bbox 1513 1357 1730 1401; x_wconf 89' lang='lat' dir='ltr'>Antistius</span> 
     </span>
     <span class='ocr_line' id='line_1_18' title="bbox 183 1428 1731 1487; baseline 0.001 -15"><span class='ocrx_word' id='word_1_144' title='bbox 183 1430 279 1472; x_wconf 87' lang='lat' dir='ltr'>trib.</span> <span class='ocrx_word' id='word_1_145' title='bbox 309 1430 420 1487; x_wconf 90' lang='lat' dir='ltr'>pleb.</span> <span class='ocrx_word' id='word_1_146' title='bbox 450 1430 657 1472; x_wconf 88' lang='lat' dir='ltr'>auxilium</span> <span class='ocrx_word' id='word_1_147' title='bbox 690 1430 841 1472; x_wconf 86' lang='lat' dir='ltr'>tulisse</span> <span class='ocrx_word' id='word_1_148' title='bbox 868 1436 1066 1471; x_wconf 86' lang='lat' dir='ltr'>narratur</span> <span class='ocrx_word' id='word_1_149' title='bbox 1095 1428 1376 1472; x_wconf 90' lang='lat' dir='ltr'>histrionibus</span> <span class='ocrx_word' id='word_1_150' title='bbox 1405 1445 1431 1472; x_wconf 89' lang='lat' dir='ltr'>a</span> <span class='ocrx_word' id='word_1_151' title='bbox 1460 1438 1652 1486; x_wconf 87' lang='lat' dir='ltr'>praetore</span> <span class='ocrx_word' id='word_1_152' title='bbox 1685 1430 1731 1473; x_wconf 90' lang='lat' dir='ltr'>in</span> 
     </span>
     <span class='ocr_line' id='line_1_19' title="bbox 182 1502 1744 1550; baseline -0.001 -4"><span class='ocrx_word' id='word_1_153' title='bbox 182 1503 356 1546; x_wconf 90' lang='lat' dir='ltr'>vincula</span> <span class='ocrx_word' id='word_1_154' title='bbox 390 1502 546 1544; x_wconf 90' lang='lat' dir='ltr'>ductis.</span> <span class='ocrx_word' id='word_1_155' title='bbox 604 1502 783 1544; x_wconf 86' lang='lat' dir='ltr'>Praetor</span> <span class='ocrx_word' id='word_1_156' title='bbox 822 1517 920 1544; x_wconf 91' lang='lat' dir='ltr'>cum</span> <span class='ocrx_word' id='word_1_157' title='bbox 951 1518 1002 1544; x_wconf 88' lang='lat' dir='ltr'>ea</span> <span class='ocrx_word' id='word_1_158' title='bbox 1036 1502 1090 1544; x_wconf 93' lang='lat' dir='ltr'>de</span> <span class='ocrx_word' id='word_1_159' title='bbox 1122 1516 1167 1544; x_wconf 91' lang='lat' dir='ltr'>re</span> <span class='ocrx_word' id='word_1_160' title='bbox 1199 1502 1255 1544; x_wconf 91' lang='lat' dir='ltr'>ad</span> <span class='ocrx_word' id='word_1_161' title='bbox 1293 1510 1486 1545; x_wconf 90' lang='lat' dir='ltr'>senatum</span> <span class='ocrx_word' id='word_1_162' title='bbox 1515 1502 1744 1550; x_wconf 57' lang='lat' dir='ltr'>retulisset,</span> 
     </span>
     <span class='ocr_line' id='line_1_20' title="bbox 184 1573 1729 1630; baseline 0 -12"><span class='ocrx_word' id='word_1_163' title='bbox 184 1576 355 1618; x_wconf 88' lang='lat' dir='ltr'>omissis</span> <span class='ocrx_word' id='word_1_164' title='bbox 400 1575 570 1617; x_wconf 85' lang='lat' dir='ltr'>interim</span> <span class='ocrx_word' id='word_1_165' title='bbox 614 1573 910 1624; x_wconf 88' lang='lat' dir='ltr'>histrionibus,</span> <span class='ocrx_word' id='word_1_166' title='bbox 952 1589 1037 1616; x_wconf 90' lang='lat' dir='ltr'>non</span> <span class='ocrx_word' id='word_1_167' title='bbox 1084 1573 1213 1616; x_wconf 91' lang='lat' dir='ltr'>modo</span> <span class='ocrx_word' id='word_1_168' title='bbox 1254 1590 1340 1617; x_wconf 89' lang='lat' dir='ltr'>non</span> <span class='ocrx_word' id='word_1_169' title='bbox 1387 1575 1521 1630; x_wconf 87' lang='lat' dir='ltr'>valuit</span> <span class='ocrx_word' id='word_1_170' title='bbox 1568 1575 1729 1618; x_wconf 89' lang='lat' dir='ltr'>tribuni</span> 
     </span>
     <span class='ocr_line' id='line_1_21' title="bbox 184 1645 1730 1699; baseline -0.001 -8"><span class='ocrx_word' id='word_1_171' title='bbox 184 1649 407 1699; x_wconf 86' lang='lat' dir='ltr'>auxilium,</span> <span class='ocrx_word' id='word_1_172' title='bbox 448 1648 524 1690; x_wconf 88' lang='lat' dir='ltr'>sed</span> <span class='ocrx_word' id='word_1_173' title='bbox 564 1647 757 1689; x_wconf 88' lang='lat' dir='ltr'>incusata</span> <span class='ocrx_word' id='word_1_174' title='bbox 786 1647 912 1689; x_wconf 81' lang='lat' dir='ltr'>etiam</span> <span class='ocrx_word' id='word_1_175' title='bbox 942 1656 1007 1688; x_wconf 89' lang='lat' dir='ltr'>est</span> <span class='ocrx_word' id='word_1_176' title='bbox 1045 1645 1138 1688; x_wconf 83' lang='lat' dir='ltr'>eius</span> <span class='ocrx_word' id='word_1_177' title='bbox 1171 1646 1353 1689; x_wconf 88' lang='lat' dir='ltr'>licentia.</span> <span class='ocrx_word' id='word_1_178' title='bbox 1411 1647 1560 1690; x_wconf 89' lang='lat' dir='ltr'>Alium</span> <span class='ocrx_word' id='word_1_179' title='bbox 1586 1648 1730 1690; x_wconf 90' lang='lat' dir='ltr'>locum</span> 
     </span>
     <span class='ocr_line' id='line_1_22' title="bbox 184 1718 1730 1778; baseline -0.001 -15"><span class='ocrx_word' id='word_1_180' title='bbox 184 1721 301 1778; x_wconf 87' lang='lat' dir='ltr'>apud</span> <span class='ocrx_word' id='word_1_181' title='bbox 334 1721 464 1763; x_wconf 91' lang='lat' dir='ltr'>Dion.</span> <span class='ocrx_word' id='word_1_182' title='bbox 494 1720 598 1770; x_wconf 88' lang='lat' dir='ltr'>LX,</span> <span class='ocrx_word' id='word_1_183' title='bbox 628 1720 695 1770; x_wconf 78' lang='lat'>28,</span> <span class='ocrx_word' id='word_1_184' title='bbox 731 1734 817 1775; x_wconf 91' lang='lat' dir='ltr'>quo</span> <span class='ocrx_word' id='word_1_185' title='bbox 848 1718 1009 1761; x_wconf 88' lang='lat' dir='ltr'>tribuni</span> <span class='ocrx_word' id='word_1_186' title='bbox 1039 1718 1194 1774; x_wconf 84' lang='lat' dir='ltr'>plebis,</span> <span class='ocrx_word' id='word_1_187' title='bbox 1226 1719 1301 1774; x_wconf 93' lang='lat' dir='ltr'>qui</span> <span class='ocrx_word' id='word_1_188' title='bbox 1337 1719 1491 1761; x_wconf 91' lang='lat' dir='ltr'>liberto</span> <span class='ocrx_word' id='word_1_189' title='bbox 1511 1720 1730 1763; x_wconf 64' lang='lat' dir='ltr'>&#39;adversus</span> 
     </span>
     <span class='ocr_line' id='line_1_23' title="bbox 181 1790 1730 1851; baseline -0.001 -15"><span class='ocrx_word' id='word_1_190' title='bbox 181 1802 409 1851; x_wconf 89' lang='lat' dir='ltr'>patronum</span> <span class='ocrx_word' id='word_1_191' title='bbox 448 1808 574 1850; x_wconf 92' lang='lat' dir='ltr'>opem</span> <span class='ocrx_word' id='word_1_192' title='bbox 614 1791 832 1842; x_wconf 87' lang='lat' dir='ltr'>tulissent,</span> <span class='ocrx_word' id='word_1_193' title='bbox 864 1790 1003 1847; x_wconf 89' lang='lat' dir='ltr'>puniti</span> <span class='ocrx_word' id='word_1_194' title='bbox 1036 1806 1129 1833; x_wconf 88' lang='lat' dir='ltr'>esse</span> <span class='ocrx_word' id='word_1_195' title='bbox 1161 1791 1376 1842; x_wconf 84' lang='lat' dir='ltr'>dicuntur,</span> <span class='ocrx_word' id='word_1_196' title='bbox 1409 1791 1508 1834; x_wconf 91' lang='lat' dir='ltr'>ideo</span> <span class='ocrx_word' id='word_1_197' title='bbox 1540 1807 1625 1835; x_wconf 89' lang='lat' dir='ltr'>uon</span> <span class='ocrx_word' id='word_1_198' title='bbox 1653 1792 1730 1836; x_wconf 88' lang='lat' dir='ltr'>ad-</span> 
     </span>
     <span class='ocr_line' id='line_1_24' title="bbox 182 1862 1731 1922; baseline -0.001 -13"><span class='ocrx_word' id='word_1_199' title='bbox 182 1867 324 1917; x_wconf 89' lang='lat' dir='ltr'>hibeo,</span> <span class='ocrx_word' id='word_1_200' title='bbox 365 1866 482 1922; x_wconf 93' lang='lat' dir='ltr'>quod</span> <span class='ocrx_word' id='word_1_201' title='bbox 516 1880 596 1908; x_wconf 89' lang='lat' dir='ltr'>nec</span> <span class='ocrx_word' id='word_1_202' title='bbox 635 1871 799 1907; x_wconf 88' lang='lat' dir='ltr'>constat</span> <span class='ocrx_word' id='word_1_203' title='bbox 835 1879 938 1906; x_wconf 92' lang='lat' dir='ltr'>num</span> <span class='ocrx_word' id='word_1_204' title='bbox 977 1878 1123 1906; x_wconf 87' lang='lat' dir='ltr'>omnes</span> <span class='ocrx_word' id='word_1_205' title='bbox 1159 1862 1320 1905; x_wconf 89' lang='lat' dir='ltr'>tribuni</span> <span class='ocrx_word' id='word_1_206' title='bbox 1357 1865 1649 1908; x_wconf 82' lang='lat' dir='ltr'>consenserint</span> <span class='ocrx_word' id='word_1_207' title='bbox 1689 1873 1731 1908; x_wconf 88' lang='lat' dir='ltr'>et</span> 
     </span>
     <span class='ocr_line' id='line_1_25' title="bbox 182 1935 1730 1995; baseline -0.001 -14"><span class='ocrx_word' id='word_1_208' title='bbox 182 1940 412 1995; x_wconf 84' lang='lat' dir='ltr'>imperator</span> <span class='ocrx_word' id='word_1_209' title='bbox 442 1939 535 1995; x_wconf 85' lang='lat' dir='ltr'>ipse</span> <span class='ocrx_word' id='word_1_210' title='bbox 563 1936 876 1981; x_wconf 87' lang='lat' dir='ltr'>animadvertit.</span> <span class='ocrx_word' id='word_1_211' title='bbox 929 1935 1074 1978; x_wconf 87' lang='lat' dir='ltr'>Affine</span> <span class='ocrx_word' id='word_1_212' title='bbox 1099 1943 1241 1978; x_wconf 89' lang='lat' dir='ltr'>autem</span> <span class='ocrx_word' id='word_1_213' title='bbox 1269 1950 1448 1991; x_wconf 85' lang='lat' dir='ltr'>prorsus</span> <span class='ocrx_word' id='word_1_214' title='bbox 1469 1945 1596 1994; x_wconf 86' lang='lat' dir='ltr'>atque</span> <span class='ocrx_word' id='word_1_215' title='bbox 1614 1937 1730 1980; x_wconf 88' lang='lat' dir='ltr'>eius-</span> 
     </span>
     <span class='ocr_line' id='line_1_26' title="bbox 182 2008 1728 2067; baseline -0.001 -13"><span class='ocrx_word' id='word_1_216' title='bbox 182 2012 279 2055; x_wconf 89' lang='lat' dir='ltr'>dem</span> <span class='ocrx_word' id='word_1_217' title='bbox 326 2011 496 2067; x_wconf 88' lang='lat' dir='ltr'>generis</span> <span class='ocrx_word' id='word_1_218' title='bbox 534 2018 598 2052; x_wconf 88' lang='lat' dir='ltr'>est</span> <span class='ocrx_word' id='word_1_219' title='bbox 633 2009 927 2052; x_wconf 89' lang='lat' dir='ltr'>intercedendi</span> <span class='ocrx_word' id='word_1_220' title='bbox 965 2009 1049 2057; x_wconf 86' lang='lat' dir='ltr'>ius,</span> <span class='ocrx_word' id='word_1_221' title='bbox 1092 2022 1176 2063; x_wconf 94' lang='lat' dir='ltr'>quo</span> <span class='ocrx_word' id='word_1_222' title='bbox 1214 2008 1289 2050; x_wconf 93' lang='lat' dir='ltr'>ubi</span> <span class='ocrx_word' id='word_1_223' title='bbox 1326 2023 1440 2051; x_wconf 89' lang='lat' dir='ltr'>unus</span> <span class='ocrx_word' id='word_1_224' title='bbox 1478 2009 1546 2052; x_wconf 91' lang='lat' dir='ltr'>vel</span> <span class='ocrx_word' id='word_1_225' title='bbox 1582 2009 1728 2066; x_wconf 86' lang='lat' dir='ltr'>plures</span> 
     </span>
     <span class='ocr_line' id='line_1_27' title="bbox 181 2079 1728 2139; baseline -0.002 -13"><span class='ocrx_word' id='word_1_226' title='bbox 181 2092 375 2134; x_wconf 89' lang='lat' dir='ltr'>utuntur,</span> <span class='ocrx_word' id='word_1_227' title='bbox 408 2083 661 2139; x_wconf 87' lang='lat' dir='ltr'>impediunt,</span> <span class='ocrx_word' id='word_1_228' title='bbox 692 2096 777 2123; x_wconf 91' lang='lat' dir='ltr'>non</span> <span class='ocrx_word' id='word_1_229' title='bbox 809 2081 988 2130; x_wconf 87' lang='lat' dir='ltr'>tollunt3</span> <span class='ocrx_word' id='word_1_230' title='bbox 1020 2080 1096 2122; x_wconf 90' lang='lat' dir='ltr'>ubi</span> <span class='ocrx_word' id='word_1_231' title='bbox 1122 2079 1314 2122; x_wconf 88' lang='lat' dir='ltr'>universi</span> <span class='ocrx_word' id='word_1_232' title='bbox 1333 2080 1618 2131; x_wconf 87' lang='lat' dir='ltr'>consentiunt,</span> <span class='ocrx_word' id='word_1_233' title='bbox 1637 2081 1728 2123; x_wconf 87' lang='lat' dir='ltr'>sine</span> 
     </span>
     <span class='ocr_line' id='line_1_28' title="bbox 183 2151 1727 2211; baseline -0.002 -13"><span class='ocrx_word' id='word_1_234' title='bbox 183 2155 450 2198; x_wconf 87' lang='lat' dir='ltr'>dubitatione</span> <span class='ocrx_word' id='word_1_235' title='bbox 487 2155 605 2211; x_wconf 91' lang='lat' dir='ltr'>quod</span> <span class='ocrx_word' id='word_1_236' title='bbox 642 2155 806 2203; x_wconf 87' lang='lat' dir='ltr'>nolunt,</span> <span class='ocrx_word' id='word_1_237' title='bbox 846 2168 929 2195; x_wconf 92' lang='lat' dir='ltr'>non</span> <span class='ocrx_word' id='word_1_238' title='bbox 969 2152 1029 2194; x_wconf 73' lang='lat' dir='ltr'>fit,</span> <span class='ocrx_word' id='word_1_239' title='bbox 1086 2152 1234 2206; x_wconf 84' lang='lat' dir='ltr'>Itaque</span> <span class='ocrx_word' id='word_1_240' title='bbox 1269 2151 1446 2195; x_wconf 88' lang='lat' dir='ltr'>Tacitus</span> <span class='ocrx_word' id='word_1_241' title='bbox 1478 2152 1644 2196; x_wconf 78' lang='lat' dir='ltr'>Histor,</span> <span class='ocrx_word' id='word_1_242' title='bbox 1667 2153 1727 2203; x_wconf 88' lang='lat' dir='ltr'>H,</span> 
     </span>
     <span class='ocr_line' id='line_1_29' title="bbox 182 2224 1728 2283; baseline -0.002 -13"><span class='ocrx_word' id='word_1_243' title='bbox 182 2229 231 2270; x_wconf 78' lang='lat'>91</span> <span class='ocrx_word' id='word_1_244' title='bbox 268 2224 487 2271; x_wconf 87' lang='lat' dir='ltr'>Vitellium</span> <span class='ocrx_word' id='word_1_245' title='bbox 518 2226 763 2283; x_wconf 87' lang='lat' dir='ltr'>aliquando,</span> <span class='ocrx_word' id='word_1_246' title='bbox 805 2241 903 2268; x_wconf 87' lang='lat' dir='ltr'>cum</span> <span class='ocrx_word' id='word_1_247' title='bbox 936 2233 1083 2267; x_wconf 89' lang='lat' dir='ltr'>contra</span> <span class='ocrx_word' id='word_1_248' title='bbox 1121 2224 1314 2266; x_wconf 83' lang='lat' dir='ltr'>studium</span> <span class='ocrx_word' id='word_1_249' title='bbox 1344 2225 1436 2267; x_wconf 89' lang='lat' dir='ltr'>eius</span> <span class='ocrx_word' id='word_1_250' title='bbox 1470 2233 1728 2276; x_wconf 85' lang='lat' dir='ltr'>censeretur,</span> 
     </span>
     <span class='ocr_line' id='line_1_30' title="bbox 182 2296 1727 2355; baseline -0.001 -13"><span class='ocrx_word' id='word_1_251' title='bbox 182 2300 378 2342; x_wconf 88' lang='lat' dir='ltr'>tribunos</span> <span class='ocrx_word' id='word_1_252' title='bbox 409 2298 545 2355; x_wconf 90' lang='lat' dir='ltr'>plebis</span> <span class='ocrx_word' id='word_1_253' title='bbox 577 2298 736 2341; x_wconf 85' lang='lat' dir='ltr'>auxilio</span> <span class='ocrx_word' id='word_1_254' title='bbox 766 2310 944 2340; x_wconf 89' lang='lat' dir='ltr'>vocasse</span> <span class='ocrx_word' id='word_1_255' title='bbox 977 2297 1121 2347; x_wconf 85' lang='lat' dir='ltr'>tradit,</span> <span class='ocrx_word' id='word_1_256' title='bbox 1151 2296 1225 2352; x_wconf 87' lang='lat' dir='ltr'>qui</span> <span class='ocrx_word' id='word_1_257' title='bbox 1253 2296 1288 2338; x_wconf 91' lang='lat' dir='ltr'>si</span> <span class='ocrx_word' id='word_1_258' title='bbox 1308 2297 1607 2348; x_wconf 86' lang='lat' dir='ltr'>consentirent,</span> <span class='ocrx_word' id='word_1_259' title='bbox 1624 2298 1727 2353; x_wconf 89' lang='lat' dir='ltr'>quin</span> 
     </span>
     <span class='ocr_line' id='line_1_31' title="bbox 185 2368 1726 2419; baseline -0.001 -5"><span class='ocrx_word' id='word_1_260' title='bbox 185 2380 359 2415; x_wconf 88' lang='lat' dir='ltr'>senatus</span> <span class='ocrx_word' id='word_1_261' title='bbox 401 2371 645 2414; x_wconf 89' lang='lat' dir='ltr'>consultum</span> <span class='ocrx_word' id='word_1_262' title='bbox 679 2370 849 2412; x_wconf 86' lang='lat' dir='ltr'>irritum</span> <span class='ocrx_word' id='word_1_263' title='bbox 891 2376 1017 2419; x_wconf 89' lang='lat' dir='ltr'>esset,</span> <span class='ocrx_word' id='word_1_264' title='bbox 1058 2383 1143 2410; x_wconf 93' lang='lat' dir='ltr'>non</span> <span class='ocrx_word' id='word_1_265' title='bbox 1181 2368 1360 2410; x_wconf 90' lang='lat' dir='ltr'>dubium</span> <span class='ocrx_word' id='word_1_266' title='bbox 1390 2377 1491 2412; x_wconf 91' lang='lat' dir='ltr'>erat.</span> <span class='ocrx_word' id='word_1_267' title='bbox 1542 2370 1595 2412; x_wconf 91' lang='lat' dir='ltr'>In</span> <span class='ocrx_word' id='word_1_268' title='bbox 1624 2384 1726 2412; x_wconf 89' lang='lat' dir='ltr'>con-</span> 
     </span>
     <span class='ocr_line' id='line_1_32' title="bbox 182 2441 1725 2498; baseline -0.002 -12"><span class='ocrx_word' id='word_1_269' title='bbox 182 2459 311 2486; x_wconf 87' lang='lat' dir='ltr'>sensu</span> <span class='ocrx_word' id='word_1_270' title='bbox 353 2444 466 2486; x_wconf 93' lang='lat' dir='ltr'>enim</span> <span class='ocrx_word' id='word_1_271' title='bbox 511 2443 648 2486; x_wconf 89' lang='lat' dir='ltr'>omnis</span> <span class='ocrx_word' id='word_1_272' title='bbox 688 2442 959 2484; x_wconf 88' lang='lat' dir='ltr'>tribunorum</span> <span class='ocrx_word' id='word_1_273' title='bbox 1000 2441 1190 2496; x_wconf 88' lang='lat' dir='ltr'>potentia</span> <span class='ocrx_word' id='word_1_274' title='bbox 1230 2441 1370 2497; x_wconf 90' lang='lat' dir='ltr'>posita</span> <span class='ocrx_word' id='word_1_275' title='bbox 1406 2449 1491 2492; x_wconf 89' lang='lat' dir='ltr'>est,</span> <span class='ocrx_word' id='word_1_276' title='bbox 1532 2442 1607 2498; x_wconf 90' lang='lat' dir='ltr'>qui</span> <span class='ocrx_word' id='word_1_277' title='bbox 1651 2441 1725 2484; x_wconf 92' lang='lat' dir='ltr'>ubi</span> 
     </span>
     <span class='ocr_line' id='line_1_33' title="bbox 180 2512 1724 2572; baseline -0.001 -16"><span class='ocrx_word' id='word_1_278' title='bbox 180 2515 315 2566; x_wconf 90' lang='lat' dir='ltr'>abest,</span> <span class='ocrx_word' id='word_1_279' title='bbox 357 2516 412 2558; x_wconf 88' lang='lat' dir='ltr'>ad</span> <span class='ocrx_word' id='word_1_280' title='bbox 452 2515 774 2572; x_wconf 82' lang='lat' dir='ltr'>impediendum</span> <span class='ocrx_word' id='word_1_281' title='bbox 813 2514 996 2556; x_wconf 87' lang='lat' dir='ltr'>multum</span> <span class='ocrx_word' id='word_1_282' title='bbox 1036 2513 1191 2563; x_wconf 86' lang='lat' dir='ltr'>valent,</span> <span class='ocrx_word' id='word_1_283' title='bbox 1233 2512 1288 2554; x_wconf 87' lang='lat' dir='ltr'>ad</span> <span class='ocrx_word' id='word_1_284' title='bbox 1331 2513 1566 2555; x_wconf 89' lang='lat' dir='ltr'>tollendum</span> <span class='ocrx_word' id='word_1_285' title='bbox 1605 2513 1724 2555; x_wconf 90' lang='lat' dir='ltr'>nihil.</span> 
     </span>
     <span class='ocr_line' id='line_1_34' title="bbox 181 2585 1724 2644; baseline -0.002 -14"><span class='ocrx_word' id='word_1_286' title='bbox 181 2588 434 2644; x_wconf 88' lang='lat' dir='ltr'>Eodemque</span> <span class='ocrx_word' id='word_1_287' title='bbox 472 2587 541 2630; x_wconf 89' lang='lat' dir='ltr'>vel</span> <span class='ocrx_word' id='word_1_288' title='bbox 582 2587 771 2643; x_wconf 88' lang='lat' dir='ltr'>plurium</span> <span class='ocrx_word' id='word_1_289' title='bbox 810 2587 878 2628; x_wconf 87' lang='lat' dir='ltr'>vel</span> <span class='ocrx_word' id='word_1_290' title='bbox 923 2585 1112 2627; x_wconf 86' lang='lat' dir='ltr'>omnium</span> <span class='ocrx_word' id='word_1_291' title='bbox 1152 2599 1367 2628; x_wconf 89' lang='lat' dir='ltr'>consensu</span> <span class='ocrx_word' id='word_1_292' title='bbox 1413 2589 1570 2641; x_wconf 88' lang='lat' dir='ltr'>(neque</span> <span class='ocrx_word' id='word_1_293' title='bbox 1612 2585 1724 2627; x_wconf 89' lang='lat' dir='ltr'>enim</span> 
     </span>
     <span class='ocr_line' id='line_1_35' title="bbox 179 2657 1724 2715; baseline -0.001 -13"><span class='ocrx_word' id='word_1_294' title='bbox 179 2660 352 2715; x_wconf 89' lang='lat' dir='ltr'>quando</span> <span class='ocrx_word' id='word_1_295' title='bbox 385 2660 573 2715; x_wconf 89' lang='lat' dir='ltr'>plurium</span> <span class='ocrx_word' id='word_1_296' title='bbox 606 2659 815 2702; x_wconf 85' lang='lat' dir='ltr'>sententia</span> <span class='ocrx_word' id='word_1_297' title='bbox 846 2657 1067 2701; x_wconf 85' lang='lat' dir='ltr'>suffecisse</span> <span class='ocrx_word' id='word_1_298' title='bbox 1097 2657 1306 2708; x_wconf 86' lang='lat' dir='ltr'>videatur,</span> <span class='ocrx_word' id='word_1_299' title='bbox 1338 2658 1420 2700; x_wconf 91' lang='lat' dir='ltr'>hoc</span> <span class='ocrx_word' id='word_1_300' title='bbox 1449 2658 1544 2700; x_wconf 92' lang='lat' dir='ltr'>loco</span> <span class='ocrx_word' id='word_1_301' title='bbox 1574 2657 1724 2714; x_wconf 91' lang='lat' dir='ltr'>dispu-</span> 
     </span>
     <span class='ocr_line' id='line_1_36' title="bbox 179 2729 1724 2788; baseline -0.002 -15"><span class='ocrx_word' id='word_1_302' title='bbox 179 2731 380 2782; x_wconf 89' lang='lat' dir='ltr'>tabimus,</span> <span class='ocrx_word' id='word_1_303' title='bbox 419 2739 646 2788; x_wconf 88' lang='lat' dir='ltr'>propterea</span> <span class='ocrx_word' id='word_1_304' title='bbox 684 2731 799 2786; x_wconf 93' lang='lat' dir='ltr'>quod</span> <span class='ocrx_word' id='word_1_305' title='bbox 833 2730 887 2772; x_wconf 88' lang='lat' dir='ltr'>ad</span> <span class='ocrx_word' id='word_1_306' title='bbox 917 2745 1124 2773; x_wconf 88' lang='lat' dir='ltr'>summam</span> <span class='ocrx_word' id='word_1_307' title='bbox 1162 2730 1423 2785; x_wconf 88' lang='lat' dir='ltr'>quaestionis</span> <span class='ocrx_word' id='word_1_308' title='bbox 1458 2729 1564 2771; x_wconf 87' lang='lat' dir='ltr'>nihil</span> <span class='ocrx_word' id='word_1_309' title='bbox 1592 2729 1724 2783; x_wconf 86' lang='lat' dir='ltr'>valet)</span> 
     </span>
     <span class='ocr_line' id='line_1_37' title="bbox 180 2800 1723 2860; baseline -0.003 -14"><span class='ocrx_word' id='word_1_310' title='bbox 180 2819 289 2860; x_wconf 85' lang='lat' dir='ltr'>opus</span> <span class='ocrx_word' id='word_1_311' title='bbox 329 2812 394 2846; x_wconf 86' lang='lat' dir='ltr'>est</span> <span class='ocrx_word' id='word_1_312' title='bbox 425 2806 469 2845; x_wconf 89' lang='lat' dir='ltr'>in</span> <span class='ocrx_word' id='word_1_313' title='bbox 499 2803 779 2859; x_wconf 86' lang='lat' dir='ltr'>appellatione</span> <span class='ocrx_word' id='word_1_314' title='bbox 809 2801 1078 2844; x_wconf 82' lang='lat' dir='ltr'>tribunorum</span> <span class='ocrx_word' id='word_1_315' title='bbox 1106 2802 1244 2859; x_wconf 88' lang='lat' dir='ltr'>plebis</span> <span class='ocrx_word' id='word_1_316' title='bbox 1276 2816 1374 2844; x_wconf 92' lang='lat' dir='ltr'>cum</span> <span class='ocrx_word' id='word_1_317' title='bbox 1401 2800 1559 2844; x_wconf 84' lang='lat' dir='ltr'>auxilio</span> <span class='ocrx_word' id='word_1_318' title='bbox 1587 2800 1723 2843; x_wconf 87' lang='lat' dir='ltr'>tribu-</span> 
     </span>
     <span class='ocr_line' id='line_1_38' title="bbox 178 2872 1722 2931; baseline -0.003 -14"><span class='ocrx_word' id='word_1_319' title='bbox 178 2876 292 2918; x_wconf 90' lang='lat' dir='ltr'>nicio</span> <span class='ocrx_word' id='word_1_320' title='bbox 324 2877 572 2925; x_wconf 87' lang='lat' dir='ltr'>coniuncta;</span> <span class='ocrx_word' id='word_1_321' title='bbox 611 2890 751 2931; x_wconf 84' lang='lat' dir='ltr'>neque</span> <span class='ocrx_word' id='word_1_322' title='bbox 787 2874 900 2916; x_wconf 87' lang='lat' dir='ltr'>enim</span> <span class='ocrx_word' id='word_1_323' title='bbox 930 2874 984 2917; x_wconf 92' lang='lat' dir='ltr'>ad</span> <span class='ocrx_word' id='word_1_324' title='bbox 1016 2890 1153 2918; x_wconf 91' lang='lat' dir='ltr'>unum</span> <span class='ocrx_word' id='word_1_325' title='bbox 1182 2875 1418 2925; x_wconf 87' lang='lat' dir='ltr'>tribunum,</span> <span class='ocrx_word' id='word_1_326' title='bbox 1456 2872 1532 2916; x_wconf 87' lang='lat' dir='ltr'>sed</span> <span class='ocrx_word' id='word_1_327' title='bbox 1562 2872 1615 2914; x_wconf 83' lang='lat' dir='ltr'>ad</span> <span class='ocrx_word' id='word_1_328' title='bbox 1647 2873 1722 2914; x_wconf 84' lang='lat' dir='ltr'>tri-</span> 
     </span>
    </p>
   </div>
  </div>
 </body>
</html>
