1846 3100
169 95 251 139 196
434 72 439 75 -
517 97 571 130 De
596 95 709 129 Gallia
731 97 967 130 Romanorum
987 97 1161 139 provincia
1187 97 1366 139 appendix.

165 207 251 265 peii
280 213 322 264 et
350 205 550 251 Caesaris
583 204 852 249 contentione
869 235 880 254 ,
910 204 1028 260 quod
1058 220 1186 262 saepe
1215 205 1260 248 in
1288 207 1445 251 talibus
1473 208 1716 251 certamini·
1742 216 1744 222 '

165 281 248 324 bus
288 279 483 323 accidere
512 278 641 328 solet,
685 283 734 320 ut
761 276 894 319 verba
920 277 1068 332 legum
1097 292 1194 320 cum
1220 279 1433 335 aequitate
1459 287 1715 337 pugnarent,

165 367 274 409 quae
299 365 448 409 pugna
474 365 626 393 rursus
656 350 716 392 ita
743 356 984 406 comparata
1012 357 1115 401 erat,
1145 357 1206 402 ut,
1238 351 1312 407 qui
1338 353 1594 408 aequitatem
1621 359 1716 395 tue-

164 431 303 475 retur,
346 430 537 466 veterem
573 421 883 479 rempublicam
927 422 1092 465 tolleret
1129 423 1344 479 uniusque
1383 424 1717 468 dominationem

164 497 419 540 institueret.
489 495 600 538 Nam
633 494 888 552 Pompeius,
931 494 1128 550 quamvis
1168 509 1290 538 suam
1331 496 1556 539 utilitatem
1596 496 1738 552 sequi,

165 569 409 619 videretur,
451 567 568 610 haud
611 567 743 610 dubie
779 574 921 610 tamen
961 565 1199 610 libertatem
1230 568 1510 620 defendebat,
1557 567 1719 612 Caesar

166 656 265 685 cum
294 641 377 684 sibi
403 655 511 696 quae
540 655 677 696 aequa
706 645 862 689 essent,
891 639 1105 690 retineret,
1132 639 1307 695 reliquis
1324 656 1432 696 quae
1448 641 1718 697 iniquissima

168 719 325 764 essent,
353 712 572 770 imposuit.
632 711 743 754 Item
772 711 855 754 hoc
885 718 1079 768 apparet,
1116 719 1276 768 quanto
1306 713 1351 755 in
1382 727 1486 756 casu
1511 714 1716 756 maxima-

164 801 261 829 rum
287 801 432 829 rerum
457 784 707 828 discrimina
734 790 978 826 vertantur:
1024 799 1152 840 quem
1182 792 1283 827 tunc
1312 785 1357 827 in
1387 784 1598 829 oblivione
1635 784 1716 830 Cn.

164 858 360 916 Pompeii
386 857 440 900 de
467 857 724 913 gravissimo
749 856 843 899 iure
868 856 1007 913 legem
1035 857 1212 900 ferentis
1241 857 1371 900 situm
1394 857 1530 900 fuisse
1551 865 1716 902 veteres

164 937 363 974 auctores
392 929 677 973 consentiunt.
739 928 890 985 Neque
917 929 1022 972 haec
1050 929 1220 972 occasio
1251 930 1287 972 si
1314 930 1556 981 defecisset,
1591 930 1717 974 aliam

166 1002 376 1046 delendae
413 1002 675 1059 reipublicae
702 999 931 1045 Caesarem
958 1002 1251 1058 quaesiturum
1281 1002 1417 1046 fuisse
1446 1002 1717 1060 negabimus,

166 1075 243 1118 sed
270 1089 356 1130 quo
381 1075 577 1117 fortunae
604 1075 727 1130 quasi
755 1074 945 1117 ludibrio
972 1075 1191 1118 levissima
1208 1090 1276 1118 res
1300 1076 1580 1120 maximarum
1599 1077 1716 1133 apud

166 1147 384 1190 Romanos
415 1147 796 1191 commutationum
825 1162 955 1190 causa
985 1147 1185 1199 extiterit,
1219 1148 1531 1205 cognoscimus.
