1846 3100
205 127 260 170 78
643 131 698 163 De
724 129 836 163 Gallia
858 131 1094 164 Romanorum
1127 133 1312 175 provincia.

209 237 445 295 Hispaniae
477 238 685 281 citerioris
705 238 957 288 decessisse,
986 253 1071 281 non
1103 254 1156 281 ex
1177 240 1368 292 vulnere,
1396 242 1472 284 sed
1503 243 1612 285 fato:
1643 250 1755 286 certe

207 309 440 361 hominem,
473 311 545 366 qui
567 311 749 352 multum
769 318 893 352 antea
909 310 950 352 in
982 311 1204 368 republica
1230 319 1272 354 et
1295 313 1454 369 egisset
1474 321 1515 356 et
1535 314 1755 365 valuisset,

206 389 358 438 postea
391 397 476 425 non
506 383 690 439 amplius
722 384 1043 426 commemorari
1077 384 1218 427 video.
1280 384 1430 440 Neque
1459 386 1571 428 enim
1603 386 1755 437 obstat,

208 453 324 509 quod
353 454 573 498 Asconius
599 455 644 496 in
677 453 826 497 Scaur.
858 470 900 511 p.
929 455 982 498 ‘28
1012 456 1080 498 ed.
1106 454 1241 499 Orell.
1269 472 1367 500 eum
1396 457 1438 499 in
1470 472 1624 500 novem
1653 473 1755 502 con-

209 526 425 569 sularibus
459 528 662 577 nominat,
687 527 761 582 qui
792 527 856 579 M.
876 527 1088 571 Scaurum
1118 530 1452 587 repetundarum
1482 544 1593 572 anno
1619 530 1672 573 54
1704 546 1756 572 ex

210 599 412 642 Sardinia
466 615 586 642 reum
631 599 876 641 laudatione
929 600 1199 652 adiuverint3
1256 618 1355 645 nam
1395 603 1612 645 Asconius
1663 603 1756 659 ipse

210 686 410 728 magnam
442 687 588 714 eorum
615 679 778 728 partem
818 687 896 728 per
936 673 1112 716 tabellas
1148 675 1347 718 laudasse
1387 681 1530 718 narrat
1563 675 1755 717 nomina-

207 744 369 799 timque
403 742 484 786 Cn.
511 745 790 801 Pompeium,
833 745 904 800 qui
942 747 1199 801 proconsule
1230 755 1364 798 esset,
1404 748 1448 790 in
1486 746 1638 790 urbem
1670 763 1755 790 non

209 817 380 859 venisse
417 817 487 860 ait.
558 818 627 859 Ex
671 817 847 872 reliquis
893 827 1035 860 autem
1072 835 1207 862 unum
1241 820 1295 862 L.
1335 820 1535 862 Pisonem
1576 820 1756 862 fortasse

207 889 399 931 nondum
435 898 538 931 tunc
563 904 615 932 ex
646 890 868 946 provincia
896 890 1062 933 redisse
1094 892 1304 942 existimo,
1335 892 1502 947 reliqui,
1526 891 1580 933 L.
1600 891 1756 935 Volca-

208 962 318 1012 tius,
348 962 411 1004 Μ.
444 962 691 1018 Perpenna,
722 961 776 1004 L.
807 962 1056 1022 Philippus,
1096 963 1158 1006 M.
1192 963 1364 1014 Cicero,
1396 963 1451 1018 Q.
1481 964 1755 1014 Hortensius,

208 1034 258 1076 P.
293 1032 504 1076 Servilius
536 1049 660 1076 senes
689 1042 808 1076 erant
837 1050 976 1090 neque
1005 1036 1092 1077 ullo
1114 1052 1289 1079 munere
1310 1036 1486 1093 publico
1516 1036 1757 1093 fungeban-

209 1114 299 1157 tur,
338 1113 386 1148 ut
414 1122 486 1149 eos
525 1107 578 1148 ad
610 1107 734 1149 amici
765 1107 1006 1164 periculum
1036 1108 1351 1151 sublevandum
1388 1109 1626 1151 accurrisse
1656 1125 1756 1166 pro-

209 1178 350 1220 babile
383 1179 458 1228 sit,
487 1194 625 1235 neque
655 1194 810 1236 magna
841 1180 914 1222 illa
943 1195 1064 1236 pars,
1107 1196 1214 1236 quae
1244 1196 1321 1237 per
1351 1181 1527 1224 tabellas
1558 1182 1756 1232 laudarit,

207 1251 387 1307 intelligi
416 1251 573 1307 possit,
614 1251 696 1294 nisi
728 1251 783 1305 Ω.
814 1251 992 1308 Nepotis
1029 1259 1230 1308 putemus
1259 1253 1452 1308 quamvis
1480 1253 1635 1296 mortui
1663 1254 1758 1296 lau—

209 1323 426 1365 dationem
457 1324 639 1379 aliquam
672 1325 714 1366 in
746 1324 909 1367 iudicio
939 1339 1033 1367 esse
1067 1324 1314 1367 adhibitam.
1370 1325 1465 1368 Nisi
1500 1332 1643 1368 autem
1670 1325 1757 1368 Ne-

208 1403 350 1452 potem
385 1396 624 1439 decessisse
653 1404 904 1448 statuamus,
931 1397 1148 1452 quomodo
1165 1395 1247 1439 Cn.
1265 1397 1498 1454 Pompeius
1529 1404 1688 1442 tantam
1719 1399 1758 1441 ei

207 1467 409 1510 iniuriam
439 1467 634 1524 infligere
663 1470 851 1525 potuerit
880 1484 964 1512 non
1000 1469 1304 1526 intelligimus,
1340 1477 1387 1512 ut
1425 1470 1690 1527 provinciam
1719 1472 1758 1514 ei

209 1546 357 1582 contra
382 1541 740 1583 consuetudinem
765 1542 960 1598 eriperet.
1001 1542 1204 1585 Gesserat
1225 1542 1295 1585 ille
1322 1542 1482 1584 bellum
1506 1557 1607 1585 sane
1626 1558 1757 1600 grave

209 1626 258 1654 ac
288 1612 576 1668 periculosum
609 1628 706 1656 cum
736 1614 958 1665 Vaccaeis,
995 1614 1049 1657 de
1081 1629 1166 1670 quo
1197 1621 1340 1657 narrat
1368 1614 1456 1656 Dio
1482 1614 1659 1666 XLIX,
1689 1615 1756 1666 54,

208 1684 326 1739 quod
358 1700 457 1726 cum
486 1693 621 1728 morte
651 1686 743 1728 eius
773 1687 974 1729 affectum
997 1687 1322 1742 relinqueretur,
1351 1687 1617 1730 occasionem
1633 1702 1756 1744 prae-

209 1755 304 1798 buit
337 1754 388 1799 C.
419 1756 634 1799 Trebonio
665 1765 791 1814 atque
833 1759 1060 1801 honestum
1101 1766 1388 1815 praetextum,
1436 1766 1484 1801 ut
1519 1759 1661 1816 legem
1702 1759 1756 1802 de

210 1829 435 1870 consulum
475 1829 710 1886 provinciis
753 1832 895 1874 ferret.
963 1832 1031 1874 De
1073 1846 1122 1874 ea
1164 1831 1260 1888 lege
1302 1831 1491 1874 breviter
1527 1846 1607 1874 nec
1654 1831 1757 1874 satis

209 1908 407 1944 accurate
437 1901 564 1944 tradit
590 1902 746 1944 Livius
775 1903 874 1959 epit.
894 1901 989 1953 CV,
1020 1903 1144 1945 cuius
1176 1904 1309 1947 verba
1338 1904 1471 1959 vulgo
1501 1910 1602 1946 sunt
1629 1903 1756 1946 haec:

211 1976 272 2014 M.
316 1975 416 2016 Cato
449 1989 541 2014 cnm
582 1977 707 2027 legem
756 1977 994 2028 impediret,
1042 1991 1123 2030 qua
1151 1979 1396 2029 provinciae
1438 1966 1669 2017 consulibus
1712 1978 1755 2016 in

209 2047 537 2098 quinquennium
551 2079 559 2095 ‚
601 2048 788 2099 Pompeio
818 2049 1068 2100 Hispaniae,
1108 2053 1253 2089 (frasso
1291 2051 1416 2102 Syria
1445 2054 1486 2088 et
1515 2048 1757 2088 Parthicum

208 2117 356 2157 bellum
372 2151 381 2167 ‚
425 2118 593 2158 Caesari
622 2119 763 2158 Gallia
803 2124 842 2158 et
870 2121 1096 2160 Germania
1135 2120 1358 2170 dabantur,
1403 2135 1430 2160 a
1472 2120 1515 2160 C.
1559 2119 1758 2161 Trebonio

209 2189 301 2229 trib.
329 2189 471 2241 plebis,
501 2191 601 2241 legis
629 2196 807 2239 auctore,
840 2193 884 2230 in
913 2193 1082 2232 vincula
1113 2193 1262 2232 ductus
1288 2199 1357 2232 est.
1398 2191 1450 2232 In
1479 2190 1638 2246 quibus
1669 2191 1758 2247 pri-

207 2275 326 2302 mum
353 2260 434 2302 hoc
464 2260 604 2302 minus
639 2267 804 2302 rectum
833 2269 916 2312 est,
961 2263 1077 2317 quod
1123 2278 1210 2305 una
1247 2262 1482 2317 eademque
1516 2263 1612 2319 lege
1641 2277 1757 2305 com-

208 2332 394 2374 muniter
421 2340 462 2374 et
493 2332 697 2388 Pompeio
729 2330 973 2388 Crassoque
1015 2335 1162 2377 datum
1200 2341 1242 2376 et
1273 2332 1449 2377 Caesari
1479 2342 1757 2392 prorogatum

209 2418 304 2446 esse
342 2404 570 2460 imperium
614 2403 774 2446 scribit.
843 2405 953 2448 Nam
984 2406 1071 2448 Dio
1103 2405 1344 2456 XXXIX,
1385 2406 1436 2448 33
1477 2406 1586 2449 duas
1622 2407 1756 2464 leges,

208 2491 388 2531 quarum
427 2476 544 2532 prior
594 2476 649 2518 ad
687 2477 909 2527 consules,
953 2478 1084 2520 altera
1123 2478 1177 2520 ad
1219 2477 1448 2521 Caesarem
1492 2479 1756 2536 pertinuerit,

211 2548 416 2590 discernit
447 2563 544 2590 cum
572 2563 708 2603 eoque
738 2548 997 2591 Plutarchus
1020 2547 1113 2591 Cat.
1141 2564 1177 2592 c.
1199 2550 1265 2601 43,
1290 2550 1364 2593 ubi
1395 2551 1628 2608 copiosiore
1657 2566 1755 2594 nar-

207 2620 372 2662 ratione
403 2620 539 2662 utitur
556 2635 684 2676 quam
701 2620 852 2677 Pomp.
872 2635 907 2662 c.
927 2621 993 2671 52,
1014 2619 1160 2664 Crass.
1181 2637 1216 2664 c.
1240 2623 1303 2674 15,
1331 2623 1553 2666 consentit.
1583 2623 1755 2666 Deinde

210 2691 263 2734 de
302 2691 354 2734 iis
393 2706 504 2747 quae
539 2692 607 2734 lII
649 2691 752 2734 viris
796 2692 896 2735 data
943 2693 1027 2736 sint
1069 2694 1314 2751 discrepant
1361 2702 1571 2738 auctores.
1645 2695 1754 2738 Nam

208 2762 412 2819 Pompeio
441 2763 612 2814 Livius,
645 2770 692 2805 ut
722 2764 925 2816 diximus,
965 2765 1076 2808 solas
1104 2765 1339 2822 Hispanias
1369 2767 1477 2810 duas
1509 2766 1669 2818 tribuit,
1713 2774 1755 2810 at

195 2833 438 2891 'Appianus
469 2836 567 2878 bell.
599 2835 681 2878 civ.
710 2835 769 2886 H,
804 2838 852 2880 18
885 2844 927 2878 et
951 2837 1211 2880 Plutarchus
1240 2836 1336 2882 Cat.
1367 2840 1419 2882 43
1453 2846 1493 2881 et
1524 2838 1674 2895 Pomp.
1700 2838 1754 2882 52
