1846 3100
191 157 271 201 356
606 160 662 192 De
686 160 934 202 propagatione
961 160 1107 193 civitatis
1132 160 1322 194 Romanae.

190 269 235 310 in
276 282 460 324 quorum
494 273 619 310 antea
655 267 843 318 fuerunt,
887 267 1114 324 mancipio,
1153 283 1296 319 manu,
1329 275 1536 326 potestate
1571 282 1741 313 manere

195 340 415 391 iubentur,
462 354 641 382 necesse
688 346 752 381 est
794 339 837 381 in
880 340 1017 396 capite
1055 341 1251 396 proximo
1293 341 1560 384 antecedenti
1596 342 1652 385 de
1687 343 1741 386 iis

195 413 400 470 scriptum
440 412 583 462 fuerit,
613 412 686 467 qui
718 412 932 454 civitatem
965 419 1302 468 consequantur:
1335 415 1474 471 potuit
1503 415 1629 458 etiam
1664 414 1741 457 ali-

192 499 278 540 quo
310 485 407 535 alio,
444 485 561 540 quod
593 484 837 527 antecessit.
893 482 982 526 Sed
1022 484 1127 540 quid
1158 485 1331 529 tandem
1359 501 1439 529 nos
1477 486 1521 529 in
1554 501 1603 530 ea
1633 502 1742 544 quae

192 557 318 613 periit
357 557 506 614 capitis
538 563 658 613 parte
688 556 824 599 fuisse
861 556 1233 613 existimabimus?
1280 558 1471 602 Difficile
1501 558 1609 601 illud
1646 559 1742 615 qui-

195 629 294 672 dem
324 636 389 672 est.
421 629 564 671 dicere
601 644 681 672 nec
712 635 851 685 potest
890 628 1062 672 omnino
1092 629 1178 672 dici
1209 630 1291 672 nisi
1326 631 1379 674 de
1413 647 1462 674 ea
1491 632 1742 681 coniectura,

193 717 304 757 quae
330 702 563 744 admodum
589 701 752 744 incerta
783 701 850 752 sit,
881 701 958 743 sed
986 701 1021 743 si
1048 702 1153 758 quid
1183 709 1248 745 est
1276 703 1523 755 dicendum,
1550 704 1604 746 de
1623 704 1742 746 inco-

191 775 246 817 lis
289 775 493 830 scriptum
531 774 668 817 fuisse
706 773 998 817 existimamus
1033 774 1087 815 ad
1126 774 1310 818 honores
1350 776 1630 833 municipales
1666 775 1743 818 ad—

192 847 411 889 mittendis
439 847 508 889 vel
535 846 755 902 cogendis.
802 846 910 889 Nam
940 846 1065 889 etiam
1092 846 1199 888 illud
1229 846 1296 889 his
1326 847 1497 903 legibus
1521 848 1742 905 provisum

197 934 306 970 esse,
335 925 400 960 'ut
443 919 625 962 idoneus
667 934 828 970 eorum,
873 934 926 961 ex
970 918 1128 974 quibus
1169 919 1444 976 magistratus
1486 928 1743 972 crearentur,

194 1006 401 1034 numerus
437 999 563 1042 esset,
594 991 703 1047 legis
741 991 1023 1034 Malacitanae
1055 1006 1146 1048 cap.
1174 992 1237 1033 LI
1273 992 1411 1043 docet,
1441 992 1541 1035 item
1573 1000 1744 1036 cautum

194 1080 288 1107 esse
324 1064 378 1106 de
409 1079 459 1106 eo
493 1079 649 1120 genere
676 1064 896 1106 hominum
925 1063 1226 1120 ingenuorum,
1256 1079 1437 1120 quorum
1466 1065 1648 1108 comitiis
1675 1080 1743 1108 ra-

193 1136 351 1179 tionem
383 1136 529 1179 haberi
558 1137 719 1187 liceret,
751 1152 841 1192 cap.
864 1135 984 1178 LIV.
1029 1136 1149 1190 Quid
1180 1136 1342 1192 igitur?
1376 1137 1530 1180 Nonne
1565 1138 1627 1180 sic
1656 1139 1745 1181 fere

194 1224 289 1251 esse
319 1216 508 1266 poterat:
541 1211 791 1258 Incolarmn,
826 1212 900 1262 qm?
927 1212 1082 1250 Latini
1106 1217 1242 1259 erunt,
1267 1213 1442 1250 comitiis
1467 1213 1577 1251 ratio
1607 1211 1748 1251 haberi

186 1285 357 1335 poterit,
396 1286 434 1323 ,η’
473 1285 518 1323 in
555 1285 826 1335 municipium
870 1284 1060 1322 Flavium
1094 1283 1396 1335 Salpensanum
1434 1282 1612 1323 abierint
1652 1297 1743 1324 cum

189 1355 431 1408 parentibus
470 1362 563 1405 cet„
605 1355 808 1396 nimirum
845 1353 879 1396 si
921 1368 1020 1395 cum
1059 1361 1146 1396 tota
1183 1353 1342 1396 familia
1378 1369 1456 1396 sua
1495 1353 1744 1411 Salpensam

195 1427 531 1483 commigrarint,
569 1442 654 1482 qua
692 1427 737 1468 in
773 1442 819 1468 re
857 1431 1082 1482 parentum
1114 1441 1299 1482 quoque,
1339 1441 1391 1467 ex
1427 1425 1584 1481 quibus
1615 1426 1744 1482 patri-

195 1499 383 1541 monium
426 1498 480 1541 ad
516 1514 694 1541 munera
731 1498 930 1540 obeunda
966 1499 1254 1541 necessarium
1286 1498 1457 1554 pendet,
1489 1497 1744 1540 mentionem

197 1571 290 1614 fieri
320 1586 405 1613 non
436 1570 675 1613 absurdum
706 1578 782 1613 est.
831 1570 928 1613 Non
960 1571 1092 1613 verba
1122 1572 1217 1627 ipsa
1243 1586 1353 1627 quae
1379 1571 1424 1613 in
1450 1571 1546 1627 lege
1572 1570 1744 1620 fuerint,

194 1651 463 1701 praestamus
495 1659 576 1686 nec
604 1659 714 1700 quae
741 1643 1014 1693 coniecimus‚
1046 1658 1098 1685 ex
1127 1643 1376 1700 municipali
1406 1642 1568 1685 ratione
1593 1642 1744 1699 proba-

197 1716 300 1759 bilia
339 1732 434 1759 esse
465 1715 718 1759 docebimus
748 1717 1024 1774 (quamquam
1063 1723 1205 1772 potest
1234 1730 1318 1758 non
1361 1715 1538 1758 difficile
1568 1715 1745 1757 demon·

198 1789 335 1840 strari,
370 1788 445 1831 sed
476 1788 529 1831 ab
559 1789 640 1832 hac
669 1788 917 1844 quaestione
949 1803 999 1831 ea
1018 1788 1250 1844 disputatio
1278 1788 1416 1831 aliena
1439 1786 1536 1843 est),
1566 1786 1642 1829 sed
1664 1786 1745 1829 hoc

202 1861 501 1918 sequebamur,
532 1869 580 1903 ut
608 1876 718 1917 quae
746 1861 917 1911 desunt,
949 1861 1008 1903 ita
1039 1860 1229 1917 suppleri
1252 1875 1379 1917 posse
1403 1859 1744 1908 ostenderemus,

195 1941 246 1976 ut
275 1934 379 1976 nihil
407 1934 599 1977 inusitati
627 1941 700 1976 aut
731 1934 947 1990 singulare
974 1940 1252 1976 statueretur:
1286 1932 1411 1975 etiam
1440 1932 1522 1974 hoc
1546 1931 1746 1974 videmur

197 2021 291 2048 esse
327 2007 527 2056 assecuti,
566 2013 615 2048 ut
645 2006 762 2062 quod
792 2005 1106 2048 Mommsenius
1144 2004 1320 2054 invenit,
1359 2003 1616 2046 Huschkius
1655 2003 1744 2045 fere

198 2078 409 2135 probavit,
440 2078 708 2121 Laboulaius
740 2085 887 2120 contra
915 2078 983 2119 ius
1015 2092 1065 2119 ac
1094 2092 1254 2119 morem
1284 2076 1524 2118 Romanum
1555 2089 1649 2118 esse
1678 2076 1745 2117 in-

197 2151 372 2201 tellexit,
403 2151 523 2193 nullo
559 2151 687 2192 modo
726 2151 825 2192 ferri
856 2165 984 2206 posse
1022 2149 1424 2191 demonstraremus.
1481 2147 1570 2191 Sed
1597 2147 1652 2190 de
1681 2162 1745 2197 eo,

200 2223 317 2265 unde
349 2223 514 2279 egressi
546 2238 710 2272 sumus,
753 2223 859 2278 quid
891 2221 1262 2264 existimabimus?
1319 2221 1463 2263 Latini
1502 2219 1574 2275 qui
1610 2219 1746 2276 magi-

199 2302 377 2338 stratum
402 2295 701 2352 municipalem
731 2294 1083 2350 assequebantur,
1116 2278 1261 2335 utrum
1289 2293 1431 2335 statim
1453 2308 1505 2335 an
1535 2291 1747 2347 perfuncti

198 2368 373 2410 demum
402 2368 563 2410 honore
594 2367 711 2409 cives
740 2367 921 2409 Romani
951 2365 1140 2407 fiebant?
1188 2363 1430 2421 Scriptores
1460 2363 1648 2420 quidem,
1671 2363 1745 2419 qui

198 2440 252 2482 de
283 2440 376 2482 iure
404 2440 593 2489 tradunt,
629 2439 663 2481 si
690 2446 888 2482 accurate
916 2438 1194 2495 explicentur,
1224 2438 1268 2478 in
1286 2437 1396 2479 hanc
1415 2437 1565 2495 'potius
1583 2442 1746 2492 partem

198 2513 426 2555 videantur
445 2527 540 2554 esse
559 2511 811 2568 accipiendi,
835 2518 884 2553 ut
909 2525 1006 2552 cum
1032 2510 1126 2566 ipso
1154 2510 1407 2565 magistratu
1431 2509 1643 2551 civitatem
1665 2507 1745 2549 im-

197 2585 355 2641 petrari
389 2584 545 2626 dicant.
591 2584 702 2626 Nam
733 2583 812 2626 etsi
842 2582 958 2638 quod
988 2582 1032 2624 in
1056 2582 1180 2624 titulo
1198 2582 1455 2639 Tergestino
1478 2580 1592 2637 apud
1611 2578 1745 2622 Orell.

197 2673 239 2699 n.
269 2656 379 2699 4040
416 2663 480 2698 est
519 2658 792 2709 impetrando,
828 2663 878 2697 ut
912 2657 1091 2707 (Caroni
1127 2656 1341 2707 Catalique
1371 2653 1568 2694 attributi
1599 2668 1626 2694 a
1655 2654 1747 2694 divo

200 2732 384 2782 Augusto
424 2731 488 2769 rei
527 2728 756 2781 (publchae
785 2734 960 2776 nostrae,
984 2733 1114 2780 prout
1147 2729 1221 2780 qui
1255 2728 1464 2766 meruisset
1502 2728 1588 2766 vita
1626 2731 1748 2778 atque

199 2816 334 2850 censu,
366 2815 444 2853 per
479 2801 703 2841 aedilitatis
728 2802 909 2854 gradum
939 2802 984 2839 in
1024 2801 1183 2839 curiam
1223 2804 1405 2838 nostram
1442 2799 1596 2847 admit(
1597 2804 1634 2837 te
1629 2802 1747 2849 )ren-

200 2879 270 2914 tur
307 2888 356 2913 ac
385 2886 464 2926 per
503 2873 577 2912 hoc
609 2875 814 2913 civitatem
857 2873 1089 2912 Romanam
1122 2872 1413 2924 apiscerentur,
1451 2869 1531 2911 etsi
1566 2868 1747 2911 dubium
