1846 3100
201 148 283 192 288
609 153 664 185 De
690 152 823 193 legibus
848 152 1107 194 municipalibus
1132 152 1340 195 Hispanicis.

202 260 408 303 donatum
442 268 506 304 est
542 275 659 316 agro,
699 259 772 314 qui
805 259 917 301 inter
955 257 1261 317 Carthaginem
1299 268 1340 303 et
1375 261 1623 319 Hipponem
1659 270 1750 306 erat

201 332 336 389 (App.
363 333 516 376 Punic.
546 349 581 376 c.
615 332 734 386 135):
773 331 817 373 in
849 347 935 387 quo
965 332 1039 388 qui
1068 332 1327 384 habitabant,
1353 350 1437 377 non
1467 334 1663 378 existimo
1693 335 1748 378 ab

202 401 387 448 Caesare
417 406 635 463 Augusto,
671 420 766 447 cum
798 404 1010 447 civitatem
1049 405 1285 448 Romanam
1314 406 1596 450 Uticensibus
1627 407 1748 450 daret

200 476 308 530 (Dio
331 476 454 520 Cass.
478 477 656 528 XLIX,
687 476 771 529 16),
799 478 900 520 item
928 478 1064 520 factos
1095 493 1189 520 esse
1220 479 1337 521 cives
1366 479 1595 522 Romanos.
1637 479 1745 522 Nam

199 549 366 591 etiamsi
384 550 438 592 de
461 551 668 594 dictatore
688 549 874 593 Caesare
897 550 1054 593 bellum
1081 566 1178 593 cum
1200 551 1309 594 Iuba
1330 559 1504 608 gerente
1522 550 1631 594 bene
1657 566 1746 594 me·-

198 622 371 673 ruisset,
397 638 484 665 non
510 630 677 666 tantum
698 623 943 666 recentibus
962 623 1235 666 Uticensium
1260 623 1494 674 beneficiis,
1525 624 1602 667 sed
1620 624 1746 666 etiam

199 695 333 737 veteri
368 695 412 737 in
448 696 656 752 populum
693 695 929 738 Romanam
965 695 1067 738 fidei
1105 695 1288 739 civitatis
1326 697 1561 752 praemium
1597 697 1746 740 datum

199 774 287 809 est:
326 767 525 810 movebat
567 770 691 810 etiam
724 768 990 825 Augustum,
1029 775 1077 810 ut
1117 768 1332 811 civitatem
1368 769 1602 812 Romanam
1639 770 1745 826 ipsis

198 839 482 882 Uticensibus
512 840 733 892 tribueret,
765 841 880 897 quod
901 840 944 882 hi
963 840 1045 883 iam
1065 849 1189 883 antea
1206 841 1330 883 liberi
1357 842 1527 884 fuerant
1543 842 1744 897 (Rudorf.

199 911 252 954 de
289 912 373 967 leg.
410 928 499 969 agr.
534 912 694 955 Thoria
730 914 774 955 in
809 911 967 956 Annal.
993 914 1234 970 Iurisprud.
1264 914 1362 956 hist.
1394 914 1454 966 X,
1490 917 1507 957 1
1546 931 1587 972 p.
1625 916 1742 972 101);

198 985 356 1040 quibus
384 986 458 1041 qui
489 986 681 1029 attributi
710 993 822 1037 sunt,
851 987 951 1042 quia
977 987 1270 1029 Romanorum
1303 1002 1419 1030 arma
1451 1001 1535 1029 non
1566 986 1744 1029 adiuve-

196 1065 306 1108 rant,
344 1058 461 1100 nullo
499 1059 731 1115 praecipuo
775 1060 868 1101 iure
910 1059 1153 1102 utebantur.
1214 1058 1338 1113 Quae
1377 1075 1473 1102 cum
1510 1059 1569 1102 ita
1610 1059 1744 1102 fuisse

196 1130 435 1180 videantur,
475 1131 604 1174 Utica
640 1146 722 1173 non
764 1132 889 1174 modo
931 1135 1081 1173 civium
1120 1135 1405 1174 Romanorum
1445 1132 1684 1190 appellatur
1720 1148 1746 1174 a

196 1202 338 1245 Plinio
380 1210 465 1246 nat.
504 1203 602 1246 hist.
640 1203 696 1254 V,
740 1205 777 1254 3,
817 1205 885 1254 24,
930 1205 1006 1247 sed
1050 1205 1176 1247 etiam
1218 1209 1491 1259 munz‘czpz'u‘m
1537 1221 1563 1247 a
1601 1204 1742 1248 Gellio

194 1275 323 1326 XVI,
359 1275 422 1326 13,
460 1283 687 1332 antequam
725 1277 897 1332 quidem
932 1277 986 1320 ab
1019 1277 1243 1320 Hadriano
1275 1278 1464 1321 coloniae
1501 1277 1570 1320 ius
1605 1277 1742 1334 impe-

194 1348 324 1390 travit
354 1346 616 1403 (Comment.
653 1349 672 1390 1
714 1365 754 1406 p.
787 1349 902 1404 421).
955 1350 1108 1392 Nonne
1148 1349 1282 1405 igitur
1320 1350 1481 1407 duplex
1520 1350 1741 1392 hominum

194 1434 334 1476 genus
362 1420 407 1462 in
431 1422 664 1478 municipio
692 1422 811 1465 erat?
843 1437 1026 1478 quorum
1052 1422 1127 1464 uni
1154 1422 1324 1465 civitate
1349 1423 1542 1466 Romana
1559 1422 1740 1466 uteban-

194 1499 277 1543 tur,
305 1493 427 1535 alteri
459 1509 509 1537 ea
536 1494 748 1545 carebant,
777 1510 886 1551 quos
915 1495 1117 1551 paulatim
1150 1510 1246 1537 cum
1277 1496 1449 1552 populis
1480 1495 1633 1539 vicinis
1653 1495 1740 1538 La-

193 1565 357 1608 tinitate
392 1566 573 1609 donatos
612 1582 706 1609 esse
745 1566 938 1609 arbitror.
1004 1566 1093 1609 Sed
1131 1568 1319 1610 constitit
1361 1568 1465 1612 haec
1506 1569 1551 1610 in
1591 1567 1739 1610 eodem

193 1637 426 1694 municipio
450 1638 557 1681 iuris
589 1639 818 1682 diversitas
845 1639 970 1682 etiam
1000 1646 1161 1696 postea.
1209 1640 1320 1683 Nam
1346 1641 1590 1691 Uticenses,
1620 1646 1740 1696 post-

193 1726 323 1767 quam
364 1710 418 1753 ab
458 1710 696 1761 Hadriano,
734 1718 782 1754 ut
823 1711 926 1762 dixi,
964 1712 1150 1754 coloniae
1190 1713 1439 1769 dignitatem
1469 1718 1738 1770 acceperunt,

193 1782 245 1826 ab
274 1781 483 1840 Septimio
509 1783 672 1826 Severo
701 1785 770 1827 ius
799 1785 998 1827 Italicum
1026 1786 1244 1827 consecuti
1272 1792 1372 1828 sunt
1387 1783 1648 1842 (Comment.
1665 1784 1738 1826 1.l.

191 1872 232 1912 p.
255 1855 369 1909 490),
395 1855 440 1897 in
469 1870 554 1911 quo
585 1857 768 1898 maxima
796 1858 985 1900 omnium
1012 1874 1156 1901 rerum
1175 1858 1420 1900 immunitas
1442 1858 1591 1908 inerat,
1610 1871 1738 1912 quam

191 1929 287 1984 quis
319 1927 486 1985 putabit
517 1943 602 1970 non
630 1928 847 1971 veteribus
879 1936 1044 1972 tantum
1071 1931 1235 1981 incolis,
1266 1930 1341 1986 qui
1375 1930 1576 1987 deinceps
1606 1929 1738 1973 liber-

191 2007 334 2050 tatem,
366 2000 580 2042 civitatem
605 2000 857 2052 Romanam,
888 2003 1078 2044 coloniae
1107 2017 1259 2044 nomen
1291 2009 1552 2058 acceperant,
1586 2017 1734 2044 verum

191 2071 317 2114 etiam
340 2071 424 2114 illis
457 2072 551 2128 agri
570 2072 790 2116 Uticensis
820 2075 1074 2125 aratoribus,
1101 2074 1175 2131 qui
1201 2089 1361 2131 poenae
1392 2089 1522 2117 causa
1545 2074 1737 2117 attributi

191 2151 323 2194 erant,
361 2159 455 2186 esse
493 2146 770 2187 concessam?
812 2146 976 2189 Mansit
1009 2147 1143 2203 igitur
1170 2147 1388 2202 quoddam
1422 2147 1639 2189 hominum
1669 2147 1736 2189 di-

192 2216 375 2259 scrimen
405 2216 560 2259 Uticae
590 2217 717 2259 etiam
746 2225 970 2274 postquam
1000 2219 1053 2262 ab
1084 2217 1303 2262 Caracallo
1321 2218 1519 2261 omnibus
1534 2219 1735 2276 ingenuis

191 2289 342 2331 civitas
384 2289 479 2346 ipsa
518 2289 712 2332 Romana
754 2291 853 2334 data
895 2299 972 2342 est,
1009 2291 1285 2346 similiterque
1321 2291 1425 2334 alias
1461 2291 1568 2334 iuris
1597 2290 1735 2334 Italici

188 2361 374 2403 colonias
405 2361 622 2405 institutas
653 2362 788 2405 fuisse
817 2363 1030 2406 novimus.
1087 2361 1250 2405 Similis
1284 2370 1427 2405 autem
1455 2363 1500 2405 in
1528 2363 1624 2420 ipsa
1651 2363 1735 2405 Hi-

188 2434 337 2490 spania
374 2433 687 2477 Tarraconensi
730 2433 913 2492 Sagunti
953 2441 1043 2477 erat
1080 2435 1287 2485 condicio,
1327 2435 1443 2492 quod
1481 2442 1523 2478 et
1564 2435 1733 2478 civitate

186 2504 380 2549 Romana
416 2521 543 2549 usum
586 2522 680 2549 esse
718 2514 885 2549 constat
914 2507 1044 2562 (Plin.
1075 2515 1160 2549 nat.
1186 2507 1285 2550 hist.
1315 2507 1397 2558 III,
1423 2507 1497 2563 20)
1531 2515 1572 2550 et
1607 2522 1733 2564 saepe

186 2578 390 2634 appellari
420 2579 715 2635 municipium.
761 2579 813 2622 In
848 2580 940 2622 eius
968 2579 1080 2622 enim
1105 2586 1314 2635 potestate
1342 2580 1396 2622 ab
1423 2579 1536 2622 bello
1567 2580 1733 2623 Punico

188 2650 378 2692 secundo
393 2665 467 2692 eae
484 2650 831 2694 Turdetanorum
849 2658 968 2694 erant
983 2659 1147 2708 gentes,
1162 2669 1187 2695 a
1201 2652 1359 2709 quibus
1372 2652 1628 2696 Hannibalis
1641 2651 1732 2695 bel-

184 2721 276 2763 lum
290 2729 430 2764 ortum
448 2729 550 2774 erat,
566 2723 813 2779 legatosque
828 2722 1167 2780 Saguntinorum
1185 2725 1350 2768 senatui
1364 2725 1557 2767 Romano
1573 2725 1731 2781 gratias

186 2794 330 2850 egisse
358 2802 501 2837 narrat
530 2795 629 2837 Liv.
651 2796 876 2847 XXVIII,
904 2796 972 2847 29,
1001 2797 1117 2852 quod
1144 2813 1197 2839 ex
1224 2797 1411 2840 hostium
1435 2797 1535 2839 olim
1556 2812 1731 2840 suorum

185 2880 291 2923 agro
326 2867 513 2924 vectigal
543 2875 755 2924 caperent.
806 2868 898 2911 Iam
932 2869 1148 2912 nescimus
1191 2884 1267 2912 nos
1301 2870 1490 2926 quidem,
1526 2870 1623 2926 quis
1658 2870 1730 2913 ille
