1846 3100
154 151 207 195 24
591 154 646 186 Dc
674 152 787 186 Gallia
814 154 1047 186 Romanorum
1077 154 1261 197 provincia.

155 262 404 306 consulatus
442 262 523 305 sita
559 277 654 304 esse
693 261 844 318 potuit.
907 261 1007 317 Ipse
1051 261 1159 304 adeo
1199 262 1366 307 Marius
1404 279 1502 307 cum
1539 264 1701 307 bellum

152 335 460 392 Iugurthinum
479 333 720 384 conficeret,
751 349 829 376 cur
844 340 1119 390 prorogatum
1140 335 1268 377 modo
1292 335 1443 378 habuit
1460 336 1700 393 imperium,

153 407 270 463 quod
314 407 454 464 primo
503 406 730 449 consulatu
771 406 1024 462 acceperat?
1088 407 1239 463 Itaque
1282 409 1438 450 ferrem
1482 423 1584 451 sane
1633 407 1702 450 vel

153 479 444 522 necessarium
489 493 583 521 esse
623 478 824 521 ducerem
863 478 1044 520 alterum
1082 479 1373 531 consulatum,
1417 481 1491 536 qui
1529 481 1703 523 daretur

153 553 215 602 ei,
253 558 301 594 ut
329 551 524 608 deposito
561 566 639 608 per
677 550 942 607 triumphum
972 551 1087 605 quod
1128 551 1172 592 in
1199 551 1351 594 Africa
1387 552 1595 595 habuerat
1622 552 1702 594 im-

153 624 271 681 perio
301 638 460 666 novum
490 623 702 680 acciperet
730 623 775 664 in
805 621 948 664 Gallia
978 624 1101 680 (raro
1138 623 1252 665 enim
1291 624 1336 665 in
1365 623 1587 680 republica
1614 624 1702 667 Ro-

153 713 279 739 mana
306 697 469 739 factum
500 703 587 746 est,
624 702 673 736 ut
707 694 888 750 privatis
924 693 1167 738 hominibus
1200 703 1320 738 extra
1359 697 1553 739 ordinem
1594 695 1705 739 bella

154 777 282 826 atque
313 769 493 826 imperia
523 767 888 822 decernerentur),
921 766 996 809 sed
1015 766 1204 822 reliquos
1233 768 1481 810 consulatus
1495 783 1580 811 non
1599 769 1703 819 fero,

152 842 404 899 praesertim
433 856 541 896 quos
572 847 741 897 praeter
769 845 938 881 sextum
969 839 1167 895 quidem,
1204 855 1331 895 quem
1361 841 1546 898 pecunia
1575 847 1703 897 atque

153 914 397 958 adulatione
433 930 458 956 a
496 913 621 970 plebe
661 919 900 956 emereatus
936 927 1031 955 esse
1070 919 1288 963 narratur,
1335 913 1374 955 ei
1411 913 1502 956 sine
1539 912 1702 956 ambitu

154 987 321 1031 absenti
351 1002 401 1030 ac
429 1001 564 1043 prope
592 986 728 1028 invito
758 984 921 1027 delatos
959 999 1053 1027 esse
1093 985 1276 1027 videam.
1331 985 1430 1028 Hoc
1463 985 1702 1042 intelligere

153 1075 238 1103 non
264 1059 516 1117 poterimus,
545 1059 627 1100 nisi
657 1058 774 1114 quod
807 1057 1099 1113 superioribus
1130 1057 1252 1099 annis
1283 1057 1417 1099 fuisse
1438 1073 1563 1114 saepe
1593 1058 1703 1100 mul-

153 1134 207 1176 tis
239 1132 505 1189 argumentis
538 1131 878 1173 demonstratum
921 1136 1007 1179 est,
1042 1130 1159 1172 idem
1189 1129 1318 1172 Marii
1355 1137 1490 1172 aetate
1530 1145 1702 1173 conser-

154 1212 300 1249 vatum
345 1219 439 1246 esse
481 1210 739 1252 statuamus,
786 1209 835 1244 ut
875 1202 1013 1244 omnis
1050 1217 1159 1258 quac
1200 1202 1489 1244 Romanorum
1523 1202 1703 1258 imperio

151 1276 328 1335 parebat
349 1275 504 1326 Gallia,
533 1275 680 1317 nonin
699 1274 959 1331 peculiarem
975 1274 1242 1330 provinciam
1258 1274 1431 1316 redacta
1457 1274 1547 1316 suis
1575 1289 1700 1330 prae-

155 1349 347 1400 sidibus,
376 1349 467 1391 sive
495 1348 525 1389 ii
557 1363 632 1404 pro
663 1347 838 1389 consule
868 1346 958 1388 sive
985 1361 1063 1402 pro
1093 1354 1288 1402 praetore
1323 1353 1456 1396 erant,
1483 1346 1703 1403 obtempe-

153 1428 279 1471 raret,
313 1420 389 1463 sed
417 1435 514 1462 cum
530 1420 654 1462 Italia
681 1419 908 1462 coniuncta
937 1418 990 1460 ab
1024 1418 1274 1460 consulibus
1302 1419 1369 1460 vel
1395 1418 1448 1461 ab
1476 1433 1563 1460 uno
1592 1426 1704 1460 certe
1767 1440 1769 1443 ·

153 1509 301 1537 eorum
331 1500 565 1550 regeretur.
602 1491 735 1545 Quod
764 1492 799 1534 si
823 1492 883 1534 ita
903 1499 993 1533 erat
1011 1490 1181 1547 legibus
1210 1506 1260 1534 ac
1289 1498 1431 1534 vetere
1457 1506 1574 1533 more
1604 1505 1704 1533 con-

155 1567 374 1616 stitutum,
415 1565 630 1620 quomodo
659 1564 842 1607 Romani
872 1563 989 1620 quod
1023 1563 1250 1605 consilium
1278 1570 1478 1620 ceperant
1504 1564 1634 1606 unius
1663 1570 1705 1606 et

157 1639 306 1696 optimi
319 1637 587 1694 imperatoris
598 1636 711 1679 bello
727 1636 1006 1679 barbarorum
1022 1636 1309 1692 praeficiendi,
1321 1636 1474 1691 exequi
1490 1637 1706 1693 poterant?

155 1713 396 1768 Fingamus
425 1710 538 1752 enim
569 1709 723 1751 iterum
754 1709 974 1751 consulem
1004 1709 1166 1752 factum
1197 1723 1291 1751 esse
1311 1708 1499 1750 Marium
1519 1723 1569 1750 ac
1593 1707 1704 1750 bello

156 1783 376 1827 Cimbrico
404 1783 711 1840 praepositum,
742 1789 833 1824 tum
859 1781 1102 1837 insequenti
1127 1796 1237 1823 anno
1256 1787 1530 1838 prorogatum
1560 1781 1598 1822 ei
1619 1780 1703 1822 im-

155 1858 347 1914 perium,
374 1855 480 1911 quid
509 1862 598 1897 erat
628 1854 852 1896 futurum?
906 1853 1120 1896 Nimirum
1149 1853 1252 1903 hoc,
1291 1861 1339 1895 ut
1369 1868 1509 1896 novus
1537 1853 1700 1904 consul,

157 1930 228 1973 cui
257 1929 502 1972 necessario
540 1927 642 1969 item
674 1927 799 1969 Italia
835 1933 949 1969 esset
978 1926 1269 1975 decernenda,
1308 1926 1462 1967 iisdem
1496 1924 1627 1976 locis,
1660 1926 1704 1967 in

156 2001 314 2058 quibus
332 2001 499 2042 Marius
519 1998 783 2048 versabatur,
812 1998 878 2039 vel
907 2013 984 2054 par
1011 1998 1080 2040 vel
1107 1997 1244 2040 maius
1272 1998 1447 2041 haberet
1476 1997 1703 2054 imperium

157 2074 456 2128 accideretque
484 2071 613 2121 idem,
644 2071 758 2125 quod
786 2086 896 2114 anno
920 2070 995 2112 105
1015 2071 1176 2112 factum
1193 2077 1270 2119 est,
1300 2085 1397 2111 cum
1415 2069 1470 2123 Q.
1489 2067 1704 2125 Caepione

158 2162 256 2189 cum
295 2143 589 2201 proconsulari
626 2143 805 2199 imperio
846 2143 993 2185 relicto
1033 2141 1256 2183 accederet
1283 2139 1363 2183 Cn.
1394 2141 1570 2184 Mallius
1603 2155 1704 2190 cos„

158 2217 232 2273 qui
261 2216 363 2273 quia
389 2216 500 2258 inter
531 2229 576 2257 se
605 2214 930 2265 dissentiebant,
970 2214 1123 2270 ingens
1153 2213 1224 2255 illa
1250 2214 1392 2255 clades
1422 2219 1597 2269 accepta
1626 2218 1704 2262 est,

158 2304 269 2346 quae
294 2289 524 2331 maximam
563 2286 726 2328 nomini
756 2287 948 2328 Romano
979 2285 1256 2342 ignominiam
1294 2285 1520 2328 inusserat.
1578 2285 1705 2327 Hanc

157 2361 326 2418 imperii
357 2360 612 2403 divisionem
643 2366 691 2401 ut
719 2358 981 2414 effugerent,
1020 2357 1261 2400 necessario
1291 2358 1486 2399 fecerunt
1507 2356 1704 2407 Romani,

158 2442 207 2477 ut
235 2441 296 2476 tot
326 2433 540 2477 continuis
573 2431 869 2474 consulatibus
899 2431 1088 2472 Marium
1116 2431 1336 2480 efferrent,
1372 2445 1558 2485 casuque
1587 2429 1705 2485 quod

159 2506 318 2550 bellum
351 2521 483 2562 prope
509 2505 677 2547 Italiam
705 2505 774 2546 vel
803 2504 846 2546 in
876 2503 972 2560 ipsa
999 2502 1124 2544 Italia
1155 2502 1408 2557 gerebatur,
1447 2502 1626 2551 accidit,
1658 2510 1706 2544 ut

160 2595 258 2621 eum
295 2579 366 2621 ille
402 2578 607 2620 honorem
649 2577 883 2632 acciperet,
925 2590 1010 2631 quo
1050 2574 1204 2629 reliqui
1241 2573 1594 2630 praestantissimi
1625 2573 1705 2614 im·

158 2658 376 2708 peratores
408 2656 648 2693 caruerunt.
688 2649 812 2703 Quae
845 2663 943 2690 cum
971 2647 1031 2689 ita
1061 2647 1157 2697 sint,
1182 2646 1225 2688 in
1248 2647 1331 2688 hoc
1351 2644 1401 2688 C.
1420 2645 1548 2687 Marii
1573 2645 1706 2686 hono-

159 2739 255 2765 rum
285 2737 416 2766 cursu
453 2722 522 2765 vel
565 2721 798 2763 maximum
824 2720 995 2762 videtur
1024 2719 1212 2775 positum
1253 2734 1347 2761 esse
1390 2724 1705 2774 argumentum,

160 2810 244 2849 quo
293 2801 396 2836 tunc
439 2808 519 2836 nec
560 2791 823 2848 Cisalpinam
872 2806 951 2833 nec
989 2791 1313 2847 Transalpinam
1351 2789 1536 2834 Galliam
1580 2790 1707 2845 (nam

161 2874 344 2923 utroque
371 2867 466 2909 loco
485 2872 724 2923 pugnatum
755 2867 839 2919 est)
871 2879 964 2907 eam
989 2879 1114 2921 quam
1146 2863 1216 2906 hic
1243 2863 1505 2920 appellamus
1532 2859 1706 2917 provin-
