1846 3100
582 146 635 177 De
661 144 775 178 Gallia
799 144 1032 176 Romanorum
1059 142 1243 184 provincia.
1637 133 1690 176 43

145 257 308 300 Italiam
341 262 382 299 et
412 254 599 298 Galliam
631 253 863 301 obtineret,
903 265 1032 307 opera
1061 248 1141 291 Cn.
1172 248 1364 305 Pompeii
1404 247 1574 290 occisus
1615 251 1692 288 est.

147 329 277 372 Anno
307 329 359 372 87
386 327 596 370 ambobus
628 324 894 374 consulibus,
926 321 1007 365 Cn.
1036 320 1222 364 Octavio
1252 328 1293 363 et
1318 321 1372 362 L.
1403 318 1567 362 Cinnae
1594 332 1693 360 suc-

146 400 390 456 cessorique
419 400 512 442 eius
531 399 585 440 L.
614 396 813 439 Cornelio
839 395 1048 444 Merulae,
1081 393 1248 436 Italiam
1276 392 1504 435 obvenisse
1533 390 1692 440 iudico,

145 480 371 528 utramque
415 478 528 514 certe
567 470 681 512 intra
720 469 886 511 Italiam
929 466 1174 509 substitisse
1221 466 1394 508 scimus.
1466 464 1603 518 quue
1646 476 1695 504 eo

147 545 317 587 facilius
346 551 449 594 erat,
478 543 594 599 quod
621 558 720 584 cum
749 541 860 582 duae
888 538 1133 596 provinciae
1163 537 1216 580 ab
1247 535 1370 580 Sulla
1403 536 1697 579 obtinerentur

83 638 88 643 ·
147 618 224 671 (cf.
247 615 530 659 Commentat.
560 613 782 671 epigraph.
802 612 899 653 Vol.
917 611 959 653 11
987 627 1027 667 p.
1049 611 1161 665 175),
1190 625 1266 652 sex
1284 609 1403 666 ipsae
1432 623 1541 664 quae
1573 621 1695 663 prae-

147 689 312 731 toribus
341 688 658 737 dividerentur,
686 685 875 740 reliquae
906 691 1039 725 erant.
1102 682 1190 725 Sed
1219 682 1295 724 hos
1325 681 1523 723 consules
1555 678 1696 722 Gallia

149 777 320 817 quoque
337 759 559 817 Cisalpina
575 767 792 814 tamquam
824 772 902 799 sua
924 755 1145 813 provincia
1162 769 1266 796 usos
1287 768 1383 796 esse
1410 754 1547 803 docet,
1579 751 1696 807 quod

150 848 280 890 supra
315 848 369 876 ex
400 832 584 889 Appian.
623 830 722 873 bell.
753 831 834 873 civ.
864 830 909 884 I„
950 829 1004 871 66
1034 834 1076 870 et
1106 827 1160 870 74
1201 832 1578 869 commemoratum
1618 831 1696 873 est,

149 906 264 962 quod
279 905 380 947 inde
399 904 573 955 auxilia,
600 903 758 959 quibus
775 902 924 945 urbem
944 908 1180 950 tuerentur,
1197 899 1527 942 arcessiverunt.
1561 896 1696 940 Aliud

150 978 344 1020 eiusdem
374 977 437 1019 rei
468 983 663 1033 apertum
691 974 982 1018 testimonium
1012 972 1184 1015 exhibet
1215 971 1311 1014 Val.
1339 971 1456 1013 MaX.
1488 970 1567 1020 IV,
1596 970 1636 1019 7,
1658 970 1697 1018 5,

148 1050 222 1105 qui
248 1049 302 1092 ab
323 1048 507 1091 Octavio
536 1063 623 1091 cos.
643 1048 692 1089 P.
717 1047 930 1102 quendam
947 1044 1144 1088 Caelium
1161 1043 1405 1086 Placentiae
1433 1043 1698 1099 praefectum

149 1137 244 1164 esse
281 1128 436 1164 narrat.
499 1121 612 1162 Tum
654 1135 765 1162 anno
796 1119 849 1162 86
886 1134 972 1161 eos.
1013 1117 1143 1161 creati
1184 1126 1284 1159 sunt
1320 1115 1372 1157 L.
1404 1113 1544 1157 Cinna
1576 1115 1622 1156 II
1659 1121 1700 1156 et

152 1192 204 1236 C.
218 1194 387 1236 Marius
404 1194 506 1242 VII,
537 1193 637 1235 huie
662 1193 775 1235 Idib.
792 1191 1004 1234 Ianuariis
1033 1198 1198 1232 mortuo
1228 1189 1346 1244 (Liv.
1373 1189 1471 1244 epit.
1489 1186 1699 1240 LXXX)

152 1266 359 1308 suffectus
394 1273 459 1308 est
484 1266 537 1307 L.
567 1265 769 1308 Valerius
798 1265 999 1306 Flaccus.
1060 1262 1117 1304 Hi
1153 1261 1397 1317 provincias
1428 1261 1487 1302 ita
1511 1260 1623 1301 inter
1654 1274 1699 1301 se

152 1345 467 1394 compararunt,
500 1346 549 1379 ut
569 1337 622 1379 L.
640 1337 797 1380 Flacco
815 1336 977 1378 bellum
994 1334 1352 1384 Mithridaticum,
1378 1334 1492 1389 quod
1509 1333 1563 1374 L.
1579 1331 1703 1375 Sulla

153 1409 329 1466 gerebat
356 1411 493 1466 (App.
524 1409 552 1452 l.
583 1410 611 1451 l.
641 1425 677 1451 c.
706 1410 786 1458 753
817 1408 917 1450 Liv.
947 1408 1048 1463 epit.
1075 1407 1311 1449 LXXXII
1322 1423 1332 1457 3
1362 1406 1477 1462 App.
1505 1404 1702 1447 Mithrid.

153 1497 189 1525 c.
219 1482 266 1523 51
301 1483 404 1537 sq.),
444 1482 471 1523 i.
502 1497 538 1524 e.
574 1481 832 1524 Macedonia
870 1487 912 1522 et
941 1480 1070 1530 Asia,
1110 1480 1435 1528 decerneretur,
1475 1478 1530 1519 L.
1563 1476 1703 1520 Cinna

151 1554 319 1597 Italiam
345 1554 570 1610 acciperet,
601 1553 789 1608 reliquae
816 1568 891 1595 sex
910 1552 1155 1608 provinciae
1180 1551 1448 1608 praetoribus
1466 1550 1565 1591 anni
1580 1563 1702 1605 prae-

153 1626 265 1669 teriti
294 1626 577 1669 traderentur.
642 1625 732 1667 Sed
762 1624 945 1667 Cinnam
975 1624 1100 1666 etiam
1141 1625 1185 1666 in
1213 1623 1356 1666 Gallia
1394 1638 1492 1664 cum
1523 1621 1703 1678 imperio

152 1695 289 1740 fuisse
321 1698 448 1740 docet
464 1697 693 1741 Val.MaX.
721 1697 799 1746 IV,
819 1697 858 1746 7,
878 1697 918 1746 ὃ,
946 1696 1020 1751 qui
1049 1696 1309 1738 Placentiam
1325 1693 1521 1737 Cinnano
1553 1701 1703 1736 senatu

156 1777 407 1826 occupatam
437 1785 533 1812 esse
573 1769 742 1819 scribit,
779 1768 825 1810 id
864 1769 980 1823 quod
1019 1770 1101 1811 hoc
1133 1768 1314 1810 maxime
1351 1782 1462 1809 anno
1498 1765 1703 1809 acciderit
1779 1808 1783 1812 ,

152 1857 329 1885 necesse
367 1851 444 1884 est.
506 1841 755 1898 Insequenti
793 1857 904 1884 anno
939 1841 990 1884 823
1028 1841 1080 1883 L.
1113 1839 1254 1883 Cinna
1294 1847 1336 1882 et
1378 1838 1459 1881 Cn.
1500 1838 1703 1894 Papirius

154 1912 298 1957 Carbo
329 1929 416 1957 cos.
445 1930 531 1970 quo
560 1921 686 1971 pacto
716 1914 959 1971 provincias
990 1913 1230 1963 diviserint,
1262 1928 1348 1955 non
1374 1912 1571 1954 traditur.
1613 1909 1701 1952 Sed

155 1987 235 2029 etsi
265 1994 494 2042 utrumque
521 1987 566 2028 in
581 1987 705 2029 Italia
733 1986 942 2029 mansisse
972 1992 1150 2035 constat,
1178 1994 1227 2027 ut
1253 1984 1397 2041 copias
1427 1990 1553 2039 atque
1581 1998 1703 2025 exer-

157 2059 267 2101 citus
298 2059 353 2102 ad
385 2059 438 2102 L.
470 2059 618 2101 Sullae
648 2058 882 2101 adventum
910 2064 1226 2115 compararent,
1263 2057 1415 2099 dubito
1445 2064 1608 2107 tamen,
1649 2072 1702 2098 an

156 2129 320 2174 Cinnae
353 2139 535 2173 exeunte
563 2146 673 2173 anno
700 2131 959 2173 Macedonia
989 2139 1031 2173 et
1058 2131 1166 2173 Asia
1202 2130 1375 2172 decreta
1412 2131 1478 2170 sit.
1531 2128 1703 2171 Etenim

155 2218 267 2253 eum,
283 2203 357 2258 qui
370 2218 481 2246 anno
501 2203 718 2260 superiore
736 2203 781 2245 in
795 2218 867 2245 eas
881 2202 1125 2259 provincias
1146 2202 1304 2244 missus
1322 2201 1486 2250 erat,L.
1499 2201 1704 2243 Flaccum

155 2275 270 2331 turpi
298 2275 506 2318 seditione
532 2290 570 2317 a.
591 2273 642 2318 C.
659 2275 812 2317 Flavio
832 2274 1024 2317 Fimbria
1052 2275 1243 2317 occisum
1271 2287 1366 2316 esse
1395 2289 1448 2314 ne
1475 2273 1703 2329 populares

156 2347 352 2402 quidem,
391 2347 466 2403 qui
503 2347 548 2389 in
587 2347 694 2390 urbe
726 2355 829 2389 tunc
869 2346 1221 2395 dominabantur,
1265 2360 1401 2400 aequo
1434 2345 1576 2387 animo
1615 2344 1703 2400 pati

155 2422 387 2474 potuerunt
413 2419 749 2475 exercitumque,
779 2434 908 2475 quem
923 2418 1115 2460 Fimbria
1134 2419 1176 2460 vi
1194 2417 1376 2467 tenebat,
1406 2417 1578 2459 decreto
1607 2431 1703 2472 per-

157 2491 366 2532 miserunt
382 2489 560 2540 Cinnae,
589 2491 663 2546 qui
693 2506 792 2533 cum
811 2491 856 2532 in
887 2490 1140 2547 colligendis
1169 2490 1301 2546 copiis
1332 2489 1524 2531 severius
1544 2494 1704 2543 ageret,

160 2577 271 2605 anno
311 2562 364 2605 84
402 2562 610 2605 Anconae
658 2579 684 2606 a
727 2562 935 2605 militibus
981 2562 1149 2604 occisus
1192 2569 1257 2604 est
1300 2561 1457 2615 (Auet.
1501 2559 1555 2601 de
1599 2559 1704 2601 viris

156 2634 309 2676 illustr.
340 2633 428 2687 69).
471 2634 636 2676 Verum
654 2632 735 2676 Cn.
751 2632 995 2676 Carbonem
1013 2634 1176 2676 Italiam
1210 2634 1412 2677 habuisse
1440 2630 1706 2688 provinciam

158 2711 343 2755 constat,
378 2705 561 2747 eundem
593 2712 733 2748 tamen
763 2705 808 2747 in
842 2705 984 2748 Gallia
1013 2705 1248 2762 imperasse
1278 2721 1331 2748 ex
1351 2705 1429 2754 iis,
1468 2717 1578 2759 quae
1609 2702 1705 2744 Val.

156 2777 274 2820 Max.
294 2776 371 2827 VI,
391 2777 432 2826 2,
455 2778 504 2819 10
522 2777 576 2819 de
593 2775 819 2827 Castricio,
843 2778 1087 2820 Placentiae
1108 2778 1339 2833 praefecto,
1363 2781 1518 2825 narrat,
1548 2773 1704 2816 intelli-

161 2849 328 2903 gimus,
369 2864 477 2905 quae
515 2848 569 2892 ad
604 2848 686 2892 hoc
724 2858 893 2906 tempus
934 2849 1160 2896 referenda
1197 2856 1308 2892 sunt.
1366 2848 1502 2890 Paulo
1541 2846 1707 2906 plenior
