<?xml version="1.0" encoding="UTF-8"?>
<!DOCTYPE html PUBLIC "-//W3C//DTD XHTML 1.0 Transitional//EN"
    "http://www.w3.org/TR/xhtml1/DTD/xhtml1-transitional.dtd">
<html xmlns="http://www.w3.org/1999/xhtml" xml:lang="en" lang="en">
 <head>
  <title>
</title>
<meta http-equiv="Content-Type" content="text/html;charset=utf-8" />
  <meta name='ocr-system' content='tesseract 3.04.00' />
  <meta name='ocr-capabilities' content='ocr_page ocr_carea ocr_par ocr_line ocrx_word'/>
</head>
<body>
  <div class='ocr_page' id='page_1' title='image "./studiaromanasive00zump_0148.png"; bbox 0 0 1846 3100; ppageno 0'>
   <div class='ocr_carea' id='block_1_1' title="bbox 174 133 1270 180">
    <p class='ocr_par' dir='ltr' id='par_1_1' title="bbox 174 133 1270 180">
     <span class='ocr_line' id='line_1_1' title="bbox 174 133 1270 180; baseline 0.003 -12"><span class='ocrx_word' id='word_1_1' title='bbox 174 133 253 176; x_wconf 84' lang='grc'>136</span> <span class='ocrx_word' id='word_1_2' title='bbox 600 137 655 169; x_wconf 89' lang='lat' dir='ltr'>De</span> <span class='ocrx_word' id='word_1_3' title='bbox 681 135 794 170; x_wconf 84' lang='lat' dir='ltr'>Gallia</span> <span class='ocrx_word' id='word_1_4' title='bbox 819 137 1054 170; x_wconf 75' lang='lat' dir='ltr'>Romanorum</span> <span class='ocrx_word' id='word_1_5' title='bbox 1087 139 1270 180; x_wconf 84' lang='lat' dir='ltr'>provincia.</span> 
     </span>
    </p>
   </div>
   <div class='ocr_carea' id='block_1_2' title="bbox 168 246 1722 2911">
    <p class='ocr_par' dir='ltr' id='par_1_2' title="bbox 168 246 1722 2911">
     <span class='ocr_line' id='line_1_2' title="bbox 171 246 1719 308; baseline 0.006 -22"><span class='ocrx_word' id='word_1_6' title='bbox 171 251 256 287; x_wconf 86' lang='lat' dir='ltr'>tata</span> <span class='ocrx_word' id='word_1_7' title='bbox 285 251 398 296; x_wconf 91' lang='lat' dir='ltr'>sunt,</span> <span class='ocrx_word' id='word_1_8' title='bbox 427 246 545 302; x_wconf 92' lang='lat' dir='ltr'>quod</span> <span class='ocrx_word' id='word_1_9' title='bbox 576 252 617 289; x_wconf 89' lang='lat' dir='ltr'>et</span> <span class='ocrx_word' id='word_1_10' title='bbox 648 246 921 289; x_wconf 81' lang='lat' dir='ltr'><strong>Ptolemaeus</strong></span> <span class='ocrx_word' id='word_1_11' title='bbox 950 260 1036 289; x_wconf 91' lang='lat' dir='ltr'>non</span> <span class='ocrx_word' id='word_1_12' title='bbox 1067 247 1275 304; x_wconf 86' lang='lat' dir='ltr'>singulari</span> <span class='ocrx_word' id='word_1_13' title='bbox 1307 251 1443 308; x_wconf 86' lang='lat' dir='ltr'>capite</span> <span class='ocrx_word' id='word_1_14' title='bbox 1469 251 1719 294; x_wconf 84' lang='lat' dir='ltr'><strong>Numidiam</strong></span> 
     </span>
     <span class='ocr_line' id='line_1_3' title="bbox 170 317 1719 381; baseline 0.006 -22"><span class='ocrx_word' id='word_1_15' title='bbox 170 324 402 368; x_wconf 83' lang='lat' dir='ltr'>recenseat,</span> <span class='ocrx_word' id='word_1_16' title='bbox 431 325 472 360; x_wconf 90' lang='lat' dir='ltr'>et</span> <span class='ocrx_word' id='word_1_17' title='bbox 490 317 594 362; x_wconf 90' lang='lat' dir='ltr'>Tac.</span> <span class='ocrx_word' id='word_1_18' title='bbox 616 319 715 361; x_wconf 88' lang='lat' dir='ltr'>hist.</span> <span class='ocrx_word' id='word_1_19' title='bbox 733 319 769 369; x_wconf 86' lang='grc' dir='ltr'>Ι,</span> <span class='ocrx_word' id='word_1_20' title='bbox 793 320 838 360; x_wconf 84' lang='grc'>11</span> <span class='ocrx_word' id='word_1_21' title='bbox 868 319 1188 375; x_wconf 86' lang='lat' dir='ltr'>provinciarum</span> <span class='ocrx_word' id='word_1_22' title='bbox 1215 327 1385 374; x_wconf 89' lang='lat' dir='ltr'>statum,</span> <span class='ocrx_word' id='word_1_23' title='bbox 1415 324 1489 380; x_wconf 89' lang='lat' dir='ltr'>qui</span> <span class='ocrx_word' id='word_1_24' title='bbox 1513 331 1719 381; x_wconf 79' lang='lat' dir='ltr'>regnante</span> 
     </span>
     <span class='ocr_line' id='line_1_4' title="bbox 172 388 1719 447; baseline 0.005 -16"><span class='ocrx_word' id='word_1_25' title='bbox 172 388 314 432; x_wconf 83' lang='lat' dir='ltr'>Galba</span> <span class='ocrx_word' id='word_1_26' title='bbox 341 390 472 433; x_wconf 89' lang='lat' dir='ltr'>fuerit</span> <span class='ocrx_word' id='word_1_27' title='bbox 503 406 786 447; x_wconf 88' lang='lat' dir='ltr'>persequens,</span> <span class='ocrx_word' id='word_1_28' title='bbox 828 391 1023 434; x_wconf 88' lang='lat' dir='ltr'>Africam</span> <span class='ocrx_word' id='word_1_29' title='bbox 1055 392 1187 436; x_wconf 88' lang='lat' dir='ltr'>solam</span> <span class='ocrx_word' id='word_1_30' title='bbox 1218 403 1530 439; x_wconf 89' lang='lat' dir='ltr'>commemoret.</span> <span class='ocrx_word' id='word_1_31' title='bbox 1597 396 1719 439; x_wconf 82' lang='lat' dir='ltr'><strong>Dicit</strong></span> 
     </span>
     <span class='ocr_line' id='line_1_5' title="bbox 172 462 1718 521; baseline 0.004 -17"><span class='ocrx_word' id='word_1_32' title='bbox 172 462 284 504; x_wconf 89' lang='lat' dir='ltr'>enim</span> <span class='ocrx_word' id='word_1_33' title='bbox 326 463 410 505; x_wconf 89' lang='lat' dir='ltr'>sic:</span> <span class='ocrx_word' id='word_1_34' title='bbox 462 466 616 515; x_wconf 83' lang='lat' dir='ltr'>Africa</span> <span class='ocrx_word' id='word_1_35' title='bbox 655 471 695 505; x_wconf 84' lang='lat' dir='ltr'>et</span> <span class='ocrx_word' id='word_1_36' title='bbox 727 466 903 516; x_wconf 80' lang='lat' dir='ltr'>legiones</span> <span class='ocrx_word' id='word_1_37' title='bbox 935 467 982 506; x_wconf 89' lang='lat' dir='ltr'>in</span> <span class='ocrx_word' id='word_1_38' title='bbox 1019 480 1090 515; x_wconf 85' lang='lat' dir='ltr'>ea,</span> <span class='ocrx_word' id='word_1_39' title='bbox 1134 468 1354 521; x_wconf 83' lang='lat' dir='ltr'>interfecto</span> <span class='ocrx_word' id='word_1_40' title='bbox 1385 468 1526 511; x_wconf 84' lang='lat' dir='ltr'>Clodio</span> <span class='ocrx_word' id='word_1_41' title='bbox 1557 471 1718 520; x_wconf 79' lang='lat' dir='ltr'>Macro,</span> 
     </span>
     <span class='ocr_line' id='line_1_6' title="bbox 172 539 1720 591; baseline 0.005 -16"><span class='ocrx_word' id='word_1_42' title='bbox 172 541 366 576; x_wconf 87' lang='lat' dir='ltr'>contentu</span> <span class='ocrx_word' id='word_1_43' title='bbox 393 539 672 590; x_wconf 77' lang='lat' dir='ltr'>qualicunque</span> <span class='ocrx_word' id='word_1_44' title='bbox 691 539 883 590; x_wconf 78' lang='lat' dir='ltr'>principe</span> <span class='ocrx_word' id='word_1_45' title='bbox 907 543 1001 590; x_wconf 81' lang='lat' dir='ltr'>post</span> <span class='ocrx_word' id='word_1_46' title='bbox 1015 540 1338 591; x_wconf 72' lang='lat' dir='ltr'>experimentum.</span> <span class='ocrx_word' id='word_1_47' title='bbox 1358 542 1517 582; x_wconf 81' lang='lat' dir='ltr'>domini</span> <span class='ocrx_word' id='word_1_48' title='bbox 1534 543 1720 591; x_wconf 79' lang='lat' dir='ltr'>minoris,</span> 
     </span>
     <span class='ocr_line' id='line_1_7' title="bbox 170 598 1718 668; baseline 0.004 -19"><span class='ocrx_word' id='word_1_49' title='bbox 170 622 223 650; x_wconf 89' lang='lat' dir='ltr'>ex</span> <span class='ocrx_word' id='word_1_50' title='bbox 261 607 420 664; x_wconf 89' lang='lat' dir='ltr'>quibus</span> <span class='ocrx_word' id='word_1_51' title='bbox 459 608 533 663; x_wconf 90' lang='lat' dir='ltr'>qui</span> <span class='ocrx_word' id='word_1_52' title='bbox 568 623 655 651; x_wconf 91' lang='lat' dir='ltr'>non</span> <span class='ocrx_word' id='word_1_53' title='bbox 678 598 776 651; x_wconf 29' lang='lat' dir='ltr'>&#39;hoc</span> <span class='ocrx_word' id='word_1_54' title='bbox 812 609 1042 665; x_wconf 82' lang='lat' dir='ltr'>intelliget,</span> <span class='ocrx_word' id='word_1_55' title='bbox 1081 625 1107 651; x_wconf 88' lang='lat' dir='ltr'>a</span> <span class='ocrx_word' id='word_1_56' title='bbox 1136 610 1287 655; x_wconf 87' lang='lat' dir='ltr'>Tacito</span> <span class='ocrx_word' id='word_1_57' title='bbox 1321 611 1515 668; x_wconf 84' lang='lat' dir='ltr'>legiones</span> <span class='ocrx_word' id='word_1_58' title='bbox 1554 618 1718 656; x_wconf 84' lang='lat' dir='ltr'>tantum</span> 
     </span>
     <span class='ocr_line' id='line_1_8' title="bbox 170 680 1720 737; baseline 0.004 -15"><span class='ocrx_word' id='word_1_59' title='bbox 170 680 398 731; x_wconf 88' lang='lat' dir='ltr'>numerari,</span> <span class='ocrx_word' id='word_1_60' title='bbox 428 680 672 737; x_wconf 78' lang='lat' dir='ltr'>provincias</span> <span class='ocrx_word' id='word_1_61' title='bbox 701 682 832 736; x_wconf 89' lang='lat' dir='ltr'>ipsas,</span> <span class='ocrx_word' id='word_1_62' title='bbox 863 695 1046 736; x_wconf 88' lang='lat' dir='ltr'>quarum</span> <span class='ocrx_word' id='word_1_63' title='bbox 1073 682 1119 724; x_wconf 89' lang='lat' dir='ltr'>in</span> <span class='ocrx_word' id='word_1_64' title='bbox 1144 682 1256 726; x_wconf 92' lang='lat' dir='ltr'>bello</span> <span class='ocrx_word' id='word_1_65' title='bbox 1288 683 1402 726; x_wconf 90' lang='lat' dir='ltr'>civili</span> <span class='ocrx_word' id='word_1_66' title='bbox 1430 685 1597 728; x_wconf 90' lang='lat' dir='ltr'>nullum</span> <span class='ocrx_word' id='word_1_67' title='bbox 1627 701 1720 728; x_wconf 89' lang='lat' dir='ltr'>mo-</span> 
     </span>
     <span class='ocr_line' id='line_1_9' title="bbox 169 753 1722 811; baseline 0.003 -16"><span class='ocrx_word' id='word_1_68' title='bbox 169 760 358 796; x_wconf 89' lang='lat' dir='ltr'>mentum</span> <span class='ocrx_word' id='word_1_69' title='bbox 388 753 463 804; x_wconf 87' lang='lat' dir='ltr'>sit,</span> <span class='ocrx_word' id='word_1_70' title='bbox 499 767 678 809; x_wconf 90' lang='lat' dir='ltr'>prorsus</span> <span class='ocrx_word' id='word_1_71' title='bbox 704 753 894 810; x_wconf 83' lang='lat' dir='ltr'>negligi,</span> <span class='ocrx_word' id='word_1_72' title='bbox 934 769 1003 806; x_wconf 84' lang='lat' dir='ltr'>ac,</span> <span class='ocrx_word' id='word_1_73' title='bbox 1041 755 1236 811; x_wconf 88' lang='lat' dir='ltr'>quamvis</span> <span class='ocrx_word' id='word_1_74' title='bbox 1265 756 1405 799; x_wconf 84' lang='lat' dir='ltr'>divisa</span> <span class='ocrx_word' id='word_1_75' title='bbox 1429 763 1543 800; x_wconf 90' lang='lat' dir='ltr'>esset</span> <span class='ocrx_word' id='word_1_76' title='bbox 1571 757 1722 801; x_wconf 83' lang='lat' dir='ltr'>Africa</span> 
     </span>
     <span class='ocr_line' id='line_1_10' title="bbox 170 826 1721 886; baseline 0.004 -19"><span class='ocrx_word' id='word_1_77' title='bbox 170 826 215 867; x_wconf 92' lang='lat' dir='ltr'>in</span> <span class='ocrx_word' id='word_1_78' title='bbox 246 826 598 882; x_wconf 81' lang='lat' dir='ltr'>proconsularem</span> <span class='ocrx_word' id='word_1_79' title='bbox 627 826 894 883; x_wconf 88' lang='lat' dir='ltr'>provinciam</span> <span class='ocrx_word' id='word_1_80' title='bbox 921 835 963 869; x_wconf 90' lang='lat' dir='ltr'>et</span> <span class='ocrx_word' id='word_1_81' title='bbox 987 827 1259 879; x_wconf 84' lang='lat' dir='ltr'>Numidiam,</span> <span class='ocrx_word' id='word_1_82' title='bbox 1290 829 1436 872; x_wconf 88' lang='lat' dir='ltr'>nescio</span> <span class='ocrx_word' id='word_1_83' title='bbox 1464 836 1606 872; x_wconf 86' lang='lat' dir='ltr'>tamen</span> <span class='ocrx_word' id='word_1_84' title='bbox 1635 845 1721 886; x_wconf 85' lang='lat' dir='ltr'>qua</span> 
     </span>
     <span class='ocr_line' id='line_1_11' title="bbox 170 898 1719 959; baseline 0.003 -18"><span class='ocrx_word' id='word_1_85' title='bbox 170 898 341 942; x_wconf 87' lang='lat' dir='ltr'>fictione</span> <span class='ocrx_word' id='word_1_86' title='bbox 381 898 464 955; x_wconf 90' lang='lat' dir='ltr'>(sic</span> <span class='ocrx_word' id='word_1_87' title='bbox 503 899 616 941; x_wconf 92' lang='lat' dir='ltr'>enim</span> <span class='ocrx_word' id='word_1_88' title='bbox 657 898 850 955; x_wconf 91' lang='lat' dir='ltr'>loquitur</span> <span class='ocrx_word' id='word_1_89' title='bbox 885 899 1141 942; x_wconf 80' lang='lat' dir='ltr'>Mommsen.</span> <span class='ocrx_word' id='word_1_90' title='bbox 1182 901 1227 942; x_wconf 90' lang='lat' dir='ltr'>in</span> <span class='ocrx_word' id='word_1_91' title='bbox 1267 907 1348 945; x_wconf 84' lang='lat' dir='ltr'>act.</span> <span class='ocrx_word' id='word_1_92' title='bbox 1382 900 1506 958; x_wconf 88' lang='lat' dir='ltr'>Lips.</span> <span class='ocrx_word' id='word_1_93' title='bbox 1541 917 1584 959; x_wconf 92' lang='lat' dir='ltr'>p.</span> <span class='ocrx_word' id='word_1_94' title='bbox 1617 903 1719 959; x_wconf 82' lang='lat'>214)</span> 
     </span>
     <span class='ocr_line' id='line_1_12' title="bbox 169 972 1720 1029; baseline 0.001 -14"><span class='ocrx_word' id='word_1_95' title='bbox 169 988 298 1015; x_wconf 89' lang='lat' dir='ltr'>unam</span> <span class='ocrx_word' id='word_1_96' title='bbox 339 978 546 1014; x_wconf 86' lang='lat' dir='ltr'>retentam</span> <span class='ocrx_word' id='word_1_97' title='bbox 583 987 678 1014; x_wconf 87' lang='lat' dir='ltr'>esse</span> <span class='ocrx_word' id='word_1_98' title='bbox 713 972 980 1028; x_wconf 89' lang='lat' dir='ltr'>provinciam</span> <span class='ocrx_word' id='word_1_99' title='bbox 1017 972 1209 1016; x_wconf 87' lang='lat' dir='ltr'>Africam</span> <span class='ocrx_word' id='word_1_100' title='bbox 1249 973 1443 1029; x_wconf 86' lang='lat' dir='ltr'>colliget,</span> <span class='ocrx_word' id='word_1_101' title='bbox 1483 981 1596 1018; x_wconf 90' lang='lat' dir='ltr'>certe</span> <span class='ocrx_word' id='word_1_102' title='bbox 1634 990 1720 1017; x_wconf 91' lang='lat' dir='ltr'>non</span> 
     </span>
     <span class='ocr_line' id='line_1_13' title="bbox 170 1043 1720 1102; baseline 0.002 -15"><span class='ocrx_word' id='word_1_103' title='bbox 170 1045 312 1087; x_wconf 90' lang='lat' dir='ltr'>minus</span> <span class='ocrx_word' id='word_1_104' title='bbox 352 1051 538 1087; x_wconf 85' lang='lat' dir='ltr'>statuere</span> <span class='ocrx_word' id='word_1_105' title='bbox 577 1043 775 1095; x_wconf 87' lang='lat' dir='ltr'>debebit,</span> <span class='ocrx_word' id='word_1_106' title='bbox 818 1058 916 1087; x_wconf 91' lang='lat' dir='ltr'>cum</span> <span class='ocrx_word' id='word_1_107' title='bbox 946 1045 1190 1088; x_wconf 87' lang='lat' dir='ltr'>Palaestina</span> <span class='ocrx_word' id='word_1_108' title='bbox 1217 1045 1464 1102; x_wconf 87' lang='lat' dir='ltr'>bellumque</span> <span class='ocrx_word' id='word_1_109' title='bbox 1492 1047 1720 1090; x_wconf 85' lang='lat' dir='ltr'>Iudaicum</span> 
     </span>
     <span class='ocr_line' id='line_1_14' title="bbox 170 1116 1720 1174; baseline 0.001 -13"><span class='ocrx_word' id='word_1_110' title='bbox 170 1118 439 1174; x_wconf 84' lang='lat' dir='ltr'>Vespasiano</span> <span class='ocrx_word' id='word_1_111' title='bbox 469 1116 669 1159; x_wconf 86' lang='lat' dir='ltr'>mandata</span> <span class='ocrx_word' id='word_1_112' title='bbox 695 1123 862 1168; x_wconf 86' lang='lat' dir='ltr'>essent,</span> <span class='ocrx_word' id='word_1_113' title='bbox 904 1124 1045 1160; x_wconf 90' lang='lat' dir='ltr'>tamen</span> <span class='ocrx_word' id='word_1_114' title='bbox 1076 1118 1395 1173; x_wconf 90' lang='lat' dir='ltr'>quodammodo</span> <span class='ocrx_word' id='word_1_115' title='bbox 1426 1134 1554 1162; x_wconf 87' lang='lat' dir='ltr'>unam</span> <span class='ocrx_word' id='word_1_116' title='bbox 1584 1120 1720 1164; x_wconf 84' lang='lat' dir='ltr'>fuisse</span> 
     </span>
     <span class='ocr_line' id='line_1_15' title="bbox 170 1188 1721 1249; baseline 0.002 -16"><span class='ocrx_word' id='word_1_117' title='bbox 170 1190 432 1248; x_wconf 87' lang='lat' dir='ltr'>provinciam</span> <span class='ocrx_word' id='word_1_118' title='bbox 462 1188 634 1246; x_wconf 83' lang='lat' dir='ltr'>Syriam</span> <span class='ocrx_word' id='word_1_119' title='bbox 659 1189 814 1232; x_wconf 90' lang='lat' dir='ltr'>iisdem</span> <span class='ocrx_word' id='word_1_120' title='bbox 843 1189 1002 1246; x_wconf 91' lang='lat' dir='ltr'>quibus</span> <span class='ocrx_word' id='word_1_121' title='bbox 1031 1196 1156 1233; x_wconf 87' lang='lat' dir='ltr'>antea</span> <span class='ocrx_word' id='word_1_122' title='bbox 1181 1190 1340 1234; x_wconf 89' lang='lat' dir='ltr'>finibus</span> <span class='ocrx_word' id='word_1_123' title='bbox 1371 1192 1721 1249; x_wconf 73' lang='lat' dir='ltr'>comprehensam</span> 
     </span>
     <span class='ocr_line' id='line_1_16' title="bbox 169 1260 1720 1319; baseline 0.001 -14"><span class='ocrx_word' id='word_1_124' title='bbox 169 1264 288 1319; x_wconf 89' lang='lat' dir='ltr'>(nam</span> <span class='ocrx_word' id='word_1_125' title='bbox 324 1267 457 1305; x_wconf 88' lang='lat' dir='ltr'>&#39;unam</span> <span class='ocrx_word' id='word_1_126' title='bbox 498 1260 669 1318; x_wconf 87' lang='lat' dir='ltr'>Syriam</span> <span class='ocrx_word' id='word_1_127' title='bbox 705 1262 896 1305; x_wconf 89' lang='lat' dir='ltr'>nominat</span> <span class='ocrx_word' id='word_1_128' title='bbox 933 1261 1133 1313; x_wconf 87' lang='lat' dir='ltr'>Tacitus,</span> <span class='ocrx_word' id='word_1_129' title='bbox 1173 1278 1252 1319; x_wconf 90' lang='lat' dir='ltr'>pro</span> <span class='ocrx_word' id='word_1_130' title='bbox 1283 1263 1524 1307; x_wconf 87' lang='lat' dir='ltr'>Palaestina</span> <span class='ocrx_word' id='word_1_131' title='bbox 1558 1264 1720 1308; x_wconf 89' lang='lat' dir='ltr'>bellum</span> 
     </span>
     <span class='ocr_line' id='line_1_17' title="bbox 168 1334 1720 1394; baseline 0.001 -16"><span class='ocrx_word' id='word_1_132' title='bbox 168 1336 395 1378; x_wconf 86' lang='lat' dir='ltr'>Iudaicum</span> <span class='ocrx_word' id='word_1_133' title='bbox 415 1334 785 1388; x_wconf 90' lang='lat' dir='ltr'>commemorans),</span> <span class='ocrx_word' id='word_1_134' title='bbox 818 1334 1098 1390; x_wconf 87' lang='lat' dir='ltr'>similiterque</span> <span class='ocrx_word' id='word_1_135' title='bbox 1119 1334 1173 1377; x_wconf 87' lang='lat' dir='ltr'>de</span> <span class='ocrx_word' id='word_1_136' title='bbox 1189 1334 1402 1392; x_wconf 84' lang='lat' dir='ltr'>Hispania</span> <span class='ocrx_word' id='word_1_137' title='bbox 1421 1336 1602 1392; x_wconf 89' lang='lat' dir='ltr'>aliisque</span> <span class='ocrx_word' id='word_1_138' title='bbox 1618 1352 1720 1394; x_wconf 92' lang='lat' dir='ltr'>pro-</span> 
     </span>
     <span class='ocr_line' id='line_1_18' title="bbox 170 1406 1718 1463; baseline 0.002 -13"><span class='ocrx_word' id='word_1_139' title='bbox 170 1408 325 1451; x_wconf 88' lang='lat' dir='ltr'>vinciis</span> <span class='ocrx_word' id='word_1_140' title='bbox 351 1406 545 1449; x_wconf 85' lang='lat' dir='ltr'>iudicare</span> <span class='ocrx_word' id='word_1_141' title='bbox 571 1413 764 1462; x_wconf 86' lang='lat' dir='ltr'>cogetur.</span> <span class='ocrx_word' id='word_1_142' title='bbox 814 1406 986 1460; x_wconf 82' lang='lat' dir='ltr'>Quodsi</span> <span class='ocrx_word' id='word_1_143' title='bbox 1010 1407 1168 1450; x_wconf 88' lang='lat' dir='ltr'>talibus</span> <span class='ocrx_word' id='word_1_144' title='bbox 1194 1409 1457 1463; x_wconf 84' lang='lat' dir='ltr'>argumentis</span> <span class='ocrx_word' id='word_1_145' title='bbox 1477 1409 1538 1451; x_wconf 89' lang='lat' dir='ltr'>uti</span> <span class='ocrx_word' id='word_1_146' title='bbox 1556 1409 1718 1461; x_wconf 89' lang='lat' dir='ltr'>liceret,</span> 
     </span>
     <span class='ocr_line' id='line_1_19' title="bbox 168 1478 1717 1537; baseline 0.001 -14"><span class='ocrx_word' id='word_1_147' title='bbox 168 1479 377 1537; x_wconf 89' lang='lat' dir='ltr'>imprimis</span> <span class='ocrx_word' id='word_1_148' title='bbox 416 1494 526 1535; x_wconf 88' lang='lat' dir='ltr'>quae</span> <span class='ocrx_word' id='word_1_149' title='bbox 557 1478 736 1522; x_wconf 86' lang='lat' dir='ltr'>Tacitus</span> <span class='ocrx_word' id='word_1_150' title='bbox 770 1480 885 1523; x_wconf 91' lang='lat' dir='ltr'>Hist.</span> <span class='ocrx_word' id='word_1_151' title='bbox 916 1478 996 1530; x_wconf 90' lang='lat' dir='ltr'>IV,</span> <span class='ocrx_word' id='word_1_152' title='bbox 1029 1479 1082 1523; x_wconf 81' lang='lat'>48</span> <span class='ocrx_word' id='word_1_153' title='bbox 1112 1488 1276 1530; x_wconf 87' lang='lat' dir='ltr'>narrat,</span> <span class='ocrx_word' id='word_1_154' title='bbox 1316 1488 1460 1524; x_wconf 88' lang='lat' dir='ltr'>essent</span> <span class='ocrx_word' id='word_1_155' title='bbox 1488 1482 1717 1526; x_wconf 78' lang='lat' dir='ltr'>afferenda.</span> 
     </span>
     <span class='ocr_line' id='line_1_20' title="bbox 171 1551 1720 1609; baseline 0.002 -14"><span class='ocrx_word' id='word_1_156' title='bbox 171 1554 261 1608; x_wconf 82' lang='lat' dir='ltr'>Qui</span> <span class='ocrx_word' id='word_1_157' title='bbox 300 1568 398 1595; x_wconf 90' lang='lat' dir='ltr'>cum</span> <span class='ocrx_word' id='word_1_158' title='bbox 439 1551 699 1594; x_wconf 88' lang='lat' dir='ltr'>traditurum</span> <span class='ocrx_word' id='word_1_159' title='bbox 740 1567 786 1596; x_wconf 92' lang='lat' dir='ltr'>se</span> <span class='ocrx_word' id='word_1_160' title='bbox 814 1552 1065 1609; x_wconf 88' lang='lat' dir='ltr'>profiteatur</span> <span class='ocrx_word' id='word_1_161' title='bbox 1095 1552 1149 1595; x_wconf 90' lang='lat' dir='ltr'>de</span> <span class='ocrx_word' id='word_1_162' title='bbox 1179 1553 1390 1596; x_wconf 88' lang='lat' dir='ltr'>divisione</span> <span class='ocrx_word' id='word_1_163' title='bbox 1416 1553 1614 1605; x_wconf 86' lang='lat' dir='ltr'>Africae,</span> <span class='ocrx_word' id='word_1_164' title='bbox 1658 1555 1720 1598; x_wconf 90' lang='lat' dir='ltr'>sic</span> 
     </span>
     <span class='ocr_line' id='line_1_21' title="bbox 171 1625 1720 1680; baseline -0.001 -11"><span class='ocrx_word' id='word_1_165' title='bbox 171 1625 340 1669; x_wconf 88' lang='lat' dir='ltr'>scribit:</span> <span class='ocrx_word' id='word_1_166' title='bbox 383 1627 514 1679; x_wconf 80' lang='lat' dir='ltr'>Legio</span> <span class='ocrx_word' id='word_1_167' title='bbox 543 1627 590 1665; x_wconf 84' lang='lat' dir='ltr'>in</span> <span class='ocrx_word' id='word_1_168' title='bbox 617 1627 770 1680; x_wconf 74' lang='lat' dir='ltr'>Africa</span> <span class='ocrx_word' id='word_1_169' title='bbox 796 1628 1041 1679; x_wconf 74' lang='lat' dir='ltr'>auxiliaque</span> <span class='ocrx_word' id='word_1_170' title='bbox 1069 1627 1258 1667; x_wconf 80' lang='lat' dir='ltr'>tutandis</span> <span class='ocrx_word' id='word_1_171' title='bbox 1287 1629 1453 1679; x_wconf 80' lang='lat' dir='ltr'>imperii</span> <span class='ocrx_word' id='word_1_172' title='bbox 1469 1627 1624 1678; x_wconf 79' lang='lat' dir='ltr'>finibus</span> <span class='ocrx_word' id='word_1_173' title='bbox 1649 1628 1720 1668; x_wconf 85' lang='lat' dir='ltr'>sub</span> 
     </span>
     <span class='ocr_line' id='line_1_22' title="bbox 170 1697 1720 1752; baseline 0.001 -11"><span class='ocrx_word' id='word_1_174' title='bbox 170 1701 262 1741; x_wconf 84' lang='lat' dir='ltr'>divo</span> <span class='ocrx_word' id='word_1_175' title='bbox 292 1700 479 1751; x_wconf 80' lang='lat' dir='ltr'>Augusto</span> <span class='ocrx_word' id='word_1_176' title='bbox 515 1697 754 1750; x_wconf 80' lang='lat' dir='ltr'>Tiberioque</span> <span class='ocrx_word' id='word_1_177' title='bbox 786 1698 1045 1752; x_wconf 82' lang='lat' dir='ltr'>principibus</span> <span class='ocrx_word' id='word_1_178' title='bbox 1070 1701 1314 1751; x_wconf 78' lang='lat' dir='ltr'>proconsuli</span> <span class='ocrx_word' id='word_1_179' title='bbox 1338 1699 1556 1752; x_wconf 80' lang='lat' dir='ltr'>parebant.</span> <span class='ocrx_word' id='word_1_180' title='bbox 1616 1703 1720 1742; x_wconf 72' lang='lat' dir='ltr'>Mox</span> 
     </span>
     <span class='ocr_line' id='line_1_23' title="bbox 172 1769 1719 1826; baseline -0.001 -12"><span class='ocrx_word' id='word_1_181' title='bbox 172 1773 213 1815; x_wconf 84' lang='lat' dir='ltr'>C.</span> <span class='ocrx_word' id='word_1_182' title='bbox 246 1772 396 1814; x_wconf 77' lang='lat' dir='ltr'>Caesar</span> <span class='ocrx_word' id='word_1_183' title='bbox 433 1769 620 1810; x_wconf 83' lang='lat' dir='ltr'>turbidus</span> <span class='ocrx_word' id='word_1_184' title='bbox 659 1772 797 1811; x_wconf 75' lang='lat' dir='ltr'>animi</span> <span class='ocrx_word' id='word_1_185' title='bbox 830 1785 880 1811; x_wconf 83' lang='lat' dir='ltr'>uc</span> <span class='ocrx_word' id='word_1_186' title='bbox 919 1773 982 1812; x_wconf 88' lang='lat' dir='ltr'>M.</span> <span class='ocrx_word' id='word_1_187' title='bbox 1013 1772 1208 1812; x_wconf 83' lang='lat' dir='ltr'>Silanum</span> <span class='ocrx_word' id='word_1_188' title='bbox 1243 1771 1487 1812; x_wconf 83' lang='lat' dir='ltr'>obtinentem</span> <span class='ocrx_word' id='word_1_189' title='bbox 1525 1773 1719 1826; x_wconf 85' lang='lat' dir='ltr'>Africam</span> 
     </span>
     <span class='ocr_line' id='line_1_24' title="bbox 169 1842 1720 1898; baseline 0.001 -14"><span class='ocrx_word' id='word_1_190' title='bbox 169 1850 350 1884; x_wconf 83' lang='lat' dir='ltr'>metuens</span> <span class='ocrx_word' id='word_1_191' title='bbox 390 1842 573 1883; x_wconf 82' lang='lat' dir='ltr'>ablutam</span> <span class='ocrx_word' id='word_1_192' title='bbox 606 1845 854 1895; x_wconf 80' lang='lat' dir='ltr'>proconsuli</span> <span class='ocrx_word' id='word_1_193' title='bbox 887 1844 1085 1895; x_wconf 81' lang='lat' dir='ltr'>legionem</span> <span class='ocrx_word' id='word_1_194' title='bbox 1124 1845 1244 1884; x_wconf 85' lang='lat' dir='ltr'>misso</span> <span class='ocrx_word' id='word_1_195' title='bbox 1279 1847 1324 1883; x_wconf 84' lang='lat' dir='ltr'>in</span> <span class='ocrx_word' id='word_1_196' title='bbox 1354 1858 1443 1884; x_wconf 80' lang='lat' dir='ltr'>eam</span> <span class='ocrx_word' id='word_1_197' title='bbox 1469 1858 1554 1885; x_wconf 88' lang='lat' dir='ltr'>rem</span> <span class='ocrx_word' id='word_1_198' title='bbox 1585 1847 1720 1898; x_wconf 74' lang='lat' dir='ltr'>legato</span> 
     </span>
     <span class='ocr_line' id='line_1_25' title="bbox 170 1914 1721 1970; baseline 0 -12"><span class='ocrx_word' id='word_1_199' title='bbox 170 1918 358 1959; x_wconf 80' lang='lat' dir='ltr'>tradidit.</span> <span class='ocrx_word' id='word_1_200' title='bbox 421 1917 628 1968; x_wconf 83' lang='lat' dir='ltr'>Aequatus</span> <span class='ocrx_word' id='word_1_201' title='bbox 665 1916 775 1954; x_wconf 74' lang='lat' dir='ltr'>inte-r</span> <span class='ocrx_word' id='word_1_202' title='bbox 809 1915 908 1954; x_wconf 84' lang='lat' dir='ltr'>duos</span> <span class='ocrx_word' id='word_1_203' title='bbox 937 1914 1230 1967; x_wconf 78' lang='lat' dir='ltr'>‚beneficiorum</span> <span class='ocrx_word' id='word_1_204' title='bbox 1267 1931 1464 1957; x_wconf 86' lang='lat' dir='ltr'>numerus</span> <span class='ocrx_word' id='word_1_205' title='bbox 1501 1923 1541 1958; x_wconf 86' lang='lat' dir='ltr'>et</span> <span class='ocrx_word' id='word_1_206' title='bbox 1570 1919 1721 1970; x_wconf 69' lang='lat' dir='ltr'>mittis</span> 
     </span>
     <span class='ocr_line' id='line_1_26' title="bbox 170 1987 1718 2042; baseline 0 -12"><span class='ocrx_word' id='word_1_207' title='bbox 170 1992 384 2042; x_wconf 83' lang='lat' dir='ltr'>utriusque</span> <span class='ocrx_word' id='word_1_208' title='bbox 411 1989 624 2030; x_wconf 77' lang='lat' dir='ltr'>mandatis</span> <span class='ocrx_word' id='word_1_209' title='bbox 651 1987 855 2028; x_wconf 81' lang='lat' dir='ltr'>discordia</span> <span class='ocrx_word' id='word_1_210' title='bbox 884 1990 1070 2040; x_wconf 83' lang='lat' dir='ltr'>quaesita</span> <span class='ocrx_word' id='word_1_211' title='bbox 1097 1994 1299 2040; x_wconf 79' lang='lat' dir='ltr'>auctaque</span> <span class='ocrx_word' id='word_1_212' title='bbox 1319 2002 1453 2041; x_wconf 78' lang='lat' dir='ltr'>pravo</span> <span class='ocrx_word' id='word_1_213' title='bbox 1482 1991 1718 2030; x_wconf 79' lang='lat' dir='ltr'>certamine.</span> 
     </span>
     <span class='ocr_line' id='line_1_27' title="bbox 170 2058 1719 2116; baseline -0.001 -13"><span class='ocrx_word' id='word_1_214' title='bbox 170 2061 289 2103; x_wconf 91' lang='lat' dir='ltr'>Nihil</span> <span class='ocrx_word' id='word_1_215' title='bbox 316 2060 379 2103; x_wconf 89' lang='lat' dir='ltr'>ibi</span> <span class='ocrx_word' id='word_1_216' title='bbox 406 2059 460 2102; x_wconf 90' lang='lat' dir='ltr'>de</span> <span class='ocrx_word' id='word_1_217' title='bbox 485 2059 707 2116; x_wconf 89' lang='lat' dir='ltr'>provincia</span> <span class='ocrx_word' id='word_1_218' title='bbox 737 2058 974 2109; x_wconf 86' lang='lat' dir='ltr'>disiuncta,</span> <span class='ocrx_word' id='word_1_219' title='bbox 1012 2058 1119 2101; x_wconf 90' lang='lat' dir='ltr'>nihil</span> <span class='ocrx_word' id='word_1_220' title='bbox 1147 2059 1201 2101; x_wconf 92' lang='lat' dir='ltr'>de</span> <span class='ocrx_word' id='word_1_221' title='bbox 1230 2059 1402 2116; x_wconf 89' lang='lat' dir='ltr'>populis</span> <span class='ocrx_word' id='word_1_222' title='bbox 1434 2060 1608 2111; x_wconf 88' lang='lat' dir='ltr'>divisis,</span> <span class='ocrx_word' id='word_1_223' title='bbox 1639 2061 1719 2102; x_wconf 87' lang='lat' dir='ltr'>mi-</span> 
     </span>
     <span class='ocr_line' id='line_1_28' title="bbox 170 2131 1719 2187; baseline 0 -12"><span class='ocrx_word' id='word_1_224' title='bbox 170 2133 266 2175; x_wconf 88' lang='lat' dir='ltr'>lites</span> <span class='ocrx_word' id='word_1_225' title='bbox 311 2139 477 2175; x_wconf 82' lang='lat' dir='ltr'>tantum</span> <span class='ocrx_word' id='word_1_226' title='bbox 519 2132 818 2183; x_wconf 87' lang='lat' dir='ltr'>nominantur,</span> <span class='ocrx_word' id='word_1_227' title='bbox 865 2131 1125 2187; x_wconf 88' lang='lat' dir='ltr'>quibuscum</span> <span class='ocrx_word' id='word_1_228' title='bbox 1164 2131 1301 2173; x_wconf 87' lang='lat' dir='ltr'>omnis</span> <span class='ocrx_word' id='word_1_229' title='bbox 1349 2131 1488 2174; x_wconf 88' lang='lat' dir='ltr'>civilis</span> <span class='ocrx_word' id='word_1_230' title='bbox 1532 2140 1719 2187; x_wconf 87' lang='lat' dir='ltr'>potestas</span> 
     </span>
     <span class='ocr_line' id='line_1_29' title="bbox 171 2203 1720 2260; baseline -0.002 -11"><span class='ocrx_word' id='word_1_231' title='bbox 171 2205 398 2249; x_wconf 85' lang='lat' dir='ltr'>coniuncta</span> <span class='ocrx_word' id='word_1_232' title='bbox 429 2212 506 2248; x_wconf 92' lang='lat' dir='ltr'>est.</span> <span class='ocrx_word' id='word_1_233' title='bbox 565 2204 712 2259; x_wconf 77' lang='lat' dir='ltr'>Quare</span> <span class='ocrx_word' id='word_1_234' title='bbox 747 2204 864 2246; x_wconf 90' lang='lat' dir='ltr'>idem</span> <span class='ocrx_word' id='word_1_235' title='bbox 898 2203 1076 2246; x_wconf 87' lang='lat' dir='ltr'>Tacitus</span> <span class='ocrx_word' id='word_1_236' title='bbox 1107 2203 1237 2260; x_wconf 90' lang='lat' dir='ltr'>paulo</span> <span class='ocrx_word' id='word_1_237' title='bbox 1268 2210 1365 2259; x_wconf 90' lang='lat' dir='ltr'>post</span> <span class='ocrx_word' id='word_1_238' title='bbox 1396 2204 1476 2246; x_wconf 88' lang='lat' dir='ltr'>ait:</span> <span class='ocrx_word' id='word_1_239' title='bbox 1525 2206 1608 2246; x_wconf 81' lang='lat' dir='ltr'>Sed</span> <span class='ocrx_word' id='word_1_240' title='bbox 1631 2211 1720 2246; x_wconf 86' lang='lat' dir='ltr'>tum</span> 
     </span>
     <span class='ocr_line' id='line_1_30' title="bbox 171 2275 1719 2332; baseline 0 -12"><span class='ocrx_word' id='word_1_241' title='bbox 171 2281 369 2332; x_wconf 77' lang='lat' dir='ltr'>legionem</span> <span class='ocrx_word' id='word_1_242' title='bbox 395 2281 441 2318; x_wconf 83' lang='lat' dir='ltr'>in</span> <span class='ocrx_word' id='word_1_243' title='bbox 468 2279 622 2332; x_wconf 83' lang='lat' dir='ltr'>Africa</span> <span class='ocrx_word' id='word_1_244' title='bbox 653 2277 816 2330; x_wconf 81' lang='lat' dir='ltr'>regebat</span> <span class='ocrx_word' id='word_1_245' title='bbox 854 2279 1040 2318; x_wconf 77' lang='lat' dir='ltr'>Valerius</span> <span class='ocrx_word' id='word_1_246' title='bbox 1068 2278 1221 2318; x_wconf 85' lang='lat' dir='ltr'>Festus.</span> <span class='ocrx_word' id='word_1_247' title='bbox 1277 2275 1400 2329; x_wconf 80' lang='lat' dir='ltr'>Quae</span> <span class='ocrx_word' id='word_1_248' title='bbox 1435 2283 1613 2332; x_wconf 88' lang='lat' dir='ltr'>possent</span> <span class='ocrx_word' id='word_1_249' title='bbox 1639 2291 1719 2320; x_wconf 88' lang='lat' dir='ltr'>nos</span> 
     </span>
     <span class='ocr_line' id='line_1_31' title="bbox 171 2347 1720 2405; baseline -0.001 -12"><span class='ocrx_word' id='word_1_250' title='bbox 171 2351 215 2392; x_wconf 92' lang='lat' dir='ltr'>in</span> <span class='ocrx_word' id='word_1_251' title='bbox 240 2364 428 2393; x_wconf 88' lang='lat' dir='ltr'>errorem</span> <span class='ocrx_word' id='word_1_252' title='bbox 455 2348 769 2405; x_wconf 87' lang='lat' dir='ltr'>quodammodo</span> <span class='ocrx_word' id='word_1_253' title='bbox 791 2348 1010 2398; x_wconf 88' lang='lat' dir='ltr'>inducere,</span> <span class='ocrx_word' id='word_1_254' title='bbox 1041 2347 1124 2389; x_wconf 89' lang='lat' dir='ltr'>nisi</span> <span class='ocrx_word' id='word_1_255' title='bbox 1155 2354 1399 2403; x_wconf 88' lang='lat' dir='ltr'>superesset</span> <span class='ocrx_word' id='word_1_256' title='bbox 1419 2348 1575 2391; x_wconf 91' lang='lat' dir='ltr'>Dionis</span> <span class='ocrx_word' id='word_1_257' title='bbox 1591 2349 1720 2401; x_wconf 87' lang='lat' dir='ltr'>LIX,</span> 
     </span>
     <span class='ocr_line' id='line_1_32' title="bbox 172 2419 1722 2476; baseline -0.003 -9"><span class='ocrx_word' id='word_1_258' title='bbox 172 2424 226 2467; x_wconf 79' lang='lat'>20</span> <span class='ocrx_word' id='word_1_259' title='bbox 258 2422 570 2466; x_wconf 87' lang='lat' dir='ltr'>testimonium:</span> <span class='ocrx_word' id='word_1_260' title='bbox 604 2419 773 2476; x_wconf 84' lang='grc' dir='ltr'>Ἐπειδή</span> <span class='ocrx_word' id='word_1_261' title='bbox 805 2436 846 2462; x_wconf 86' lang='grc' dir='ltr'>τε</span> <span class='ocrx_word' id='word_1_262' title='bbox 875 2420 1049 2464; x_wconf 81' lang='grc' dir='ltr'>Λούκιος</span> <span class='ocrx_word' id='word_1_263' title='bbox 1081 2419 1239 2461; x_wconf 82' lang='grc' dir='ltr'>Πείσων</span> <span class='ocrx_word' id='word_1_264' title='bbox 1273 2421 1294 2462; x_wconf 85' lang='grc' dir='ltr'>ὁ</span> <span class='ocrx_word' id='word_1_265' title='bbox 1324 2424 1395 2475; x_wconf 77' lang='grc' dir='ltr'>τῆς</span> <span class='ocrx_word' id='word_1_266' title='bbox 1422 2435 1465 2461; x_wconf 82' lang='grc' dir='ltr'>τε</span> <span class='ocrx_word' id='word_1_267' title='bbox 1494 2419 1722 2476; x_wconf 77' lang='grc' dir='ltr'>Πλαγκίνης</span> 
     </span>
     <span class='ocr_line' id='line_1_33' title="bbox 172 2491 1719 2549; baseline -0.003 -11"><span class='ocrx_word' id='word_1_268' title='bbox 172 2497 239 2538; x_wconf 80' lang='grc' dir='ltr'>καὶ</span> <span class='ocrx_word' id='word_1_269' title='bbox 280 2499 350 2537; x_wconf 82' lang='grc' dir='ltr'>τοῦ</span> <span class='ocrx_word' id='word_1_270' title='bbox 385 2495 534 2537; x_wconf 84' lang='grc' dir='ltr'>Γναίου</span> <span class='ocrx_word' id='word_1_271' title='bbox 564 2493 771 2538; x_wconf 86' lang='grc' dir='ltr'>Πείσωνος</span> <span class='ocrx_word' id='word_1_272' title='bbox 810 2493 895 2538; x_wconf 82' lang='grc' dir='ltr'>υἱὸς</span> <span class='ocrx_word' id='word_1_273' title='bbox 938 2492 1060 2548; x_wconf 76' lang='grc' dir='ltr'>ἄρξας</span> <span class='ocrx_word' id='word_1_274' title='bbox 1092 2494 1162 2546; x_wconf 78' lang='grc' dir='ltr'>τῆς</span> <span class='ocrx_word' id='word_1_275' title='bbox 1190 2491 1388 2548; x_wconf 78' lang='grc' dir='ltr'>Ἀφρικῆς</span> <span class='ocrx_word' id='word_1_276' title='bbox 1419 2492 1582 2549; x_wconf 82' lang='grc' dir='ltr'>ἔτυχεν,</span> <span class='ocrx_word' id='word_1_277' title='bbox 1625 2493 1719 2549; x_wconf 79' lang='grc' dir='ltr'>ἐφο-</span> 
     </span>
     <span class='ocr_line' id='line_1_34' title="bbox 174 2563 1718 2625; baseline -0.002 -16"><span class='ocrx_word' id='word_1_278' title='bbox 174 2569 280 2625; x_wconf 76' lang='grc' dir='ltr'>βήθη</span> <span class='ocrx_word' id='word_1_279' title='bbox 311 2568 365 2623; x_wconf 88' lang='grc' dir='ltr'>μὴ</span> <span class='ocrx_word' id='word_1_280' title='bbox 395 2566 615 2622; x_wconf 80' lang='grc' dir='ltr'>νεωτερίσῃ</span> <span class='ocrx_word' id='word_1_281' title='bbox 639 2581 675 2606; x_wconf 83' lang='grc' dir='ltr'>τι</span> <span class='ocrx_word' id='word_1_282' title='bbox 705 2566 781 2607; x_wconf 81' lang='grc' dir='ltr'>ὑπὸ</span> <span class='ocrx_word' id='word_1_283' title='bbox 813 2563 1111 2619; x_wconf 75' lang='grc' dir='ltr'>μεγαλαυχίας,</span> <span class='ocrx_word' id='word_1_284' title='bbox 1138 2563 1274 2609; x_wconf 83' lang='grc' dir='ltr'>ἄλλως</span> <span class='ocrx_word' id='word_1_285' title='bbox 1298 2580 1340 2605; x_wconf 84' lang='grc' dir='ltr'>τε</span> <span class='ocrx_word' id='word_1_286' title='bbox 1367 2565 1434 2606; x_wconf 86' lang='grc' dir='ltr'>καὶ</span> <span class='ocrx_word' id='word_1_287' title='bbox 1464 2565 1523 2607; x_wconf 81' lang='grc' dir='ltr'>ὅτι</span> <span class='ocrx_word' id='word_1_288' title='bbox 1552 2566 1718 2621; x_wconf 82' lang='grc' dir='ltr'>δύναμιν</span> 
     </span>
     <span class='ocr_line' id='line_1_35' title="bbox 172 2634 1722 2695; baseline -0.002 -14"><span class='ocrx_word' id='word_1_289' title='bbox 172 2641 327 2695; x_wconf 84' lang='grc' dir='ltr'>πολλὴν</span> <span class='ocrx_word' id='word_1_290' title='bbox 359 2640 425 2681; x_wconf 78' lang='grc' dir='ltr'>καὶ</span> <span class='ocrx_word' id='word_1_291' title='bbox 453 2639 659 2693; x_wconf 82' lang='grc' dir='ltr'>πολιτικὴν</span> <span class='ocrx_word' id='word_1_292' title='bbox 689 2637 756 2679; x_wconf 83' lang='grc' dir='ltr'>καὶ</span> <span class='ocrx_word' id='word_1_293' title='bbox 783 2637 935 2691; x_wconf 81' lang='grc' dir='ltr'>Εενικὴν</span> <span class='ocrx_word' id='word_1_294' title='bbox 967 2636 1067 2681; x_wconf 70' lang='grc' dir='ltr'>ἕξειν</span> <span class='ocrx_word' id='word_1_295' title='bbox 1098 2634 1267 2690; x_wconf 80' lang='grc' dir='ltr'>ἔμελλε·</span> <span class='ocrx_word' id='word_1_296' title='bbox 1310 2638 1376 2678; x_wconf 84' lang='grc' dir='ltr'>καὶ</span> <span class='ocrx_word' id='word_1_297' title='bbox 1407 2637 1502 2693; x_wconf 83' lang='grc' dir='ltr'>δίχα</span> <span class='ocrx_word' id='word_1_298' title='bbox 1527 2639 1571 2679; x_wconf 87' lang='grc' dir='ltr'>τὸ</span> <span class='ocrx_word' id='word_1_299' title='bbox 1603 2636 1722 2682; x_wconf 80' lang='grc' dir='ltr'>ἔθνος</span> 
     </span>
     <span class='ocr_line' id='line_1_36' title="bbox 173 2706 1718 2767; baseline -0.003 -15"><span class='ocrx_word' id='word_1_300' title='bbox 173 2713 312 2766; x_wconf 81' lang='grc' dir='ltr'>νείμας</span> <span class='ocrx_word' id='word_1_301' title='bbox 342 2711 469 2767; x_wconf 79' lang='grc' dir='ltr'>ἑτέρῳ</span> <span class='ocrx_word' id='word_1_302' title='bbox 498 2711 542 2752; x_wconf 79' lang='grc' dir='ltr'>τό</span> <span class='ocrx_word' id='word_1_303' title='bbox 575 2725 618 2751; x_wconf 76' lang='grc' dir='ltr'>τε</span> <span class='ocrx_word' id='word_1_304' title='bbox 649 2710 929 2765; x_wconf 85' lang='grc' dir='ltr'>στρατιωτικὸν</span> <span class='ocrx_word' id='word_1_305' title='bbox 961 2708 1028 2750; x_wconf 81' lang='grc' dir='ltr'>καὶ</span> <span class='ocrx_word' id='word_1_306' title='bbox 1055 2708 1149 2753; x_wconf 83' lang='grc' dir='ltr'>τοὺς</span> <span class='ocrx_word' id='word_1_307' title='bbox 1166 2706 1366 2763; x_wconf 81' lang='grc' dir='ltr'>Νομάδας</span> <span class='ocrx_word' id='word_1_308' title='bbox 1389 2708 1483 2753; x_wconf 82' lang='grc' dir='ltr'>τοὺς</span> <span class='ocrx_word' id='word_1_309' title='bbox 1504 2708 1595 2762; x_wconf 83' lang='grc' dir='ltr'>περὶ</span> <span class='ocrx_word' id='word_1_310' title='bbox 1621 2707 1718 2748; x_wconf 83' lang='grc' dir='ltr'>αὐτὸ</span> 
     </span>
     <span class='ocr_line' id='line_1_37' title="bbox 173 2777 1719 2837; baseline -0.002 -14"><span class='ocrx_word' id='word_1_311' title='bbox 173 2783 418 2837; x_wconf 73' lang='grc' dir='ltr'>προςέταξε,</span> <span class='ocrx_word' id='word_1_312' title='bbox 460 2783 527 2825; x_wconf 84' lang='grc' dir='ltr'>καὶ</span> <span class='ocrx_word' id='word_1_313' title='bbox 562 2783 602 2829; x_wconf 82' lang='grc' dir='ltr'>ἐΕ</span> <span class='ocrx_word' id='word_1_314' title='bbox 636 2783 790 2824; x_wconf 83' lang='grc' dir='ltr'>ἐκείνου</span> <span class='ocrx_word' id='word_1_315' title='bbox 821 2782 888 2824; x_wconf 82' lang='grc' dir='ltr'>καὶ</span> <span class='ocrx_word' id='word_1_316' title='bbox 920 2781 1041 2836; x_wconf 80' lang='grc' dir='ltr'>δεῦρο</span> <span class='ocrx_word' id='word_1_317' title='bbox 1072 2783 1190 2822; x_wconf 79' lang='grc' dir='ltr'>τοῦτο</span> <span class='ocrx_word' id='word_1_318' title='bbox 1223 2780 1408 2834; x_wconf 74' lang='grc' dir='ltr'>γίγνεται.</span> <span class='ocrx_word' id='word_1_319' title='bbox 1474 2779 1526 2821; x_wconf 93' lang='lat' dir='ltr'>In</span> <span class='ocrx_word' id='word_1_320' title='bbox 1563 2777 1719 2834; x_wconf 90' lang='lat' dir='ltr'>quibus</span> 
     </span>
     <span class='ocr_line' id='line_1_38' title="bbox 174 2851 1722 2911; baseline -0.005 -14"><span class='ocrx_word' id='word_1_321' title='bbox 174 2869 283 2911; x_wconf 88' lang='lat' dir='ltr'>quae</span> <span class='ocrx_word' id='word_1_322' title='bbox 323 2854 536 2897; x_wconf 90' lang='lat' dir='ltr'>dissensio</span> <span class='ocrx_word' id='word_1_323' title='bbox 575 2853 748 2897; x_wconf 89' lang='lat' dir='ltr'>videtur</span> <span class='ocrx_word' id='word_1_324' title='bbox 788 2868 882 2896; x_wconf 91' lang='lat' dir='ltr'>esse</span> <span class='ocrx_word' id='word_1_325' title='bbox 923 2868 1019 2896; x_wconf 89' lang='lat' dir='ltr'>cum</span> <span class='ocrx_word' id='word_1_326' title='bbox 1059 2851 1197 2895; x_wconf 88' lang='lat' dir='ltr'>Taciti</span> <span class='ocrx_word' id='word_1_327' title='bbox 1238 2851 1405 2902; x_wconf 88' lang='lat' dir='ltr'>verbis,</span> <span class='ocrx_word' id='word_1_328' title='bbox 1446 2865 1554 2907; x_wconf 88' lang='lat' dir='ltr'>quae</span> <span class='ocrx_word' id='word_1_329' title='bbox 1593 2864 1722 2906; x_wconf 84' lang='lat' dir='ltr'>supra</span> 
     </span>
    </p>
   </div>
  </div>
 </body>
</html>
