1846 3100
199 146 282 190 284
606 152 661 183 De
686 152 819 193 legibus
843 152 1105 194 municipalibus
1129 153 1337 196 Hispanicis.

200 259 358 316 oppido
396 261 578 317 amplam
617 276 667 303 ac
704 261 917 318 copiosam
957 260 1092 303 fuisse
1133 261 1316 313 scimus,
1359 263 1582 307 faciendae
1619 279 1749 308 causa

201 340 585 384 commorarentur,
630 333 666 376 si
708 349 793 376 non
838 341 981 376 essent
1023 334 1194 376 oriundi
1237 350 1291 377 ex
1330 350 1436 392 agro
1474 336 1747 388 Malacitano,

199 405 360 447 fuerint
396 406 574 449 incolae.
640 406 839 460 Quorum
873 406 948 462 qui
979 406 1094 449 cives
1124 407 1306 450 Romani
1338 415 1412 450 aut
1438 408 1583 451 Latini
1615 415 1748 459 erant,

198 478 252 521 iis
282 477 361 520 hac
389 479 486 535 lege
512 479 592 521 hoe
617 479 686 521 ius
716 479 861 529 datur,
905 486 954 520 ut
985 494 1112 520 unam
1154 479 1340 530 curiam,
1380 481 1423 522 in
1460 495 1546 536 qua
1576 481 1630 523 de
1658 496 1748 524 ma-

199 551 452 607 gistratibus
482 552 678 594 creandis
711 551 918 608 suffragia
945 552 1096 600 ferant,
1125 553 1357 610 accipiant:
1401 553 1555 609 reliqui
1585 567 1748 596 merca-

199 631 327 675 tores,
358 624 431 679 qui
460 625 713 681 peregrinae
742 624 1006 667 condicionis
1035 631 1168 676 erant,
1201 626 1236 668 si
1263 626 1336 681 qui
1362 640 1415 668 ex
1439 625 1650 683 Hispania
1679 625 1750 668 vel

198 694 348 739 Africa
387 697 455 739 vel
492 696 635 740 Gallia
669 696 952 746 advenerant,
993 696 1076 739 hoc
1116 697 1210 739 iure
1253 698 1466 741 carebant.
1536 699 1640 741 Duo
1679 697 1750 740 hic

199 777 487 825 quaeruntur,
527 770 710 826 primum
744 778 888 812 utrum
929 784 1153 813 commune
1184 770 1230 812 id
1260 771 1390 814 fuerit
1418 771 1749 828 municipiorum

199 858 253 884 an
289 843 511 899 proprium
547 843 828 885 Malacitanae
869 843 1065 885 civitatis.
1130 843 1344 899 Equidem
1386 843 1466 887 etsi
1501 842 1607 885 nihil
1645 842 1749 885 certi

201 915 404 957 affirmari
434 930 558 972 posse
590 915 732 966 video,
766 916 847 958 hoc
879 923 1019 958 tamen
1048 916 1190 972 potius
1218 917 1347 959 credo
1371 922 1595 973 propterea
1618 914 1748 971 quod,

200 987 236 1029 si
265 987 436 1030 omnino
467 988 575 1030 illud
606 1004 703 1030 cum
730 988 900 1031 civitate
930 995 1004 1031 aut
1022 988 1255 1031 Latinitate
1285 989 1561 1032 coniunctum
1581 988 1749 1038 fuisset,

195 1067 250 1102 ut
280 1076 330 1102 ea
357 1060 430 1116 qui
455 1068 691 1111 uterentur,
718 1061 762 1102 in
780 1060 979 1102 omnibus
1004 1061 1246 1117 municipiis
1267 1061 1320 1102 ad
1346 1061 1552 1118 suffragia
1572 1060 1750 1104 ferenda

199 1133 539 1182 admitterentur,
570 1148 649 1175 nec
680 1133 846 1189 proprie
878 1133 957 1175 hac
986 1133 1083 1188 lege
1116 1133 1270 1176 sanciri
1301 1149 1410 1190 opus
1438 1133 1593 1176 fuisset
1623 1140 1665 1175 et
1694 1132 1749 1175 ad

199 1205 499 1249 dissolvendas
536 1205 803 1262 respublicas
845 1205 1134 1261 pertinuisset.
1199 1206 1350 1261 Itaque
1389 1206 1433 1248 in
1472 1206 1569 1262 lege
1609 1205 1749 1248 muni-

200 1278 324 1334 cipali
357 1279 623 1334 Salpensana
657 1277 943 1321 dubitandum
981 1286 1046 1321 est
1084 1294 1188 1321 num
1219 1279 1335 1322 idem
1366 1279 1496 1321 fuerit
1526 1278 1748 1336 scriptum;

199 1359 241 1394 at
282 1351 326 1394 in
371 1367 421 1395 eo
471 1351 650 1408 oppido,
706 1351 823 1407 quod
867 1358 1108 1393 mercatura
1160 1351 1480 1407 alienorumque
1529 1351 1750 1393 hominum

199 1425 454 1467 commercio
490 1424 698 1480 imprimis
734 1423 932 1473 florebat,
980 1423 1014 1465 si
1055 1424 1129 1480 qui
1168 1424 1391 1467 divitiores
1429 1430 1549 1466 erant
1586 1423 1750 1466 incolae

199 1501 344 1553 (atque
374 1498 403 1539 ii
435 1498 523 1540 fere
555 1504 629 1539 aut
659 1497 776 1539 cives
806 1497 988 1540 Romani
1018 1505 1092 1538 aut
1122 1496 1268 1539 Latini
1301 1498 1454 1551 erant),
1488 1511 1562 1538 eos
1593 1495 1647 1537 ad
1673 1495 1750 1538 ali-

199 1587 326 1627 quam
358 1578 471 1613 certe
501 1569 761 1626 reipublicae
793 1570 1007 1626 regendae
1037 1577 1202 1626 partem
1227 1569 1452 1626 pervenire
1482 1584 1567 1611 non
1598 1568 1751 1612 absur-

200 1644 304 1686 dum
333 1651 436 1694 erat,
463 1658 601 1699 neque
628 1642 682 1685 ab
710 1642 800 1685 veri
829 1642 1109 1685 similitudine
1139 1642 1340 1685 abhorret
1371 1641 1498 1684 etiam
1524 1649 1751 1697 antequam

199 1716 467 1759 Malacitanis
505 1715 654 1758 civitas
693 1715 792 1757 data
828 1724 914 1765 est,
956 1714 1094 1757 simile
1130 1714 1291 1770 aliquid
1329 1714 1373 1756 in
1404 1729 1552 1756 eorum
1579 1713 1751 1771 legibus

200 1790 350 1832 fuisse.
410 1788 701 1830 Veruntamen
734 1803 832 1830 cum
865 1787 1073 1844 suffragia
1102 1786 1415 1830 communicata
1443 1786 1527 1828 sint
1558 1801 1656 1828 cum
1683 1785 1751 1828 in-

201 1862 321 1912 colis,
346 1878 449 1904 num
475 1861 601 1903 etiam
618 1860 701 1917 ipsi
717 1860 901 1902 honores
918 1859 1273 1902 Malacitanorum
1303 1859 1605 1902 communicati
1625 1859 1751 1902 sunt?

199 1935 318 1978 Nihil
355 1934 467 1976 enim
504 1934 546 1975 in
581 1933 676 1989 ipsa
710 1933 807 1989 lege
848 1939 1068 1989 superest,
1110 1931 1232 1974 cuius
1264 1931 1435 1988 generis
1466 1931 1751 1988 ingenuorum

199 2008 420 2050 hominum
450 2005 632 2048 comitiis
665 2005 768 2047 ratio
798 2004 995 2048 habenda
1025 2004 1090 2046 sit.
1144 2003 1234 2045 Iam
1263 2003 1351 2045 scio
1381 2003 1595 2059 equidem,
1625 2018 1751 2060 saepe

199 2080 244 2122 in
273 2079 471 2136 pluribus
503 2077 750 2120 civitatibus
781 2077 956 2119 eosdem
985 2076 1178 2118 homines
1209 2075 1445 2118 honoribus
1464 2076 1632 2118 functos
1656 2091 1752 2118 esse

201 2151 479 2207 exemplaque
506 2149 717 2192 eiusmodi
743 2150 866 2192 attuli
891 2150 934 2191 in
955 2156 1178 2191 comment.
1200 2147 1220 2189 I
1245 2163 1287 2204 p.
1316 2147 1410 2197 136,
1448 2147 1524 2190 sed
1549 2163 1750 2205 magnam

202 2233 342 2267 tamen
371 2223 610 2266 cautionem
639 2222 926 2264 adhibendam
952 2236 1046 2264 esse
1078 2220 1282 2270 intellexi,
1314 2234 1366 2262 ne
1385 2220 1502 2275 quod
1522 2220 1752 2276 aliquando

200 2299 244 2340 in
278 2298 420 2353 aliqua
451 2296 622 2339 civitate
655 2303 696 2337 et
726 2294 870 2350 aliquo
900 2293 1070 2335 homine
1100 2293 1262 2335 factum
1293 2300 1379 2343 est,
1421 2292 1468 2334 id
1507 2307 1675 2349 semper
1711 2299 1754 2334 et

202 2370 366 2426 ubique
403 2378 444 2412 et
481 2369 524 2410 in
560 2367 759 2411 omnibus
797 2366 971 2408 licuisse
1006 2365 1314 2407 existimemus.
1387 2365 1560 2407 Etenim
1595 2372 1637 2408 et
1670 2364 1754 2408 alia

201 2450 292 2485 erat
334 2442 451 2499 apud
494 2442 599 2484 alios
647 2441 717 2482 lex
759 2447 800 2481 et
843 2438 1036 2495 ipsorum
1079 2437 1298 2480 hominum
1342 2437 1561 2493 quoddam
1599 2436 1753 2480 discri-

202 2530 322 2565 men,
354 2514 567 2570 siquidem
596 2514 670 2569 qui
701 2510 955 2555 senatoriam
986 2511 1029 2552 in
1059 2510 1166 2553 urbe
1194 2511 1331 2553 Roma
1361 2509 1660 2566 adipiscuntur
1686 2509 1753 2551 di-

202 2587 420 2644 gnitatem,
452 2601 676 2628 munerum
703 2586 748 2626 in
775 2584 910 2641 patria
936 2599 1015 2626 sua
1040 2583 1360 2639 fungendorum
1387 2582 1639 2625 necessitate
1668 2581 1753 2624 sol-

201 2667 364 2702 vuntur
404 2658 689 2714 (Hermogen.
730 2658 774 2699 in
808 2656 913 2713 Dig.
938 2655 999 2705 L,
1044 2658 1059 2696 1
1126 2654 1214 2709 23).
1282 2655 1571 2698 Plurimarum
1611 2660 1754 2696 autem

204 2731 426 2774 civitatum
454 2731 558 2773 haec
586 2731 758 2773 videtur
788 2729 924 2771 fuisse
953 2727 1162 2778 condicio,
1191 2735 1240 2769 ut
1265 2727 1348 2770 nisi
1376 2741 1474 2770 cum
1501 2725 1658 2782 quibus
1685 2725 1754 2768 vel

202 2803 434 2846 vicinitatis
464 2804 533 2846 vel
565 2803 784 2846 affinitatis
817 2800 1001 2844 vinculis
1033 2807 1292 2850 tenerentur,
1326 2799 1476 2842 alienis
1506 2797 1752 2841 hominibus

203 2877 386 2918 honores
432 2875 625 2918 mandari
664 2891 749 2918 non
786 2875 934 2918 liceret
944 2890 955 2924 3
1004 2889 1102 2917 nam
1130 2887 1356 2916 munerum
1386 2871 1560 2927 quidem
1591 2870 1752 2913 incolas
