1846 3100
196 161 279 205 272
596 165 650 197 De
677 166 811 206 legibus
839 167 1102 208 municipalibus
1132 167 1340 210 Hispanicis.

198 273 502 330 scriptionibus
530 273 663 317 everti
694 274 1033 326 ostenderimus,
1072 291 1126 318 ne
1155 291 1311 333 magna
1341 278 1552 334 quaedam
1580 279 1745 337 opinio-

196 362 300 388 num
331 347 526 389 confusio
555 346 708 390 existat
738 347 1086 403 providebimus:
1130 349 1395 393 stabiliemus
1428 350 1555 394 etiam
1588 359 1745 403 vetera,

197 418 247 469 si,
278 419 436 474 quibus
469 434 519 462 ea
547 419 784 462 certissime
815 419 951 462 refelli
980 419 1250 471 videbantur,
1279 437 1330 464 ea
1352 422 1494 466 minus
1522 423 1616 480 ipsa
1643 438 1744 467 con-

198 499 310 534 stare
340 491 627 534 docuerimus.

307 564 400 607 Iam
429 565 465 607 si
488 579 645 607 novam
671 571 835 607 tantum
862 565 1114 608 sententiam
1147 566 1342 610 refellere
1375 567 1608 618 vellemus,
1650 583 1746 626 per-

196 652 333 694 pauca
359 638 499 679 dicere
527 637 630 680 satis
662 644 764 678 erat.
826 637 1012 680 Brevius
1043 638 1156 680 enim
1186 639 1403 694 aliquanto
1431 639 1746 685 Mommsenius

196 709 455 766 disputavit,
495 709 569 765 qui
609 709 727 765 quod
763 709 809 751 in
848 709 1039 752 omnium
1081 726 1213 768 prope
1242 712 1390 754 oculos
1421 712 1638 756 incurrere
1665 729 1747 770 pu-

196 782 334 833 tabat,
377 791 593 837 tamquam
630 781 684 823 de
722 781 923 824 tribunali
955 784 1247 839 pronuntiavit
1282 799 1506 841 paucaque
1535 785 1746 841 quaedam

194 855 240 896 in
268 854 539 897 annotatione
571 854 740 905 adiecit,
775 854 957 910 quibus,
993 856 1117 911 quasi
1147 847 1387 900 secundum
1416 864 1629 900 tantorum
1656 873 1747 901 mo·

195 934 498 970 numentorum
539 926 834 968 auctoritatem
870 927 1057 971 dubitari
1099 928 1284 985 amplius
1315 943 1401 971 non
1431 938 1603 986 posset,
1648 945 1746 987 pro-

196 996 431 1043 babilitatis
462 1000 648 1055 aliquam
677 1006 848 1042 tenuem
880 1001 1064 1056 speciem
1095 1002 1132 1044 ei
1161 1002 1277 1057 quod
1307 1017 1467 1044 novum
1496 1002 1746 1055 invenisset,

197 1072 492 1115 circumdaret.
559 1072 703 1126 Quam
741 1072 990 1115 brevitatem
1029 1074 1107 1116 etsi
1146 1090 1231 1116 non
1262 1075 1555 1131 vituperamus
1587 1079 1746 1132 (neque

196 1144 309 1186 enim
347 1145 489 1188 omnia
527 1144 685 1200 ubique
723 1160 954 1201 possumus
993 1147 1191 1202 persequi
1228 1162 1366 1203 neque
1403 1148 1474 1190 ille
1505 1155 1596 1191 erat
1623 1149 1746 1192 locus

195 1217 250 1259 ad
274 1217 604 1275 municipiorum
628 1217 835 1260 rationem
859 1218 1152 1274 explicandam
1170 1219 1462 1275 constitutus),
1485 1220 1584 1264 ideo
1603 1228 1746 1264 tamen

195 1305 327 1346 prope
349 1305 478 1346 aegre
495 1291 687 1341 ferimus,
715 1291 832 1347 quod
852 1291 911 1334 ita
928 1291 1053 1334 nobis
1073 1307 1221 1334 eorum
1241 1292 1367 1335 etiam
1386 1308 1496 1349 quae
1512 1293 1748 1336 refellenda

196 1362 281 1404 sint
316 1363 673 1405 inveniendorum
711 1378 814 1405 cura
849 1363 1102 1420 iniungitur.
1171 1363 1384 1421 Cupimus
1425 1365 1537 1408 enim
1569 1381 1746 1422 persua-

196 1435 297 1478 dere
327 1435 430 1478 viris
464 1435 616 1485 doctis,
647 1435 753 1477 nihil
785 1451 879 1479 esse
908 1437 953 1478 in
982 1437 1139 1479 tabulis
1168 1437 1434 1493 Hispanicis,
1468 1437 1584 1493 quod
1612 1439 1747 1481 veteri

196 1508 249 1551 de
279 1507 523 1564 municipiis
555 1508 788 1550 sententiae
819 1517 1056 1565 repugnet,
1090 1510 1287 1566 cupimus
1317 1510 1443 1552 etiam
1470 1509 1746 1554 dubitationi-

196 1581 278 1624 bus
305 1580 505 1623 tollendis
526 1580 768 1637 providere,
797 1596 851 1623 ne
877 1581 1022 1624 multis
1048 1582 1227 1632 accidat,
1258 1583 1375 1638 quod
1391 1582 1475 1624 Ed.
1494 1582 1745 1641 Laboulaio,

194 1654 286 1696 Icto
322 1653 358 1695 F
361 1653 668 1709 rancogallico,
711 1653 891 1704 accidit,
934 1654 1008 1710 qui
1048 1669 1146 1697 cum
1182 1669 1268 1697 non
1306 1669 1444 1711 pauca
1479 1655 1525 1697 in
1552 1655 1620 1698 his
1651 1671 1746 1700 esse

195 1726 385 1776 videret,
426 1740 535 1782 quae
575 1725 628 1768 ab
671 1725 968 1769 communibus
1005 1727 1278 1783 opinionibus
1320 1727 1635 1784 discreparent,
1678 1728 1748 1771 vel

195 1799 296 1854 quia
333 1793 478 1841 vetera
515 1797 639 1839 novis
678 1798 943 1855 praeferebat
984 1799 1053 1841 vel
1093 1807 1140 1841 ut
1174 1799 1356 1842 aliorum
1388 1799 1534 1843 studia
1560 1801 1746 1851 eliceret,

196 1870 250 1913 de
280 1871 585 1913 universorum
614 1877 986 1913 monumentorum
1016 1871 1102 1914 fide
1132 1871 1330 1914 dubitare
1361 1873 1513 1929 coepit.
1574 1871 1747 1926 Quodsi

193 1943 236 1984 in
261 1943 488 1986 refutando
513 1943 747 1999 disputatio
771 1950 916 1986 nostra
935 1943 1223 1993 contineatur,
1251 1959 1468 1995 veremur,
1505 1960 1558 1987 ne
1583 1945 1746 1988 discor-

196 2015 287 2065 dia,
329 2030 457 2070 quam
497 2015 636 2071 perire
677 2016 895 2072 cupimus,
936 2016 1075 2057 alatur
1114 2016 1425 2071 temeritatique
1455 2031 1626 2067 eorum,
1671 2017 1747 2073 qui

195 2102 330 2129 novas
359 2102 552 2144 quasque
579 2102 648 2130 res
676 2088 858 2131 maxime
885 2088 1082 2131 adamare
1110 2088 1258 2137 solent,
1286 2089 1427 2131 minus
1449 2088 1746 2132 subveniatur.

196 2160 372 2216 Duplex
401 2160 536 2216 igitur
564 2167 710 2203 nostra
738 2161 871 2203 oratio
899 2161 998 2203 erit:
1029 2160 1146 2216 prior
1169 2175 1268 2215 pars
1299 2160 1354 2202 ad
1386 2175 1541 2203 novam
1572 2161 1628 2204 de
1649 2177 1746 2204 mu-

196 2232 365 2288 nicipiis
404 2232 643 2288 opinionem
681 2233 951 2276 refutandam
990 2231 1238 2288 pertinebit,
1281 2233 1413 2275 altera
1438 2232 1483 2274 in
1512 2230 1745 2290 Salpensae

195 2305 474 2360 Malacaeque
514 2305 607 2347 iure
647 2305 902 2362 explicando
942 2304 1196 2347 versabitur.
1263 2305 1343 2347 Illa
1387 2305 1467 2348 erit
1509 2305 1746 2349 certissima

195 2391 272 2419 nec
309 2377 540 2433 quicquam
579 2377 858 2420 dubitationis
900 2377 1134 2432 relinquet,
1179 2376 1284 2419 haec
1325 2377 1360 2419 si
1396 2391 1481 2419 non
1519 2378 1743 2422 veritatem

194 2450 346 2506 ipsam,
377 2450 453 2492 sed
479 2449 821 2506 probabilitatem
846 2450 1031 2505 aliquam
1060 2456 1326 2504 assequetur,
1358 2449 1403 2491 id
1432 2450 1581 2492 nonin
1598 2459 1745 2495 nostra

195 2522 334 2579 culpa,
367 2522 443 2564 sed
472 2522 517 2563 in
545 2521 883 2564 testimoniorum
910 2521 1053 2577 inopia
1080 2521 1270 2577 positum
1297 2521 1389 2563 erit.

306 2594 600 2637 Veruntamen
627 2602 675 2636 ut
706 2609 836 2637 causa
863 2609 972 2649 quae
1005 2593 1058 2635 sit
1086 2593 1385 2649 perspiciatur,
1417 2608 1468 2636 ea
1495 2594 1576 2636 fuit
1603 2593 1744 2638 adhue

195 2667 386 2709 virorum
412 2667 635 2709 doctorum
666 2666 886 2714 sententia,
917 2673 964 2707 ut
990 2665 1223 2721 municipia
1250 2680 1345 2708 esse
1377 2665 1667 2708 existimarent
1693 2681 1744 2710 ea

195 2739 366 2795 oppida,
398 2753 506 2794 quae
537 2739 704 2782 civitate
733 2739 924 2781 Romana
957 2743 1200 2780 uterentur:
1241 2752 1350 2793 quae
1381 2752 1479 2780 cum
1508 2737 1605 2794 lege
1632 2738 1743 2781 Iulia

195 2811 294 2853 data
323 2819 437 2853 esset
464 2811 626 2862 Italiae,
656 2811 795 2853 onmia
822 2811 980 2867 oppida
1006 2810 1234 2852 universae
1261 2800 1409 2852 Italiae
1438 2809 1481 2851 in
1507 2809 1576 2852 ius
1601 2810 1742 2853 muni-

196 2883 404 2940 cipiorum
442 2898 537 2926 esse
573 2884 796 2926 translata:
843 2890 931 2926 tum
960 2889 1239 2939 propagatam
1268 2896 1362 2924 esse
1389 2881 1604 2925 civitatem
1634 2897 1741 2938 pau-
