1846 3100
429 161 483 193 De
509 160 624 194 Gallia
648 161 879 193 Romanorum
905 160 1078 202 provincia
1102 160 1285 201 appendix.
1553 157 1630 200 187

87 269 274 311 sedecim
310 269 486 319 milites,
528 269 601 324 qui
636 269 747 310 inter
780 267 934 323 vigiles
972 267 1132 308 Romae
1170 267 1383 323 stipendia
1425 269 1632 318 fecerunt,

85 341 213 397 genio
243 342 472 391 centuriae,
497 341 542 382 in
570 356 655 395 qua
679 341 866 390 fuerunt,
893 354 1010 382 aram
1035 347 1294 394 posuerunt:
1327 343 1400 394 qui
1405 341 1633 394 frumento

81 414 244 466 publico
272 417 395 455 incisi
421 420 519 454 sunt
551 415 635 455 Cal.
666 414 818 453 Martis
844 437 900 443 —
928 427 1100 465 quorum
1130 416 1300 453 nomina
1328 415 1452 465 infra
1479 415 1633 466 scripta

84 493 192 536 sunt,
222 488 372 527 milites
388 487 515 537 facti
543 487 744 525 .>.·'nullz'no
775 487 819 524 II
842 490 883 524 et
910 487 1117 525 Frontone
1145 500 1219 526 cos.
1251 484 1297 540 (i.
1324 499 1360 526 e.
1388 499 1500 526 anno
1523 483 1633 539 199).

86 557 339 613 Sequuntur
380 556 722 612 quattuordecim
763 555 943 597 militum
980 555 1173 605 nomina,
1226 572 1279 598 ex
1321 555 1479 612 quibus
1520 571 1633 598 unus

85 630 208 672 miles
231 630 372 672 factus
399 645 493 672 esse
519 629 676 671 dicitur
696 629 751 670 K.
770 629 879 678 Iun„
909 628 1098 683 quinque
1116 628 1226 670 VIII
1246 628 1303 670 K.
1321 632 1454 685 Aug„
1482 628 1633 684 reliqui

85 701 179 743 IIII
208 701 274 743 Id.
303 701 435 757 Aug.,
465 701 581 744 XVI
610 701 668 742 K.
694 700 818 750 Nov„
850 700 915 743 VI
936 700 995 742 K.
1015 700 1140 751 Nov.,
1172 700 1379 751 Id.Nov.,
1407 708 1493 743 tres
1524 701 1634 743 VIII

85 773 151 815 Id.
170 773 295 824 Dec„
322 773 414 816 IIII
440 773 498 815 K.
516 773 621 824 Ian„
649 780 740 814 tum
767 774 930 815 Severo
960 779 1002 814 et
1021 773 1242 815 Victorino
1271 788 1358 815 cos.
1388 774 1434 828 (i.
1459 789 1495 815 e.
1523 789 1634 816 anno

88 846 191 901 200)
221 861 335 888 unus
365 846 423 887 K.
449 845 601 895 Febr.,
640 846 746 887 alter
775 845 841 887 Id.
873 845 1000 887 Febr.
1030 843 1194 901 Aperta
1229 845 1401 888 videtur
1436 861 1531 888 esse
1568 846 1634 887 in—

87 918 261 974 scriptio
290 933 370 960 nec
398 917 626 973 quicquam
659 917 839 968 habere,
883 918 999 972 quod
1030 933 1055 959 a
1084 919 1296 960 communi
1332 933 1461 974 quam
1493 919 1635 962 adhuc

87 991 365 1040 credidimus,
394 991 555 1032 ratione
584 989 800 1039 discedat3
831 1004 930 1030 nam
955 989 1077 1040 illud,
1107 990 1224 1044 quod
1251 990 1405 1046 vigiles
1431 991 1635 1033 dicuntur

88 1064 199 1106 inter
234 1078 307 1105 eos
346 1077 441 1104 esse
472 1062 688 1118 inscripti,
732 1063 806 1118 qui
836 1063 1098 1104 frumentum
1130 1061 1348 1117 publicum
1378 1063 1634 1120 acciperent,

86 1136 301 1193 praeclare
329 1135 513 1177 illustrat
543 1135 717 1191 Ulpian.
750 1136 902 1190 fragm.
929 1134 1010 1184 III,
1040 1135 1078 1184 ἴ),
1108 1134 1182 1189 qui
1209 1150 1260 1175 ex
1284 1140 1634 1178 senatusconsulto

86 1208 145 1249 ait
174 1222 402 1249 concessum
438 1223 517 1248 esse
544 1207 734 1256 Latinis,
772 1214 821 1247 uc
849 1209 886 1247 si
917 1209 1095 1247 triennio
1124 1209 1233 1246 inter
1262 1210 1405 1260 mgiles
1435 1212 1634 1250 militave-

87 1284 196 1329 rint,
238 1283 304 1320 ius
337 1282 562 1327 Quiritium
602 1286 921 1332 consequantur,
965 1278 1123 1321 civium
1162 1286 1305 1321 autem
1345 1279 1634 1323 Romanorum

87 1353 169 1394 hoc
193 1351 466 1394 commodum
487 1351 622 1394 fuisse
649 1357 826 1401 constat,
852 1359 901 1392 ut
920 1352 1182 1393 frumentum
1203 1351 1424 1407 publicum
1443 1354 1635 1409 accipere

89 1432 275 1482 possent.
346 1423 466 1476 Quid
500 1423 544 1465 in
583 1423 649 1465 his
689 1430 774 1474 est,
816 1423 934 1478 quod
975 1439 1134 1466 annum
1163 1425 1378 1479 quendam
1409 1418 1635 1468 militarem

88 1497 381 1540 demonstret?
436 1495 497 1538 At
525 1495 840 1538 Mommsenius
883 1495 946 1537 sic
979 1496 1276 1546 ratiocinatur,
1317 1498 1435 1552 quod.
1464 1505 1633 1554 tempus

89 1570 276 1612 sedecim
309 1569 370 1611 illi
407 1568 562 1610 milites
602 1583 732 1623 supra
767 1567 996 1610 triennium
1026 1568 1304 1620 meruissent,
1343 1570 1434 1611 cius
1465 1570 1633 1613 elucere

88 1658 172 1684 non
214 1657 309 1684 esse
347 1641 551 1683 rationem
591 1640 780 1682 habitam
819 1639 1157 1695 trienniumque,
1204 1642 1320 1696 quod
1359 1657 1412 1684 ex
1453 1640 1541 1684 SC.
1576 1642 1632 1683 ad

89 1715 303 1757 civitatem
335 1714 571 1755 Romanam
608 1712 920 1768 assequendam
959 1727 1067 1768 opus
1107 1721 1242 1764 esset,
1284 1714 1338 1756 ab
1377 1712 1470 1757 Cal.
1505 1714 1633 1756 Mart.

89 1786 188 1828 anni
217 1786 299 1828 ‘200
340 1800 434 1827 esse
471 1793 760 1827 numeratum:
806 1783 1031 1840 perspicue
1065 1784 1199 1838 igitur
1230 1801 1434 1842 apparere
1475 1802 1634 1828 annum

87 1858 323 1908 militarem,
350 1857 473 1899 cuius
502 1857 671 1899 initium
702 1857 756 1900 ab
787 1855 878 1899 Cal.
910 1857 1038 1899 Mart.
1072 1857 1314 1900 duceretur.
1366 1858 1467 1911 Qua
1491 1858 1536 1899 in
1565 1874 1634 1901 ra-

89 1931 204 1972 tione
248 1930 359 1972 duae
405 1945 475 1972 res
522 1929 846 1986 praetermissae
893 1936 993 1971 sunt
1037 1930 1310 1972 vehementer
1356 1930 1634 1980 necessariae,

87 2004 274 2060 primum
294 2003 369 2058 qui
392 2002 623 2045 triennium
645 2003 756 2044 inter
772 2002 927 2057 vigiles
944 2002 1214 2052 meruissent,
1243 2003 1458 2053 continuo,
1485 2018 1634 2058 quam-

87 2076 154 2117 vis
181 2090 264 2116 non
294 2082 438 2117 essent
465 2074 647 2131 professi
674 2089 754 2116 nec
778 2074 1001 2130 petissent,
1033 2074 1248 2117 civitatem
1273 2075 1510 2117 Romanam
1540 2090 1634 2117 esse

88 2154 322 2196 assecutos,
347 2146 517 2197 deinde,
542 2146 617 2201 qui
634 2146 779 2189 Latini
807 2146 908 2188 facti
937 2154 1079 2188 essent
1103 2147 1231 2197 cives,
1260 2162 1411 2189 rursus
1433 2147 1634 2189 continuo

87 2219 131 2260 in
165 2218 333 2261 tabulas
371 2233 540 2268 eorum,
578 2218 653 2274 qui
683 2219 946 2260 frumentum
976 2218 1197 2274 publicum
1233 2220 1495 2275 acciperent,
1539 2234 1634 2261 esse

87 2290 331 2346 inscriptos.
397 2289 570 2332 Etenim
605 2290 641 2332 si
675 2297 751 2331 aut
784 2290 938 2345 vigiles
974 2298 1074 2346 post
1114 2290 1325 2346 stipendia
1361 2290 1532 2333 triennii
1561 2291 1631 2333 ius

88 2370 251 2404 tantum
281 2362 465 2404 civitatis
493 2362 709 2405 Romanae
737 2362 1084 2418 consequendae,
1121 2377 1205 2404 non
1244 2363 1379 2418 ipsam
1421 2362 1635 2405 civitatem

88 2433 450 2490 adipiscebantur,
480 2441 554 2476 aut
583 2435 656 2490 qui
689 2434 805 2477 cives
835 2434 1017 2476 Romani
1043 2435 1145 2477 facti
1175 2442 1307 2484 erant,
1341 2433 1634 2490 expectabant,

89 2507 194 2548 dum
223 2507 266 2548 in
296 2505 452 2549 tabulis
483 2507 684 2548 frumenti
709 2506 871 2563 publici
897 2507 992 2549 loca
1017 2522 1153 2549 vacua
1171 2507 1334 2556 fierent,
1364 2521 1448 2548 non
1471 2514 1636 2562 poterat

89 2579 218 2620 modo
247 2578 456 2628 accidere,
488 2578 564 2620 sed
594 2586 707 2620 certe
734 2579 984 2634 plerumque
1014 2578 1248 2628 accidebat,
1282 2586 1329 2620 ut
1356 2579 1510 2634 Vigiles
1540 2585 1635 2634 post

90 2651 259 2706 expleta
287 2649 457 2692 triennii
485 2649 697 2705 stipendia
724 2650 1013 2704 aliquamdiu,
1056 2651 1161 2692 dum
1192 2657 1233 2691 et
1263 2650 1378 2692 cives
1407 2650 1558 2692 fierent
1594 2658 1636 2692 et

90 2722 351 2764 frumentum
387 2720 608 2776 publicum
648 2721 903 2778 acciperent,
950 2729 1234 2779 expectarent.
1306 2722 1464 2764 Manca
1501 2722 1636 2777 igitur

91 2800 156 2835 est
177 2800 218 2835 et
239 2793 523 2836 incertissima
538 2793 880 2836 Mommseniana
896 2795 1016 2845 ratio,
1041 2810 1094 2837 ex
1112 2809 1198 2850 qua
1213 2794 1318 2835 nihil
1335 2794 1506 2835 omnino
1524 2793 1634 2835 effici

38 2918 43 2925 .
93 2879 267 2916 censeo,
306 2865 467 2908 nedum
505 2880 707 2922 apparere
743 2881 901 2911 annum
926 2867 1173 2917 militarem,
1213 2867 1287 2922 qui
1310 2866 1355 2908 in
1383 2865 1477 2909 aliis
1503 2865 1633 2909 rebus
