1846 3100
571 180 624 212 De
650 179 763 212 Gallia
789 178 1022 210 Romanorum
1054 176 1238 219 provincia.
1630 171 1679 215 19

134 290 276 334 babile
312 298 377 333 est
419 291 488 333 alii
531 298 728 333 externae
766 286 1010 344 provinciae
1046 286 1282 342 praefuisse
1320 293 1488 342 praeter
1513 285 1681 335 Asiam,

136 379 188 405 ex
217 378 304 419 qua
333 362 388 405 ab
414 363 466 404 T.
495 362 683 404 Albucio
719 365 946 403 accusatus
985 365 1050 400 est
1075 356 1187 414 (Cio.
1219 359 1339 400 Brut.
1367 373 1403 400 c.
1434 358 1488 400 26
1520 364 1562 400 et
1591 357 1677 411 30).

136 435 328 477 praefuit
358 442 501 478 autem
534 434 573 476 ei
598 448 708 475 anno
742 432 818 474 1‘20
847 433 962 487 (nam
997 430 1088 472 Cic.
1128 430 1182 472 de
1219 438 1322 472 orat.
1352 430 1412 480 II,
1442 430 1493 473 67
1523 430 1576 471 L.
1600 429 1679 471 Se-

137 507 435 564 ptumuleium‚
469 505 519 549 C.
534 505 722 549 Gracchi
744 504 1074 552 interfectorem,
1101 502 1154 545 ab
1186 517 1236 544 eo
1264 502 1423 558 petisse
1454 509 1610 551 narrat,
1635 508 1684 543 ut

139 594 184 621 se
210 579 254 620 in
285 578 434 621 Asiam
473 579 736 635 praefectum
771 575 969 625 duceret,
1009 590 1089 617 nec
1121 575 1168 617 id
1204 575 1338 617 multo
1376 582 1475 631 post
1509 574 1683 616 caedem

137 650 324 693 Gracchi
354 650 550 693 accidere
579 649 763 705 potuit),
802 663 888 689 non
917 652 1028 688 anno
1059 647 1159 696 121,
1198 655 1247 688 ut
1276 646 1404 703 Pigh.
1434 646 1590 689 Annal.
1615 646 1684 688 III

136 739 176 779 p.
209 723 262 765 69
291 723 525 771 existimat,
565 736 615 763 ac
649 736 744 763 cum
773 728 973 776 praetura
1002 734 1094 761 eam
1130 719 1266 761 fuisse
1294 719 1564 761 coniunctam
1592 718 1684 774 ipse

136 793 348 848 significat
385 793 501 850 apud
531 791 623 835 Cic.
665 793 719 834 de
754 801 858 834 orat.
891 793 934 842 I,
971 792 1038 841 17,
1068 792 1152 841 75,
1190 791 1264 833 ubi
1304 807 1351 833 se
1389 806 1484 833 cum
1515 798 1686 846 praetor

137 866 340 909 Rhodum
371 866 583 914 venisset,
623 879 721 907 cum
759 864 991 921 Apollonio
1031 864 1290 906 collocutum
1330 878 1425 905 esse
1462 862 1541 912 ait,
1584 862 1686 904 item

140 937 294 981 Cicero
333 937 388 980 de
422 937 495 979 fin.
532 938 575 987 Ι,
612 938 658 987 3,
696 938 746 987 5),
796 936 871 992 qui
913 951 1012 978 eum
1057 943 1294 991 praetorem
1326 935 1510 977 Athenis
1550 935 1686 976 fuisse

139 1010 300 1052 scribit.
358 1009 460 1063 Quo
486 1017 668 1064 utroque
698 1009 793 1051 loco
821 1023 917 1051 cum
947 1023 1031 1050 non
1069 1022 1147 1063 pro
1186 1015 1402 1063 praetore,
1438 1013 1487 1048 ut
1516 1006 1686 1062 proprie

139 1081 348 1131 debebat,
386 1081 461 1124 sed
496 1088 663 1137 praetor
694 1081 952 1137 appelletur,
996 1080 1182 1123 dubitari
1217 1086 1382 1136 potest,
1422 1095 1473 1122 an
1512 1094 1596 1120 non
1634 1094 1685 1121 ex

136 1162 355 1210 praetura,
399 1153 516 1208 quod
561 1153 658 1209 lege
697 1151 952 1208 Sempronia
990 1152 1166 1194 licuisse
1217 1151 1426 1201 diximus,
1476 1152 1551 1194 sed
1591 1152 1686 1208 ipso

136 1233 360 1282 praeturae
391 1241 501 1268 anno
518 1233 737 1268 externam
755 1224 1021 1281 provinciam
1040 1224 1266 1279 acceperit.
1301 1222 1389 1265 Sed
1409 1223 1489 1265 hoc
1512 1224 1686 1280 quidem

138 1298 350 1340 incertum
380 1312 475 1341 esse
510 1298 730 1347 videatur3
776 1296 884 1338 illud
917 1296 1085 1338 silentio
1114 1296 1371 1351 scriptorum
1404 1296 1685 1346 convincitur,

141 1370 186 1411 in
231 1370 456 1413 consulatu
493 1369 548 1423 Ω.
586 1370 784 1412 Mucium
834 1383 918 1410 non
961 1367 1198 1410 excessisse
1230 1368 1365 1410 Italia.
1436 1369 1564 1410 Anno
1609 1369 1686 1412 116

141 1441 198 1495 Ω.
244 1441 429 1484 Fabium
472 1441 703 1483 Eburnum
762 1456 848 1484 cos.
895 1440 1177 1483 Macedoniae
1225 1440 1464 1495 praefuisse
1518 1441 1602 1497 ipsi
1643 1442 1687 1483 in

142 1513 381 1556 Comment.
411 1513 546 1569 epigr.
578 1513 673 1556 Vol.
699 1514 743 1555 II
773 1529 815 1568 p.
853 1513 927 1555 167
961 1512 1370 1561 demonstravimus,
1399 1520 1448 1555 ut
1478 1514 1688 1570 collegam

141 1586 258 1635 eius,
300 1585 354 1628 de
387 1600 473 1640 quo
502 1593 690 1635 tacetur,
736 1583 786 1626 C.
817 1585 1035 1626 Licinium
1069 1582 1224 1626 Getam
1255 1584 1403 1627 Italiae
1443 1592 1484 1627 et
1522 1584 1687 1628 Galliae

139 1658 379 1715 praefuisse
407 1657 646 1699 existimem
674 1657 728 1698 ad
756 1657 934 1698 eandem
958 1657 1165 1699 rationem
1185 1688 1196 1706 ,
1222 1671 1308 1712 qua
1334 1671 1444 1699 anno
1477 1658 1554 1699 115
1586 1673 1688 1701 con-

143 1731 258 1773 sules
290 1731 352 1772 M.
375 1728 614 1772 Caecilium
637 1729 861 1770 Metellum
892 1727 1136 1771 Sardiniam
1166 1729 1344 1778 rexisse,
1375 1728 1437 1770 M.
1455 1729 1689 1772 Aemilium

143 1803 354 1844 Scaurum
402 1817 500 1844 cum
538 1801 677 1844 Gallis
714 1787 868 1842 Carnis
915 1816 1134 1857 pugnasse
1178 1816 1230 1842 ex
1270 1801 1392 1842 fastis
1434 1798 1689 1857 Capitolinis

143 1881 318 1916 constat.
362 1873 664 1929 Triumphavit
701 1880 843 1915 autem
883 1873 952 1915 hic
978 1873 1069 1928 ipse
1099 1871 1290 1915 Scaurus
1323 1873 1414 1915 eius
1443 1874 1565 1924 anni,
1604 1889 1690 1930 quo

145 1947 412 1988 consulatum
444 1946 593 2002 gessit,
624 1960 770 1987 mense
799 1945 1045 1995 Decembri,
1081 1960 1190 2000 quae
1220 1960 1376 2000 magna
1403 1944 1528 1987 nobis
1557 1947 1690 2003 signi-

143 2018 284 2060 ficatio
317 2018 408 2067 erit,
439 2032 524 2059 non
546 2032 651 2067 eam,
683 2032 793 2072 quae
822 2018 993 2073 proprie
1012 2017 1263 2073 appelletur,
1293 2017 1558 2073 provinciam
1589 2026 1691 2061 tunc

145 2090 279 2131 fuisse
308 2089 518 2139 Galliam,
558 2104 611 2131 ex
638 2104 724 2144 qua
753 2097 849 2131 ante
879 2089 978 2131 anni
1004 2090 1070 2131 sui
1105 2090 1266 2131 exitum
1295 2105 1380 2131 non
1411 2089 1566 2133 licebat
1590 2106 1691 2147 pro-

146 2162 311 2203 consuli
340 2161 562 2210 decedere,
594 2161 671 2202 sed
701 2175 799 2202 cum
817 2161 942 2203 Italia
970 2161 1239 2203 coniunctam
1267 2162 1567 2218 Scaurumque
1594 2178 1692 2205 cum

146 2233 414 2275 comitiorum
460 2232 756 2274 habendorum
797 2247 926 2274 causa
970 2233 1175 2283 redisset,
1222 2234 1349 2276 simul
1393 2234 1692 2291 triumphasse.

147 2303 399 2360 Sequuntur
425 2319 536 2346 anno
570 2305 647 2346 114
678 2304 755 2345 Μ’.
778 2304 944 2346 Acilius
976 2305 1139 2347 Balbus
1168 2303 1218 2347 C.
1236 2306 1417 2348 Porcius
1453 2304 1562 2349 Cato
1588 2298 1692 2358 cos„

147 2391 200 2418 ex
227 2376 388 2432 quibus
419 2375 490 2418 hic
521 2376 820 2418 Macedoniam
856 2377 966 2417 rexit
993 2377 1119 2430 (vide
1150 2375 1434 2419 Commentat.
1473 2378 1693 2435 epigraph.

146 2448 244 2490 Vol.
280 2448 322 2490 11
361 2464 400 2504 p.
434 2449 562 2500 170),
607 2448 697 2498 ille,
746 2455 793 2490 ut
832 2448 1030 2497 conficio,
1078 2448 1193 2490 domi
1233 2463 1411 2491 manens
1449 2450 1615 2492 Italiam
1653 2458 1694 2492 et

149 2518 315 2561 Galliae
357 2520 564 2575 quicquid
607 2520 898 2562 Romanorum
947 2520 1076 2562 armis
1118 2520 1345 2563 subactum
1393 2529 1500 2571 erat,
1545 2522 1694 2564 tenuit.

147 2589 296 2644 Neque
327 2591 439 2632 enim
468 2598 581 2633 certe
609 2591 764 2647 Pighio
795 2591 839 2632 in
868 2591 1026 2633 Annal.
1051 2591 1147 2634 Vol.
1177 2592 1246 2633 III
1277 2607 1319 2647 p.
1346 2593 1424 2635 105
1455 2593 1695 2643 credemus,

149 2662 222 2716 qui
250 2662 331 2704 hoc
355 2663 448 2718 ipso
474 2677 589 2704 anno
611 2662 796 2706 Galliam
812 2663 1135 2705 Narbonensem
1163 2664 1206 2705 in
1237 2665 1485 2720 provinciae
1514 2665 1695 2707 formam

150 2734 367 2776 redactam
397 2749 492 2776 esse
523 2742 679 2785 censet,
709 2735 834 2777 cuius
862 2735 924 2777 rei
954 2749 1053 2777 cum
1082 2736 1251 2777 nullum
1267 2750 1446 2791 prorsus
1465 2751 1695 2791 argumen-

150 2813 242 2848 tum
285 2807 434 2848 afferat
478 2821 528 2848 ac
562 2822 615 2848 ne
651 2808 837 2863 speciem
877 2807 1053 2862 quidem
1099 2807 1231 2849 ullam
1271 2808 1582 2864 probabilitatis
1629 2823 1696 2850 se-

1365 2880 1428 2923 2..
