1846 3100
191 178 273 221 244
635 180 689 213 De
714 179 887 212 dictatoris
913 179 1070 212 Caesaris
1098 179 1295 211 honoribus.

191 289 345 331 dorum
371 288 594 339 habuerit,
636 302 895 344 quamquam
919 270 1024 328 haec
1054 286 1248 328 celeritas
1279 293 1394 329 tanta
1421 301 1558 342 neque
1583 301 1661 343 per
1691 301 1737 329 se

190 362 286 418 ipsa
321 361 554 418 probabilis
593 367 658 403 est
692 374 831 416 neque
872 374 925 401 ex
962 366 1186 402 auctorum
1214 359 1452 401 narratione
1487 365 1627 415 potest
1661 358 1738 400 de-

190 434 432 484 monstrari,
462 434 538 476 sed
565 440 614 475 ut
643 432 861 476 celerrime
877 431 1015 473 Roma
1033 428 1194 473 Caesar
1215 429 1379 481 abierit,
1402 430 1484 473 hoc
1500 430 1738 486 intelligere

192 506 447 562 poterimus,
487 521 565 548 cur
600 506 645 547 in
683 520 842 548 annum
871 494 923 547 4¹5
962 503 1236 558 magistratus
1278 502 1418 545 nullos
1450 503 1623 553 crearit,
1663 517 1741 544 cur

190 579 285 635 ipso
327 594 437 621 anno
473 579 525 621 46
565 578 804 635 praefectos
841 575 1130 625 constituerit,
1172 590 1257 617 non
1285 575 1533 631 poterimus.
1589 574 1740 630 Neque

192 652 304 693 enim
329 651 448 707 quod
462 649 638 694 Caesari
665 649 876 692 dictatura
901 649 1042 691 delata
1068 654 1194 698 esset,
1225 647 1323 689 ideo
1348 653 1593 703 praetorum
1620 650 1738 705 (nam

193 723 393 766 consules
432 723 514 765 hoc
552 737 662 765 anno
701 722 775 765 vix
805 721 1060 763 numerandi
1094 721 1212 775 sunt)
1246 727 1498 777 potestatem
1529 718 1739 762 sublatam

191 812 286 839 esse
325 795 687 845 existimabimus3
731 793 942 850 siquidem
982 802 1023 836 et
1060 801 1183 836 antea
1214 794 1259 835 in
1288 792 1511 835 dictaturis
1541 789 1739 834 Caesaris

191 876 410 925 praetores
440 870 610 911 fuerant
638 875 679 910 et
705 874 854 924 postea
882 866 927 908 in
952 877 1160 922 perpetua
1188 866 1364 908 fuerunt
1391 872 1432 907 et
1458 863 1580 907 Sulla
1605 863 1739 906 domi-

191 948 318 984 nante
358 942 529 983 fuerant
570 947 611 983 et
651 955 777 996 saepe
814 938 1022 993 denique,
1062 938 1259 993 quamvis
1289 937 1517 980 dictatores
1550 950 1740 979 summae

191 1014 254 1056 rei
285 1021 552 1070 praeessent,
596 1020 738 1055 tamen
773 1011 960 1067 reliquos
998 1011 1274 1067 magistratus
1305 1009 1547 1052 constitisse
1577 1016 1741 1051 certum

192 1092 270 1128 est.
328 1084 474 1138 Quare
513 1085 676 1127 nullam
713 1084 838 1127 aliam
878 1098 1050 1125 causam
1091 1083 1400 1138 praefectorum
1439 1090 1531 1124 tum
1559 1081 1740 1124 maxime

194 1157 592 1200 constituendorum
644 1157 832 1213 reperio,
880 1171 1007 1211 quam
1052 1156 1167 1211 quod
1205 1170 1341 1197 annus
1382 1155 1453 1196 ille
1483 1154 1535 1196 46
1575 1169 1611 1195 a.
1639 1151 1741 1195 Chr.

193 1237 284 1272 erat
318 1229 604 1279 confusionis,
646 1229 701 1271 ad
742 1228 1051 1270 emendandam
1087 1227 1291 1283 temporis
1327 1227 1534 1269 rationem
1570 1225 1740 1267 duobus

192 1302 412 1345 mensibus
450 1302 561 1344 inter
597 1300 885 1343 Novembrem
923 1307 965 1342 et
1002 1299 1290 1342 Decembrem
1330 1298 1589 1341 intercalatis
1630 1298 1741 1339 ultra

195 1375 366 1418 solitum
396 1374 648 1431 productus.
700 1373 832 1427 Quod
865 1388 963 1415 cum
991 1372 1124 1423 fieret,
1158 1370 1319 1414 Caesar
1342 1371 1514 1413 videtur
1534 1370 1740 1420 sanxisse,

192 1463 246 1490 ne
275 1448 349 1503 qui
376 1447 550 1488 ineunte
580 1460 688 1487 anno
716 1446 994 1502 magistratus
1025 1444 1229 1494 inierant,
1269 1459 1407 1499 usque
1438 1443 1493 1486 ad
1522 1442 1618 1485 Kal.
1648 1442 1739 1484 Ian.

192 1521 488 1576 insequentes,
523 1519 599 1561 sed
622 1525 775 1561 'eorum
803 1519 898 1561 loco
926 1517 1130 1574 praefecti
1156 1532 1224 1558 res
1253 1516 1440 1559 urbanas
1472 1515 1739 1558 administra-

192 1599 300 1635 rent.
357 1591 428 1633 De
466 1591 621 1633 horum
659 1599 800 1633 autem
837 1590 1149 1646 praefectorum
1188 1589 1351 1631 ratione
1389 1603 1439 1631 ac
1473 1602 1571 1630 cum
1599 1587 1651 1629 iis
1683 1587 1740 1628 si-

145 1684 147 1686 *
192 1664 456 1714 militudine,
499 1664 573 1719 qui
614 1678 741 1719 saepe
779 1663 823 1704 in
852 1661 1098 1717 municipiis
1129 1676 1207 1717 pro
1234 1661 1385 1704 IIviris
1412 1660 1503 1703 fieri
1534 1659 1740 1709 solebant,

194 1737 295 1779 olim
323 1736 511 1778 diximus
541 1736 583 1777 in
613 1741 837 1777 comment.
864 1734 887 1775 Ι
914 1749 957 1790 p.
985 1734 1062 1783 52,
1103 1749 1211 1790 quae
1247 1749 1360 1775 nune
1391 1732 1548 1775 tabulis
1579 1732 1740 1788 Hispa-

192 1809 300 1851 nicis
337 1824 474 1865 nuper
515 1807 695 1864 repertis
740 1806 1056 1849 confirmantur.
1128 1807 1196 1849 De
1231 1820 1409 1848 numero
1445 1820 1590 1848 eorum
1631 1818 1739 1860 quo-

193 1881 307 1923 niam
346 1881 434 1923 Dio
473 1880 739 1936 ambigebat,
786 1894 864 1921 nos
904 1879 1037 1921 multo
1076 1879 1217 1921 minus
1258 1878 1450 1921 iudicare
1491 1876 1739 1933 poterimus.

196 1952 470 2009 Quamquam
509 1952 704 2008 suspicor
744 1967 914 1994 omnem
955 1951 1278 2007 ambiguitatem
1316 1951 1418 1992 inde
1457 1965 1550 1992 esse
1591 1955 1740 1999 ortam,

195 2026 312 2082 quod
338 2026 425 2067 duo
456 2040 509 2066 ex
535 2025 589 2066 iis
618 2024 779 2066 aerario
810 2030 1032 2079 praeerant
1058 2024 1163 2079 (Dio
1179 2023 1353 2073 XLIII,
1375 2023 1462 2076 48),
1493 2022 1567 2078 qui
1595 2028 1740 2063 utrum

195 2113 374 2140 numero
404 2098 718 2153 praefectorum
744 2095 1205 2152 comprehenderentur
1235 2109 1369 2137 necne
1396 2094 1605 2136 incertum
1629 2101 1739 2144 erat3

194 2185 293 2212 nam
316 2184 404 2220 sex,
432 2168 507 2223 qui
535 2167 689 2222 reliqui
718 2175 830 2218 sunt,
861 2175 909 2209 ut
938 2166 1266 2209 nominabantur
1293 2173 1404 2209 certe
1432 2166 1515 2207 iuri
1536 2167 1739 2216 dicundo,

194 2242 253 2283 ita
283 2249 528 2298 praetorum
562 2255 656 2291 sex,
698 2240 773 2295 qui
803 2247 906 2282 tunc
934 2239 1027 2281 fieri
1056 2239 1312 2288 debuerant,
1351 2238 1446 2280 loco
1479 2238 1641 2281 iudicia
1674 2238 1739 2281 vi-

195 2314 353 2356 dentur
389 2313 724 2356 administrasse.
784 2312 1076 2354 Veruntamen
1112 2311 1276 2353 etiamsi
1309 2311 1404 2365 quis
1438 2311 1579 2353 minus
1612 2326 1740 2353 accu-

194 2393 284 2428 rate
314 2385 501 2427 Dionem
534 2384 695 2426 dixisse
727 2383 925 2438 solitique
955 2383 1231 2438 magistratus
1261 2383 1379 2438 quod
1413 2398 1523 2425 anno
1554 2383 1607 2425 46
1638 2397 1739 2425 con-

196 2457 352 2499 servati
379 2457 476 2508 sint,
507 2464 655 2499 nostra
683 2456 929 2498 coniectura
953 2455 1006 2496 de
1032 2455 1245 2497 mensium
1267 2455 1584 2498 intercalarium
1611 2469 1741 2497 causa

193 2544 280 2570 non
304 2543 412 2585 opus
440 2545 534 2571 esse
561 2529 787 2577 existimet,
813 2527 895 2568 hoc
920 2533 1083 2568 certum
1109 2534 1185 2577 est,
1215 2542 1324 2569 anno
1345 2527 1396 2570 45
1421 2527 1595 2568 ineunte
1615 2540 1739 2582 prae-

194 2601 330 2642 fectos
360 2600 458 2643 urbi
489 2601 740 2657 praefuisse,
772 2614 858 2641 non
886 2604 1116 2654 praetores.
1169 2598 1297 2640 Nulla
1327 2599 1439 2640 enim
1468 2598 1637 2641 comitia
1663 2613 1738 2640 an·
1782 2648 1786 2652 ,

193 2679 364 2727 tequam
385 2671 546 2715 Caesar
572 2673 616 2714 in
634 2671 890 2728 Hispaniam
918 2669 1022 2712 abiit
1047 2671 1160 2713 facta
1178 2677 1479 2712 commemorat
1497 2670 1597 2720 Dio,
1628 2668 1739 2712 Sue-

194 2745 336 2787 tonius
368 2752 530 2795 autem,
574 2745 696 2787 cuius
733 2742 864 2785 verba
900 2757 1028 2797 supra
1063 2743 1271 2798 explicata
1309 2749 1429 2791 sunt,
1467 2756 1563 2784 cum
1597 2740 1738 2783 medio

194 2823 397 2872 tempore,
425 2817 542 2872 quod
569 2817 679 2858 inter
704 2815 877 2857 tertium
901 2820 942 2856 et
962 2814 1073 2855 inter
1094 2822 1293 2869 quartum
1316 2814 1583 2856 consulatum
1611 2819 1738 2862 esset,

193 2887 311 2930 nulla
341 2888 512 2931 comitia
541 2887 698 2931 habita'
716 2901 810 2930 esse
842 2885 922 2936 ait,
962 2901 1121 2928 annum
1151 2886 1204 2929 46
1235 2885 1467 2942 significat,
1500 2900 1579 2927 nec
1608 2884 1737 2926 nullis
