1846 3100
0 3007 8 3098 =0—=-.

552 893 851 960 INDEX
897 892 1238 959 RERUM.

127 1136 304 1170 Absentem
337 1142 451 1181 petere
488 1138 569 1179 quid
606 1137 651 1169 sit
676 1148 754 1179 pag.
779 1136 833 1171 88.
865 1137 942 1170 172,
988 1138 1160 1179 quomodo
1189 1136 1231 1168 ab
1261 1146 1301 1168 eo
1328 1135 1463 1168 differat
1489 1135 1674 1167 exereitum

216 1193 361 1224 retinere
391 1190 465 1225 174.

126 1246 167 1279 L.
194 1246 318 1278 Aelius
345 1245 476 1287 Lamia,
505 1245 638 1278 Galliae
665 1245 907 1286 Lugdunensis
934 1256 1071 1288 praeses
1105 1243 1178 1278 123.

126 1299 176 1333 Μ.
195 1300 364 1333 Aemilius
382 1301 532 1343 Lepidus
556 1311 624 1333 cos.
651 1305 683 1332 et
707 1298 839 1332 Galliae
864 1300 1113 1342 Transalpinae
1138 1303 1247 1331 rector
1271 1296 1325 1330 46.
1371 1308 1441 1330 cos.
1464 1302 1497 1329 et
1514 1299 1677 1339 magister

217 1356 372 1396 equitum
398 1353 477 1387 221.
505 1353 582 1387 239.

127 1408 177 1440 M.
203 1408 343 1440 Aemilii
367 1409 487 1442 Scauri
515 1408 677 1441 iudicium
709 1407 763 1440 78.

126 1462 168 1494 L.
193 1461 358 1496 Afranius
383 1464 516 1496 Italiam
545 1463 632 1504 regit
658 1461 713 1494 05.

125 1515 246 1548 Africa
268 1518 442 1559 provincia
468 1516 538 1549 fere
565 1516 778 1559 praetoribus
806 1517 919 1558 paruit
945 1514 999 1548 49.
1050 1516 1232 1558 proconsul
1268 1516 1340 1548 eius
1376 1525 1437 1557 per
1468 1525 1530 1547 sex
1564 1525 1673 1549 annos

218 1570 293 1604 137.
333 1581 394 1613 per
410 1572 592 1604 triennium
615 1570 690 1604 139.
730 1571 903 1612 provincia
923 1570 1174 1613 proconsularis
1196 1580 1216 1601 a
1232 1569 1391 1611 Caligula
1410 1569 1572 1601 dividitur
1602 1567 1675 1601 137.

217 1626 252 1657 in
277 1625 370 1658 bello
395 1626 600 1667 Vespasiani
625 1625 739 1666 legato
764 1625 890 1656 tradita
921 1622 993 1658 141.
1047 1624 1129 1656 item
1156 1625 1219 1656 sub
1243 1624 1447 1666 imperatore
1471 1623 1533 1654 Pio
1566 1621 1641 1655 142.

127 1679 176 1711 M.
199 1679 357 1722 Agrippa
383 1684 490 1712 totam
517 1678 662 1711 Galliam
693 1679 780 1720 regit
808 1677 861 1710 93.
895 1677 969 1711 102.
1021 1683 1140 1710 auctor
1166 1678 1269 1710 Plinii
1304 1678 1377 1710 100.

126 1733 354 1766 Alexandrini
380 1735 416 1765 in
443 1733 602 1775 Aegypto
630 1733 740 1765 ultimi
766 1733 917 1764 omnium
944 1733 996 1765 ius
1024 1733 1192 1765 honorum
1219 1733 1389 1774 accipiunt
1418 1729 1495 1763 341.

128 1787 333 1821 Ammianus
356 1787 578 1819 Marcellinus
603 1788 793 1829 explicatur
821 1785 876 1819 98.

127 1850 254 1873 annum
278 1841 458 1873 militarem
483 1840 591 1874 fuisse
616 1842 749 1873 nullum
776 1838 837 1873 184
857 1851 906 1882 sq.
955 1851 1064 1873 annus
1088 1846 1230 1872 vocatur
1256 1840 1366 1872 maius
1396 1839 1544 1881 spatium
1573 1848 1677 1879 quam

219 1905 371 1928 annuum
397 1894 475 1928 213.

127 1949 325 1982 Antoninus
350 1949 434 1981 Pius
457 1949 637 1982 tribunicia
661 1953 832 1990 potestate
857 1953 998 1979 ornatur
1026 1947 1104 1980 205.

129 2003 179 2035 M.
204 2003 377 2036 Antonius
404 2008 518 2036 orator
543 2014 588 2035 ex
613 2007 774 2045 praetura
800 2003 915 2033 domat
943 2001 1072 2042 piratas
1103 1999 1158 2033 26.

128 2057 177 2089 Μ.
209 2057 379 2090 Antonius
414 2057 521 2089 mvir
554 2057 667 2098 legem
702 2057 828 2088 tulerat
860 2056 901 2086 de
931 2056 1200 2096 proscriptorum
1232 2054 1346 2086 liberis
1377 2052 1457 2086 202.
1516 2054 1680 2094 magister

220 2112 372 2153 equitum
397 2111 506 2143 faetus
534 2111 640 2143 inscio
668 2110 814 2143 Caesare
839 2107 916 2140 212.
967 2109 1039 2140 eius
1064 2110 1183 2142 tertius
1209 2109 1407 2141 consulatus
1436 2118 1495 2140 cur
1521 2107 1554 2138 in
1582 2106 1678 2139 fastis

218 2175 290 2197 non
315 2170 513 2198 numeretur
538 2163 614 2197 215.
669 2164 812 2196 consilia
846 2163 918 2194 eius
945 2161 1102 2195 Caesaris
1130 2156 1353 2195 interficiendi
1387 2160 1464 2194 226.
1517 2161 1680 2201 magister

220 2228 274 2260 eq.
301 2218 457 2252 Caesaris
482 2218 560 2253 239.
615 2229 674 2251 cur
697 2218 882 2250 dictaturae
908 2226 1033 2248 nomen
1060 2218 1235 2249 sustulerit
1262 2215 1340 2249 240.

128 2273 309 2315 Appianus
336 2275 524 2315 explicatur
548 2272 604 2306 85.
636 2271 709 2306 162.
735 2271 812 2305 207.
844 2269 921 2303 239.
949 2268 1025 2303 293.
1055 2269 1134 2303 371.

129 2326 169 2359 L.
195 2326 382 2368 Apronius,
411 2326 613 2359 Germaniae
636 2327 772 2368 legatus
806 2325 879 2358 151.

132 2381 254 2423 Aquae
280 2381 419 2413 Sextiae
445 2380 559 2412 Latini
583 2381 665 2413 iuris
692 2385 771 2413 sunt
797 2378 851 2412 34.

129 2434 319 2476 Aquitania
345 2434 520 2476 provincia
548 2434 590 2466 ab
616 2434 776 2475 Augusto
801 2437 901 2464 aucta
928 2429 984 2463 99.

131 2488 227 2520 Arva
248 2488 407 2519 Baeticae
431 2488 653 2530 municipium
676 2487 835 2520 Flavium
863 2483 941 2518 314.

130 2542 303 2574 Asconius
329 2542 365 2572 in
389 2534 505 2574 scaur.
532 2552 565 2583 p.
588 2540 633 2573 28
659 2542 847 2583 explicatur
876 2538 930 2572 78.

131 2596 218 2628 Asia
240 2595 412 2636 provincia
438 2595 572 2637 quando
598 2594 688 2627 facta
717 2592 768 2626 14.
798 2593 848 2626 15.
902 2592 972 2625 fere
1001 2592 1171 2634 praetoria
1197 2590 1251 2624 49.
1301 2592 1412 2633 prima
1434 2591 1682 2633 provinciarum

221 2651 443 2691 imperatores
471 2649 593 2681 divinis
620 2647 809 2680 honoribus
838 2648 947 2679 colere
970 2646 1081 2687 eoepit
1109 2644 1186 2678 375.

131 2703 274 2735 Asturia
313 2707 346 2734 et
371 2701 545 2734 Gallaecia
576 2701 751 2744 provincia
785 2703 922 2743 quando
955 2700 1112 2731 instituta
1147 2697 1223 2731 142.
1275 2698 1347 2730 eius
1373 2697 1504 2729 iuridici
1539 2695 1616 2737 148,
1649 2702 1682 2730 et

222 2756 327 2797 legati
360 2754 432 2787 149.
480 2756 543 2788 sub
570 2756 776 2797 imperatore
802 2755 866 2787 Pio
894 2755 962 2786 iam
987 2753 1125 2796 propria
1152 2753 1326 2794 provincia
1358 2751 1432 2784 150.

133 2810 283 2851 Augusti
317 2809 473 2841 instituta
504 2810 540 2840 in
560 2808 687 2841 *Gallia
715 2807 771 2841 98.
819 2814 937 2841 auctor
968 2807 1072 2839 Plinii
1111 2805 1185 2838 100.
1223 2805 1296 2839 102.
1349 2809 1458 2837 mutat
1490 2805 1681 2846 provincias

225 2863 359 2896 Galliae
387 2862 461 2895 108.
511 2868 770 2894 monumentum
793 2863 1015 2906 Ancyranum
1042 2861 1234 2892 illustratur
1261 2859 1334 2893 115.
1379 2859 1555 2891 Tiberium
1581 2859 1682 2890 colle-
