1846 3100
607 173 661 205 De
687 172 801 206 Gallia
826 174 1060 206 Romanorum
1092 175 1277 217 provincia.
1649 172 1703 215 99

160 281 250 325 Sed
281 282 455 339 quando
481 283 591 324 hanc
618 282 873 324 divisionem
900 282 1137 324 institutam
1159 297 1254 324 esse
1275 282 1550 339 putabimus?
1594 283 1705 326 Nam

147 355 272 410 quod
300 362 366 396 est
391 357 487 396 inde
515 359 582 396 uti
611 358 715 396 lulio
744 356 941 395 (lit-tutore?
965 370 1110 394 vessera
1139 362 1181 396 et
1209 355 1263 396 ad
1291 355 1434 411 ipsum
1462 353 1704 406 Caesarem,

155 428 229 483 qui
259 427 454 483 subegit,
498 434 539 469 et
569 427 623 470 ad
653 425 928 482 Augustum,
969 426 1042 481 qui
1073 441 1126 468 ex
1156 426 1280 468 bellis
1311 427 1511 470 civilibus
1539 429 1704 485 primus

156 490 407 556 composuit,
434 507 574 556 potest
603 499 828 556 pertinere.
884 498 1000 540 Num
1029 499 1163 554 igitur
1189 496 1351 558 Caesar
1377 507 1582 555 quattuor
1611 501 1704 542 illa-

154 588 251 614 rum
279 572 597 628 provinciarum
628 578 777 614 auctor
805 570 915 612 fuit?
968 569 1056 624 Qui
1085 571 1290 626 quamdiu
1323 572 1559 627 imperavit,
1593 588 1705 615 nun-

154 659 282 700 quam
315 651 517 700 quattuor
553 644 628 699 qui
660 643 845 687 Galliam
883 643 1164 694 obtinuerint,
1210 645 1489 700 proconsules
1519 660 1704 687 comme-

155 723 374 759 morantur
413 716 619 772 ipsoque,
671 731 756 772 quo
801 716 979 758 subacta
1015 716 1218 758 universa
1253 717 1475 772 republica
1513 717 1706 760 Romana

102 807 105 809 “
155 789 354 838 decessit,
394 803 505 830 anno
544 788 598 831 L.
625 787 812 830 Plancus
845 795 889 849 et
915 788 977 830 M.
1010 788 1206 844 Lepidus
1241 787 1301 830 ita
1326 796 1552 831 narrantur
1580 805 1704 846 prae-

156 861 304 911 fuisse,
332 868 382 902 ut
411 861 623 903 neminem
650 867 753 903 tunc
783 860 914 902 alium
945 875 1042 902 cum
1071 860 1248 916 imperio
1281 867 1407 915 atque
1439 863 1630 904 exercitu
1660 862 1704 903 in

158 932 299 976 Gallia
323 934 458 976 fuisse
484 932 718 975 debeamus
746 932 960 988 colligere.
1009 932 1283 987 Relinquitur
1307 932 1440 989 igitur
1458 934 1704 990 Augustus,

157 1021 285 1061 quem
313 1006 569 1049 Ammianus
599 1020 683 1046 non
718 1005 857 1047 minus
889 1020 1018 1060 quam
1049 1004 1203 1047 Strabo
1234 1013 1436 1060 quattuor
1466 1005 1704 1049 Galliarum

154 1079 398 1134 provincias
426 1077 664 1120 instituisse
691 1077 861 1118 referat.
913 1075 1001 1119 Sed
1028 1092 1161 1119 unum
1192 1085 1257 1120 est
1286 1078 1402 1134 apud
1429 1078 1558 1128 hunc,
1589 1079 1704 1133 quod

157 1165 354 1207 magnam
390 1151 542 1193 merito
574 1149 885 1191 dubitationem
914 1157 1103 1199 moveat,
1141 1151 1257 1205 quod
1283 1150 1554 1194 Narbonensi
1573 1151 1706 1194 Vien-

155 1238 333 1265 nensem
363 1231 404 1266 et
430 1222 771 1277 Lugdunensem
805 1221 1067 1277 provinciam
1099 1223 1305 1265 contineri
1336 1223 1406 1264 ait.
1469 1223 1522 1265 Id
1555 1238 1706 1265 verum

157 1311 251 1338 esse
286 1296 435 1351 utique
471 1295 632 1350 nequit.
695 1293 743 1335 Si
777 1293 889 1335 enim
927 1300 1058 1336 totam
1085 1294 1432 1351 Lugdunensem
1462 1294 1563 1336 olim
1593 1294 1703 1337 Nar-

157 1367 335 1409 bonensi
365 1367 712 1424 comprehensam
743 1381 838 1408 esse
869 1366 1058 1422 putabat,
1091 1367 1207 1423 quod
1234 1367 1407 1409 tandem
1431 1382 1587 1410 nomen
1615 1376 1705 1411 erat

156 1446 331 1495 quartae
360 1440 475 1481 illius
510 1439 767 1495 provinciae,
799 1453 928 1494 quam
954 1446 1123 1494 praeter
1146 1439 1366 1495 Belgicam
1394 1440 1439 1481 in
1460 1439 1703 1482 Germaniis

156 1512 390 1568 Belgisque
432 1512 567 1553 fuisse
607 1511 740 1552 dicit?
801 1509 879 1552 Sin
920 1510 982 1553 sic
1020 1511 1112 1553 eius
1152 1510 1283 1553 verba
1319 1511 1706 1567 interpretabimur,

157 1590 205 1625 ut
242 1590 406 1640 partem
443 1591 608 1626 tantum
647 1582 959 1638 Lugdunensis
998 1583 1051 1625 ad
1092 1582 1414 1625 Narbonensem
1447 1584 1707 1639 pertinuisse

157 1655 472 1705 existimemus,
516 1655 716 1710 quoniam
746 1655 886 1710 ipsum
919 1654 1189 1709 Lugdunum
1219 1670 1353 1710 prope
1384 1655 1708 1698 Narbonensem

159 1727 287 1769 situm
318 1735 405 1778 est,
446 1727 688 1769 necessario
718 1727 963 1769 faciendum
992 1727 1093 1777 erit,
1125 1734 1174 1768 ut
1203 1727 1313 1769 hanc
1339 1727 1511 1777 urbem,
1539 1742 1592 1769 ex
1622 1743 1708 1783 qua

157 1814 312 1841 nomen
336 1799 522 1842 habebat
550 1799 754 1841 universa
779 1799 1019 1855 provincia,
1057 1813 1110 1840 ex
1135 1813 1184 1840 ea
1213 1806 1452 1854 exemptam
1473 1799 1708 1855 alienisque

157 1870 317 1913 finibus
349 1871 557 1914 adiectam
589 1871 724 1913 fuisse
753 1879 968 1926 putemus.
1014 1870 1130 1912 Illud
1156 1871 1328 1926 quidem
1358 1871 1471 1926 quod
1500 1871 1553 1913 de
1573 1871 1706 1915 Vien-

158 1942 280 1984 nensi
318 1950 537 1994 narratur,
578 1943 703 1985 facile
743 1942 1018 1998 intelligitur,
1062 1942 1179 1998 quod
1208 1942 1462 1984 Ammianus
1497 1945 1598 1999 quia
1630 1959 1709 1986 sua

159 2021 293 2056 aetate
331 2015 547 2071 propriam
576 2015 833 2058 Viennensis
871 2014 1134 2070 provinciam
1171 2030 1265 2058 esse
1303 2016 1496 2066 videbat,
1538 2015 1706 2066 adiecit,

161 2086 237 2128 sed
268 2086 322 2128 de
352 2086 642 2143 Lugdunensi
673 2086 766 2129 fieri
795 2101 881 2128 non
912 2086 1069 2142 poterit
1098 2088 1201 2142 quin
1232 2103 1419 2130 errorem
1450 2088 1635 2143 aliquem
1663 2088 1707 2129 in

160 2158 253 2200 eius
296 2158 439 2200 verbis
480 2159 621 2200 inesse
659 2166 908 2202 statuamus.
968 2157 1110 2212 Quem
1151 2167 1291 2202 tamen
1332 2174 1517 2202 errorem
1550 2160 1708 2201 iniuste

160 2229 302 2272 hercle
332 2230 479 2280 faciat,
513 2230 742 2272 Ammiano
770 2231 845 2286 qui
874 2231 956 2286 ipsi
982 2230 1165 2281 tribuat,
1196 2232 1356 2274 homini
1382 2239 1423 2273 et
1449 2231 1708 2288 peritissimo

162 2309 204 2344 et
233 2302 314 2343 hoc
346 2302 528 2344 maxime
554 2302 650 2343 loco
679 2302 725 2343 id
755 2303 921 2359 agenti,
961 2309 1009 2344 ut
1043 2310 1229 2345 veterem
1255 2303 1574 2359 provinciarum
1603 2302 1708 2347 Gal-

161 2375 340 2417 licarum
377 2373 635 2415 divisionem
674 2374 877 2430 explicet3
922 2389 1007 2429 qua
1038 2376 1083 2417 in
1116 2375 1396 2431 explicatione
1427 2390 1556 2430 quam
1587 2375 1641 2417 sit
1669 2382 1710 2417 et

165 2446 351 2502 diligens
386 2453 428 2487 et
457 2446 682 2488 vetustatis
709 2447 896 2501 peritus,
940 2447 1009 2489 vel
1042 2447 1150 2488 illud
1182 2447 1440 2488 documento
1469 2454 1554 2497 est,
1592 2447 1709 2502 quod

162 2518 342 2560 alterum
371 2532 423 2559 ex
450 2517 723 2572 praesidibus
754 2518 983 2574 Aquitanis
1011 2518 1227 2560 universis
1258 2517 1497 2573 praefuisse
1526 2517 1605 2568 ait,
1643 2518 1710 2559 ni-

163 2589 317 2631 mirum
345 2588 439 2630 illos
468 2589 808 2643 quattuordecim
839 2590 1086 2646 significans
1112 2590 1291 2646 populos
1317 2589 1427 2631 inter
1446 2588 1711 2632 Garumnam

164 2668 207 2703 et
234 2659 428 2716 Ligerim
457 2659 710 2711 habitantes,
743 2676 852 2717 quos
882 2661 1037 2704 Strabo
1064 2662 1143 2712 IV,
1180 2664 1205 2705 2
1245 2661 1300 2703 ab
1327 2662 1531 2716 Augusto
1568 2669 1711 2704 narrat

164 2733 220 2775 ad
246 2731 522 2787 Aquitaniam
547 2746 643 2774 esse
667 2733 870 2777 adiectos.
916 2734 985 2776 Ac
1015 2734 1081 2776 sui
1110 2733 1285 2789 quidem
1311 2732 1514 2788 temporis
1537 2733 1710 2789 provin—

166 2805 254 2847 cias
285 2810 482 2846 accurate
513 2818 614 2846 sane
642 2806 936 2860 persequitur,
979 2813 1029 2847 ut
1053 2806 1097 2847 in
1126 2805 1319 2860 Augusti
1349 2803 1614 2847 nobilissimo
1643 2804 1710 2847 in-

168 2876 316 2918 stituto
346 2891 444 2918 eum
470 2875 651 2930 turpiter
678 2891 843 2918 errasse
872 2877 1045 2919 credere
1075 2891 1295 2932 nequeam.
1347 2876 1492 2928 Quare
1515 2875 1710 2919 librario-

1384 2949 1458 2989 '‘7⁴3*
