1846 3100
590 124 643 156 De
669 124 844 157 dictatoris
873 123 1031 156 Caesaris
1059 124 1255 157 honoribus.
1613 122 1694 166 263

151 231 364 288 pendebat.
404 231 516 273 enim
556 246 609 274 ex
647 247 697 273 ea
733 246 816 272 non
855 230 983 272 modo
1022 238 1110 273 tota
1150 230 1381 273 maiestatis
1416 231 1508 282 lex,
1544 247 1695 275 verum

151 318 278 361 saepe
308 304 434 346 etiam
465 304 741 360 imperatores
781 318 831 344 eo
860 303 976 358 quod
1012 303 1104 345 eius
1143 303 1314 359 insigne
1351 310 1452 354 erat,
1491 304 1695 348 subsellio

150 377 381 419 tribunicio
410 376 653 437 utebantur,
687 391 785 417 cum
817 375 911 417 aliis
939 375 1046 418 locis
1076 374 1277 431 publicis,
1308 376 1427 418 velut
1455 376 1508 418 de
1531 377 1695 420 theatro

152 463 283 505 supra
312 449 516 498 diximus,
549 455 640 490 tum
671 448 716 490 in
745 456 907 490 senatu.
961 445 1193 490 Claudium
1219 448 1394 503 quidem
1426 448 1546 491 Suet.
1576 464 1612 492 c.
1642 450 1694 493 23

108 542 110 544 v
149 520 204 563 de
240 521 396 563 maiore
435 521 607 577 negotio
645 528 838 563 acturum
869 521 913 562 in
952 520 1069 563 curia
1106 520 1295 562 medium
1330 521 1441 563 inter
1472 522 1696 564 consulum

150 593 275 635 sellas
305 593 534 635 tribunicio
565 592 770 635 subsellio
803 593 952 635 sedere
983 593 1260 635 consuevisse
1289 600 1430 636 narrat
1461 594 1536 647 (cf.
1567 594 1694 637 Dion.

148 665 253 715 LX,
290 666 373 720 16),
403 673 530 721 atque
559 666 684 707 etiam
711 665 950 707 Pertinacis
982 674 1022 706 et
1052 663 1261 707 Caracalli
1289 673 1424 708 aetate
1459 667 1532 708 illa
1560 667 1695 724 impe-

148 737 300 779 ratoris
324 737 448 779 sedes
479 737 662 779 maxime
689 737 920 794 putabatur
951 753 1045 779 esse
1062 738 1281 794 popularis
1309 738 1413 792 (Dio
1429 738 1652 789 LXXIII,
1671 739 1694 782 3

149 816 190 851 et
220 809 463 859 LXXVII,
494 810 552 864 3).
612 809 759 863 Quare
789 810 906 866 apud
937 808 1057 852 Suet.
1084 809 1181 852 Tib.
1211 825 1246 852 c.
1278 811 1339 861 17,
1372 811 1447 853 ubi
1471 811 1696 854 Tiberium

149 896 201 923 ex
230 881 464 925 Germania
492 882 696 925 reducem
722 882 766 924 in
797 882 993 924 contione
1020 883 1207 924 medium
1229 883 1338 925 inter
1365 884 1472 928 duos
1495 885 1694 927 consules

149 969 246 996 cum
281 955 485 1011 Augusto
525 955 652 996 simul
693 954 856 996 sedisse
894 954 1052 1005 scribit,
1088 955 1292 998 subsellio
1326 956 1556 999 tribunicio
1590 971 1694 999 usos

147 1042 242 1069 esse
283 1027 561 1082 imperatores
599 1027 779 1069 coniicio
819 1028 1004 1083 itemque
1047 1028 1301 1084 interpretor
1335 1044 1534 1071 nummos
1563 1044 1694 1084 quos-

147 1099 246 1141 dam
278 1097 329 1142 C.
361 1099 543 1155 Sulpicii
573 1099 779 1141 Platorini
811 1100 925 1156 apud
958 1100 1135 1144 Eckhel.
1156 1101 1307 1143 Doctr.
1337 1116 1453 1143 num.
1471 1100 1512 1143 V
1537 1116 1579 1157 p.
1601 1101 1694 1152 317,

146 1172 317 1214 nomine
355 1171 549 1227 Augusti
591 1180 632 1213 et
670 1172 732 1213 M.
765 1173 986 1229 Agrippae
1023 1173 1266 1229 inscriptos.
1333 1173 1384 1215 In
1421 1173 1578 1229 quibus
1621 1173 1695 1228 qui

147 1253 247 1286 sunt
276 1244 363 1286 duo
383 1244 576 1286 homines
603 1246 736 1301 togati
762 1241 815 1287 in'
836 1245 1051 1288 subselliis
1081 1245 1292 1296 sedentes,
1319 1246 1436 1302 quod
1456 1246 1693 1288 Eckhelius

146 1315 398 1373 Augustum
426 1325 468 1359 et
497 1318 737 1374 Agrippam
763 1318 944 1374 intelligi
977 1333 1100 1375 posse
1128 1318 1314 1375 negabat
1333 1330 1558 1375 propterea
1576 1319 1693 1376 quod

145 1387 191 1429 id
221 1396 334 1430 esset
362 1389 475 1432 infra
505 1405 650 1432 eorum
680 1391 957 1442 maiestatem,
987 1391 1129 1433 minus
1156 1399 1271 1433 recte
1300 1390 1531 1434 iudicabat.

261 1459 470 1518 Superest
493 1463 548 1504 ad
577 1463 832 1519 explendam
853 1471 1042 1506 nostram
1060 1463 1352 1519 quaestionem
1377 1479 1464 1506 una
1481 1479 1565 1515 res,
1583 1479 1693 1520 quae

147 1533 361 1576 mentione
391 1534 524 1590 digna
553 1551 648 1577 esse
677 1536 885 1578 videatur.
939 1536 1145 1578 Diximus
1176 1536 1288 1578 enim
1319 1551 1371 1578 ex
1402 1544 1604 1592 quattuor
1631 1538 1693 1580 le-

145 1605 274 1660 gibus
304 1607 427 1662 quasi
457 1607 680 1650 conflatam
718 1623 813 1650 esse
843 1608 1111 1664 imperatoris
1134 1616 1382 1665 potestatem
1400 1610 1691 1653 tribuniciam:

143 1677 282 1734 prima
309 1693 534 1721 commune
560 1680 830 1722 tribunorum
863 1680 999 1736 plebis
1026 1681 1095 1723 ius
1129 1681 1353 1731 detulerat,
1387 1683 1575 1739 reliquae
1603 1691 1691 1726 tres

144 1750 371 1807 privilegia
398 1751 608 1807 quaedam
637 1752 690 1794 de
722 1753 943 1795 sanctitate
975 1755 1179 1810 corporis,
1207 1755 1260 1797 de
1287 1755 1379 1798 iure
1397 1755 1692 1798 intercedendi

146 1829 187 1864 et
219 1824 376 1879 agendi
405 1824 451 1865 in
487 1832 637 1867 senatu
668 1824 936 1867 addiderant.
991 1826 1098 1869 Erat
1129 1826 1265 1883 igitur
1293 1835 1380 1870 tota
1418 1836 1605 1884 potestas
1634 1827 1693 1870 ita

144 1909 243 1945 una,
281 1903 330 1937 ut
359 1911 413 1938 ex
445 1896 627 1939 diversis
662 1897 856 1953 partibus
897 1907 1108 1942 constaret
1139 1899 1318 1956 fierique
1345 1907 1524 1956 poterat,
1559 1908 1608 1943 ut
1638 1915 1691 1943 ex

142 1966 196 2010 iis
225 1982 312 2011 una
347 1969 489 2025 aliqua
528 1970 619 2012 sine
649 1970 802 2012 ceteris
841 1970 1093 2014 deferretur.
1154 1972 1193 2014 N
1197 1987 1245 2015 ec
1278 1972 1462 2015 dubium
1491 1982 1556 2015 est
1585 1973 1691 2030 quin

143 2039 203 2083 ita
228 2041 391 2083 factum
422 2041 488 2083 sit.
542 2042 647 2084 Erat
676 2042 788 2084 enim
820 2042 1052 2099 Augustus
1083 2058 1136 2085 ex
1165 2044 1298 2087 altera
1325 2044 1398 2087 illa
1423 2045 1534 2102 lege,
1565 2059 1692 2100 quam

145 2111 199 2154 de
258 2110 444 2155 Caesare
493 2114 621 2157 latam
673 2130 767 2157 esse
816 2115 1024 2165 diximus,
1072 2123 1369 2160 sacrosanctus
1411 2117 1571 2172 ubique
1615 2132 1694 2174 per

143 2183 369 2240 imperium
397 2185 639 2228 Romanum
674 2194 715 2229 et
744 2186 943 2229 omnibus
970 2187 1015 2229 in
1042 2188 1172 2231 rebus
1202 2189 1380 2245 privatis
1407 2189 1691 2246 publicisque,

144 2255 275 2312 idque
309 2257 369 2300 ita
403 2257 774 2315 interpretabatur,
810 2268 859 2301 ut
895 2260 1022 2302 etiam
1056 2259 1214 2303 liberos
1256 2276 1355 2303 suos
1398 2267 1690 2304 sacrosanctos

144 2343 238 2371 esse
278 2329 438 2373 diceret
477 2346 525 2373 ac
563 2331 699 2374 Iuliae
728 2332 841 2374 filiae
879 2332 1111 2383 adulteros,
1146 2333 1269 2389 quasi
1298 2334 1442 2390 ipsum
1473 2348 1518 2376 se
1547 2333 1689 2376 laesis-

145 2410 252 2452 sent,
293 2403 525 2446 maiestatis
562 2404 658 2460 lege
695 2404 867 2461 puniret
906 2404 1026 2457 (Tac.
1055 2405 1213 2447 Annal.
1248 2406 1340 2456 111,
1372 2405 1460 2460 24).
1520 2406 1689 2449 Eodem

142 2473 235 2516 iure
261 2475 416 2531 reliqui
442 2477 517 2531 qui
546 2477 591 2518 in
622 2477 748 2520 domo
778 2478 871 2521 eius
900 2484 1032 2528 erant,
1057 2477 1300 2528 utebantur,
1321 2478 1398 2520 sed
1415 2485 1556 2521 tamen
1575 2494 1687 2522 anno

135 2546 195 2591 35
225 2562 262 2590 a.
295 2546 397 2590 Chr.
427 2547 580 2592 Liviae
609 2550 734 2592 uxori
771 2558 812 2593 et
843 2549 1052 2594 Octaviae
1085 2550 1220 2593 sorori
1258 2550 1578 2593 decernendum
1607 2565 1684 2594 cu-

141 2621 252 2664 ravit
279 2623 323 2664 τὸ
363 2622 483 2667 ἀδεὲς
510 2624 577 2664 καὶ
606 2624 651 2664 τὸ
692 2623 928 2679 ἀνύβριστον
967 2626 1012 2666 ἐκ
1046 2626 1117 2664 τοῦ
1157 2624 1300 2678 ὁμοίου
1340 2626 1425 2669 τοῖς
1462 2624 1688 2679 δημάρχοις

145 2692 251 2750 ἔχειν
294 2696 402 2752 (Dio
442 2696 627 2747 XLIX,
659 2695 746 2752 38),
785 2705 834 2739 ut
876 2702 1171 2740 sacrosanctae
1207 2702 1364 2747 essent,
1401 2710 1486 2738 non
1525 2695 1688 2738 Romae

145 2766 285 2818 mod0,
314 2769 478 2825 opinor,
506 2769 583 2812 sed
610 2769 772 2825 ubique
798 2768 1082 2824 omnibusque
1110 2768 1155 2809 111
1178 2766 1330 2818 rebus3
1359 2767 1444 2810 iam
1469 2767 1582 2810 enim
1607 2767 1690 2810 hoc

142 2836 211 2882 ius
237 2840 282 2881 in
313 2839 499 2884 Caesare
531 2842 754 2885 inventum
782 2850 910 2898 atque
940 2842 995 2885 ad
1027 2841 1280 2897 Augustum
1308 2839 1558 2882 translatum
1586 2847 1689 2883 erat.
