<?xml version="1.0" encoding="UTF-8"?>
<!DOCTYPE html PUBLIC "-//W3C//DTD XHTML 1.0 Transitional//EN"
    "http://www.w3.org/TR/xhtml1/DTD/xhtml1-transitional.dtd">
<html xmlns="http://www.w3.org/1999/xhtml" xml:lang="en" lang="en">
 <head>
  <title>
</title>
<meta http-equiv="Content-Type" content="text/html;charset=utf-8" />
  <meta name='ocr-system' content='tesseract 3.04.00' />
  <meta name='ocr-capabilities' content='ocr_page ocr_carea ocr_par ocr_line ocrx_word'/>
</head>
<body>
  <div class='ocr_page' id='page_1' title='image "./studiaromanasive00zump_0227.png"; bbox 0 0 1846 3100; ppageno 0'>
   <div class='ocr_carea' id='block_1_1' title="bbox 570 127 1682 171">
    <p class='ocr_par' dir='ltr' id='par_1_1' title="bbox 570 127 1682 171">
     <span class='ocr_line' id='line_1_1' title="bbox 570 127 1682 171; baseline 0.004 -9"><span class='ocrx_word' id='word_1_1' title='bbox 570 130 623 162; x_wconf 85' lang='lat' dir='ltr'><strong>De</strong></span> <span class='ocrx_word' id='word_1_2' title='bbox 647 131 822 162; x_wconf 82' lang='lat' dir='ltr'><strong>dictatoris</strong></span> <span class='ocrx_word' id='word_1_3' title='bbox 852 129 1009 162; x_wconf 77' lang='lat' dir='ltr'><strong>Caesaris</strong></span> <span class='ocrx_word' id='word_1_4' title='bbox 1035 130 1232 162; x_wconf 80' lang='lat' dir='ltr'>honoribus.</span> <span class='ocrx_word' id='word_1_5' title='bbox 1599 127 1682 171; x_wconf 80' lang='grc'><strong>215</strong></span> 
     </span>
    </p>
   </div>
   <div class='ocr_carea' id='block_1_2' title="bbox 133 236 1688 2892">
    <p class='ocr_par' dir='ltr' id='par_1_2' title="bbox 133 236 1688 2892">
     <span class='ocr_line' id='line_1_2' title="bbox 135 236 1683 296; baseline -0.001 -13"><span class='ocrx_word' id='word_1_6' title='bbox 135 247 250 283; x_wconf 80' lang='lat' dir='ltr'><strong>esset</strong></span> <span class='ocrx_word' id='word_1_7' title='bbox 276 255 337 290; x_wconf 85' lang='lat' dir='ltr'><strong>re,</strong></span> <span class='ocrx_word' id='word_1_8' title='bbox 363 239 480 295; x_wconf 88' lang='lat' dir='ltr'><strong>quod</strong></span> <span class='ocrx_word' id='word_1_9' title='bbox 511 239 582 281; x_wconf 92' lang='lat' dir='ltr'><strong>ille</strong></span> <span class='ocrx_word' id='word_1_10' title='bbox 611 238 878 280; x_wconf 86' lang='lat' dir='ltr'><strong>consulatum</strong></span> <span class='ocrx_word' id='word_1_11' title='bbox 897 236 978 279; x_wconf 88' lang='lat' dir='ltr'><strong>sibi</strong></span> <span class='ocrx_word' id='word_1_12' title='bbox 999 237 1187 279; x_wconf 89' lang='lat' dir='ltr'><strong>delatum</strong></span> <span class='ocrx_word' id='word_1_13' title='bbox 1204 253 1290 280; x_wconf 92' lang='lat' dir='ltr'><strong>non</strong></span> <span class='ocrx_word' id='word_1_14' title='bbox 1313 247 1531 296; x_wconf 83' lang='lat' dir='ltr'>receperat</span> <span class='ocrx_word' id='word_1_15' title='bbox 1546 254 1683 295; x_wconf 91' lang='lat' dir='ltr'><strong>neque</strong></span> 
     </span>
     <span class='ocr_line' id='line_1_3' title="bbox 134 310 1684 368; baseline -0.001 -14"><span class='ocrx_word' id='word_1_16' title='bbox 134 312 321 368; x_wconf 86' lang='lat' dir='ltr'><strong>insignia</strong></span> <span class='ocrx_word' id='word_1_17' title='bbox 349 312 443 354; x_wconf 87' lang='lat' dir='ltr'><strong>eius</strong></span> <span class='ocrx_word' id='word_1_18' title='bbox 473 310 719 367; x_wconf 78' lang='lat' dir='ltr'><strong>usurpabat.</strong></span> <span class='ocrx_word' id='word_1_19' title='bbox 780 310 901 363; x_wconf 81' lang='lat' dir='ltr'><strong>Quid</strong></span> <span class='ocrx_word' id='word_1_20' title='bbox 931 310 1066 365; x_wconf 86' lang='lat' dir='ltr'><strong>igitur</strong></span> <span class='ocrx_word' id='word_1_21' title='bbox 1095 310 1285 352; x_wconf 83' lang='lat' dir='ltr'><strong>facerent</strong></span> <span class='ocrx_word' id='word_1_22' title='bbox 1314 311 1538 354; x_wconf 86' lang='lat' dir='ltr'><strong>homines?</strong></span> <span class='ocrx_word' id='word_1_23' title='bbox 1593 311 1684 354; x_wconf 87' lang='lat' dir='ltr'><strong>Alii</strong></span> 
     </span>
     <span class='ocr_line' id='line_1_4' title="bbox 137 382 1684 439; baseline 0 -14"><span class='ocrx_word' id='word_1_24' title='bbox 137 383 336 426; x_wconf 81' lang='lat' dir='ltr'><strong>dicebant</strong></span> <span class='ocrx_word' id='word_1_25' title='bbox 353 382 583 426; x_wconf 88' lang='lat' dir='ltr'><strong>Caesarem</strong></span> <span class='ocrx_word' id='word_1_26' title='bbox 613 398 707 425; x_wconf 89' lang='lat' dir='ltr'><strong>esse</strong></span> <span class='ocrx_word' id='word_1_27' title='bbox 734 383 966 431; x_wconf 86' lang='lat' dir='ltr'><strong>consulem,</strong></span> <span class='ocrx_word' id='word_1_28' title='bbox 997 382 1069 424; x_wconf 86' lang='lat' dir='ltr'><strong>alii</strong></span> <span class='ocrx_word' id='word_1_29' title='bbox 1100 397 1184 424; x_wconf 91' lang='lat' dir='ltr'><strong>non</strong></span> <span class='ocrx_word' id='word_1_30' title='bbox 1213 397 1321 424; x_wconf 88' lang='lat' dir='ltr'><strong>esse.</strong></span> <span class='ocrx_word' id='word_1_31' title='bbox 1363 383 1431 426; x_wconf 92' lang='lat' dir='ltr'><strong>Ac</strong></span> <span class='ocrx_word' id='word_1_32' title='bbox 1461 384 1559 425; x_wconf 90' lang='lat' dir='ltr'><strong>fasti</strong></span> <span class='ocrx_word' id='word_1_33' title='bbox 1588 383 1684 439; x_wconf 79' lang='lat' dir='ltr'><strong>qui-</strong></span> 
     </span>
     <span class='ocr_line' id='line_1_5' title="bbox 135 454 1683 512; baseline 0 -14"><span class='ocrx_word' id='word_1_34' title='bbox 135 456 234 498; x_wconf 90' lang='lat' dir='ltr'><strong>dem</strong></span> <span class='ocrx_word' id='word_1_35' title='bbox 263 455 427 512; x_wconf 82' lang='lat' dir='ltr'><strong>publici</strong></span> <span class='ocrx_word' id='word_1_36' title='bbox 453 455 559 512; x_wconf 89' lang='lat' dir='ltr'><strong>quid</strong></span> <span class='ocrx_word' id='word_1_37' title='bbox 586 456 630 496; x_wconf 92' lang='lat' dir='ltr'><strong>in</strong></span> <span class='ocrx_word' id='word_1_38' title='bbox 650 454 969 509; x_wconf 85' lang='lat' dir='ltr'><strong>perscribendis</strong></span> <span class='ocrx_word' id='word_1_39' title='bbox 988 454 1280 497; x_wconf 85' lang='lat' dir='ltr'><strong>consulatibus</strong></span> <span class='ocrx_word' id='word_1_40' title='bbox 1305 455 1426 510; x_wconf 89' lang='lat' dir='ltr'><strong>sequi</strong></span> <span class='ocrx_word' id='word_1_41' title='bbox 1444 455 1683 506; x_wconf 80' lang='lat' dir='ltr'><strong>debuerint,</strong></span> 
     </span>
     <span class='ocr_line' id='line_1_6' title="bbox 135 526 1685 582; baseline 0.001 -12"><span class='ocrx_word' id='word_1_42' title='bbox 135 543 188 571; x_wconf 82' lang='lat' dir='ltr'><strong>ex</strong></span> <span class='ocrx_word' id='word_1_43' title='bbox 220 529 433 570; x_wconf 88' lang='lat' dir='ltr'><strong>simillimo</strong></span> <span class='ocrx_word' id='word_1_44' title='bbox 476 527 670 582; x_wconf 88' lang='lat' dir='ltr'><strong>exemplo</strong></span> <span class='ocrx_word' id='word_1_45' title='bbox 708 527 770 568; x_wconf 90' lang='lat' dir='ltr'><strong>M.</strong></span> <span class='ocrx_word' id='word_1_46' title='bbox 802 526 1002 576; x_wconf 83' lang='lat' dir='ltr'><strong>Antonii,</strong></span> <span class='ocrx_word' id='word_1_47' title='bbox 1039 527 1152 581; x_wconf 92' lang='lat' dir='ltr'><strong>quod</strong></span> <span class='ocrx_word' id='word_1_48' title='bbox 1182 543 1207 568; x_wconf 90' lang='lat' dir='ltr'><strong>a</strong></span> <span class='ocrx_word' id='word_1_49' title='bbox 1232 527 1356 569; x_wconf 89' lang='lat' dir='ltr'><strong>nobis</strong></span> <span class='ocrx_word' id='word_1_50' title='bbox 1383 528 1428 569; x_wconf 92' lang='lat' dir='ltr'><strong>in</strong></span> <span class='ocrx_word' id='word_1_51' title='bbox 1461 537 1685 571; x_wconf 83' lang='lat' dir='ltr'>comment.</span> 
     </span>
     <span class='ocr_line' id='line_1_7' title="bbox 134 598 1684 656; baseline 0 -14"><span class='ocrx_word' id='word_1_52' title='bbox 134 600 354 656; x_wconf 84' lang='lat' dir='ltr'><strong>epigraph.</strong></span> <span class='ocrx_word' id='word_1_53' title='bbox 383 601 404 642; x_wconf 93' lang='lat' dir='ltr'>I</span> <span class='ocrx_word' id='word_1_54' title='bbox 436 616 474 656; x_wconf 94' lang='lat' dir='ltr'><strong>p.</strong></span> <span class='ocrx_word' id='word_1_55' title='bbox 505 600 558 641; x_wconf 75' lang='lat'><strong>29</strong></span> <span class='ocrx_word' id='word_1_56' title='bbox 590 598 833 655; x_wconf 88' lang='lat' dir='ltr'><strong>expositum</strong></span> <span class='ocrx_word' id='word_1_57' title='bbox 862 606 946 648; x_wconf 91' lang='lat' dir='ltr'><strong>est,</strong></span> <span class='ocrx_word' id='word_1_58' title='bbox 984 599 1256 655; x_wconf 81' lang='lat' dir='ltr'><strong>perspicitur.</strong></span> <span class='ocrx_word' id='word_1_59' title='bbox 1311 599 1419 641; x_wconf 82' lang='lat' dir='ltr'><strong>Nam</strong></span> <span class='ocrx_word' id='word_1_60' title='bbox 1447 614 1545 642; x_wconf 89' lang='lat' dir='ltr'><strong>cum</strong></span> <span class='ocrx_word' id='word_1_61' title='bbox 1573 615 1684 642; x_wconf 82' lang='lat' dir='ltr'><strong>anno</strong></span> 
     </span>
     <span class='ocr_line' id='line_1_8' title="bbox 137 671 1684 728; baseline 0 -13"><span class='ocrx_word' id='word_1_62' title='bbox 137 673 188 715; x_wconf 84' lang='lat'><strong>39</strong></span> <span class='ocrx_word' id='word_1_63' title='bbox 227 673 271 714; x_wconf 93' lang='lat' dir='ltr'><strong>in</strong></span> <span class='ocrx_word' id='word_1_64' title='bbox 305 687 411 728; x_wconf 88' lang='lat' dir='ltr'><strong>pace</strong></span> <span class='ocrx_word' id='word_1_65' title='bbox 441 671 679 714; x_wconf 80' lang='lat' dir='ltr'><strong>Misenensi</strong></span> <span class='ocrx_word' id='word_1_66' title='bbox 720 671 782 712; x_wconf 89' lang='lat' dir='ltr'><strong>M.</strong></span> <span class='ocrx_word' id='word_1_67' title='bbox 814 671 1031 712; x_wconf 89' lang='lat' dir='ltr'><strong>Antonius</strong></span> <span class='ocrx_word' id='word_1_68' title='bbox 1074 671 1224 712; x_wconf 86' lang='lat' dir='ltr'><strong>consul</strong></span> <span class='ocrx_word' id='word_1_69' title='bbox 1264 672 1516 728; x_wconf 87' lang='lat' dir='ltr'><strong>designatus</strong></span> <span class='ocrx_word' id='word_1_70' title='bbox 1557 682 1684 723; x_wconf 89' lang='lat' dir='ltr'><strong>esset,</strong></span> 
     </span>
     <span class='ocr_line' id='line_1_9' title="bbox 138 743 1684 801; baseline 0.001 -15"><span class='ocrx_word' id='word_1_71' title='bbox 138 744 226 787; x_wconf 88' lang='lat' dir='ltr'><strong>Dio</strong></span> <span class='ocrx_word' id='word_1_72' title='bbox 245 745 423 796; x_wconf 87' lang='lat' dir='ltr'>XLIX,</span> <span class='ocrx_word' id='word_1_73' title='bbox 453 746 504 788; x_wconf 77' lang='lat'><strong>39</strong></span> <span class='ocrx_word' id='word_1_74' title='bbox 539 744 601 786; x_wconf 90' lang='lat' dir='ltr'><strong>sic</strong></span> <span class='ocrx_word' id='word_1_75' title='bbox 629 750 793 785; x_wconf 87' lang='lat' dir='ltr'><strong>narrat:</strong></span> <span class='ocrx_word' id='word_1_76' title='bbox 826 743 1043 787; x_wconf 81' lang='grc' dir='ltr'>Ἀντώνιος</span> <span class='ocrx_word' id='word_1_77' title='bbox 1065 744 1110 784; x_wconf 78' lang='grc' dir='ltr'><strong>δὲ</strong></span> <span class='ocrx_word' id='word_1_78' title='bbox 1133 743 1173 783; x_wconf 85' lang='grc' dir='ltr'><strong>ἐν</strong></span> <span class='ocrx_word' id='word_1_79' title='bbox 1198 744 1328 799; x_wconf 83' lang='grc' dir='ltr'>τούτῳ</span> <span class='ocrx_word' id='word_1_80' title='bbox 1354 745 1400 800; x_wconf 89' lang='lat' dir='ltr'><strong>(i.</strong></span> <span class='ocrx_word' id='word_1_81' title='bbox 1422 759 1457 786; x_wconf 91' lang='lat' dir='ltr'><strong>e.</strong></span> <span class='ocrx_word' id='word_1_82' title='bbox 1482 760 1592 787; x_wconf 88' lang='lat' dir='ltr'><strong>anno</strong></span> <span class='ocrx_word' id='word_1_83' title='bbox 1611 746 1684 801; x_wconf 82' lang='lat'><strong>34)</strong></span> 
     </span>
     <span class='ocr_line' id='line_1_10' title="bbox 135 815 1683 873; baseline 0.001 -16"><span class='ocrx_word' id='word_1_84' title='bbox 135 821 205 871; x_wconf 71' lang='grc' dir='ltr'><strong>τῆς</strong></span> <span class='ocrx_word' id='word_1_85' title='bbox 247 818 318 872; x_wconf 80' lang='grc' dir='ltr'><strong>μὲν</strong></span> <span class='ocrx_word' id='word_1_86' title='bbox 358 819 488 873; x_wconf 79' lang='grc' dir='ltr'>ἀρχῆς</span> <span class='ocrx_word' id='word_1_87' title='bbox 527 817 760 871; x_wconf 73' lang='grc' dir='ltr'>αὐθημερὸν</span> <span class='ocrx_word' id='word_1_88' title='bbox 794 815 932 869; x_wconf 72' lang='grc' dir='ltr'>ἐξέστη</span> <span class='ocrx_word' id='word_1_89' title='bbox 962 815 1130 856; x_wconf 73' lang='grc' dir='ltr'>Λεύκιον</span> <span class='ocrx_word' id='word_1_90' title='bbox 1159 815 1422 870; x_wconf 69' lang='grc' dir='ltr'>Σεμπρώνιον</span> <span class='ocrx_word' id='word_1_91' title='bbox 1451 817 1683 872; x_wconf 80' lang='grc' dir='ltr'>Ἀτρατῖνον</span> 
     </span>
     <span class='ocr_line' id='line_1_11' title="bbox 138 886 1683 944; baseline -0.001 -14"><span class='ocrx_word' id='word_1_92' title='bbox 138 891 491 944; x_wconf 81' lang='grc' dir='ltr'>ἀντικαταστήσας,</span> <span class='ocrx_word' id='word_1_93' title='bbox 529 889 623 930; x_wconf 78' lang='grc' dir='ltr'>ὅθεν</span> <span class='ocrx_word' id='word_1_94' title='bbox 655 889 751 929; x_wconf 79' lang='grc' dir='ltr'>εἰσὶν</span> <span class='ocrx_word' id='word_1_95' title='bbox 785 888 822 928; x_wconf 79' lang='grc' dir='ltr'><strong>οἳ</strong></span> <span class='ocrx_word' id='word_1_96' title='bbox 850 891 1006 936; x_wconf 81' lang='grc' dir='ltr'>τοῦτον,</span> <span class='ocrx_word' id='word_1_97' title='bbox 1038 887 1127 927; x_wconf 72' lang='grc' dir='ltr'>ἀλλ’</span> <span class='ocrx_word' id='word_1_98' title='bbox 1163 887 1236 928; x_wconf 84' lang='grc' dir='ltr'><strong>οὐκ</strong></span> <span class='ocrx_word' id='word_1_99' title='bbox 1268 888 1420 930; x_wconf 80' lang='grc' dir='ltr'>ἐκεῖνον</span> <span class='ocrx_word' id='word_1_100' title='bbox 1453 890 1494 930; x_wconf 87' lang='grc' dir='ltr'><strong>ἐν</strong></span> <span class='ocrx_word' id='word_1_101' title='bbox 1525 886 1576 944; x_wconf 75' lang='grc' dir='ltr'><strong>τῇ</strong></span> <span class='ocrx_word' id='word_1_102' title='bbox 1605 893 1683 928; x_wconf 85' lang='grc' dir='ltr'><strong>τῶν</strong></span> 
     </span>
     <span class='ocr_line' id='line_1_12' title="bbox 137 959 1685 1016; baseline 0 -14"><span class='ocrx_word' id='word_1_103' title='bbox 137 963 297 1002; x_wconf 84' lang='grc' dir='ltr'>ὑπάτων</span> <span class='ocrx_word' id='word_1_104' title='bbox 325 962 603 1016; x_wconf 72' lang='grc' dir='ltr'>ἀπαριθμήσει</span> <span class='ocrx_word' id='word_1_105' title='bbox 634 961 894 1015; x_wconf 75' lang='grc' dir='ltr'>ὀνομάζουσι.</span> <span class='ocrx_word' id='word_1_106' title='bbox 916 968 920 975; x_wconf 70' lang='grc'><strong>“</strong></span> <span class='ocrx_word' id='word_1_107' title='bbox 946 959 1173 1000; x_wconf 89' lang='lat' dir='ltr'><strong>Dissensio</strong></span> <span class='ocrx_word' id='word_1_108' title='bbox 1200 959 1334 1015; x_wconf 84' lang='lat' dir='ltr'><strong>igitur</strong></span> <span class='ocrx_word' id='word_1_109' title='bbox 1357 969 1446 1004; x_wconf 86' lang='lat' dir='ltr'><strong>erat</strong></span> <span class='ocrx_word' id='word_1_110' title='bbox 1473 962 1526 1003; x_wconf 90' lang='lat' dir='ltr'><strong>de</strong></span> <span class='ocrx_word' id='word_1_111' title='bbox 1552 961 1685 1003; x_wconf 89' lang='lat' dir='ltr'><strong>altero</strong></span> 
     </span>
     <span class='ocr_line' id='line_1_13' title="bbox 135 1019 1685 1087; baseline 0 -11"><span class='ocrx_word' id='word_1_112' title='bbox 135 1034 313 1076; x_wconf 83' lang='lat' dir='ltr'><strong>Antonii</strong></span> <span class='ocrx_word' id='word_1_113' title='bbox 352 1032 591 1075; x_wconf 87' lang='lat' dir='ltr'><strong>consulatu.</strong></span> <span class='ocrx_word' id='word_1_114' title='bbox 666 1032 787 1074; x_wconf 81' lang='lat' dir='ltr'><strong>Fasti</strong></span> <span class='ocrx_word' id='word_1_115' title='bbox 828 1047 913 1074; x_wconf 88' lang='lat' dir='ltr'><strong>non</strong></span> <span class='ocrx_word' id='word_1_116' title='bbox 951 1019 1225 1087; x_wconf 77' lang='lat' dir='ltr'><strong>receperunt,</strong></span> <span class='ocrx_word' id='word_1_117' title='bbox 1271 1048 1363 1074; x_wconf 86' lang='lat' dir='ltr'><strong>eam</strong></span> <span class='ocrx_word' id='word_1_118' title='bbox 1404 1033 1459 1075; x_wconf 92' lang='lat' dir='ltr'><strong>ob</strong></span> <span class='ocrx_word' id='word_1_119' title='bbox 1498 1044 1685 1083; x_wconf 88' lang='lat' dir='ltr'><strong>causam,</strong></span> 
     </span>
     <span class='ocr_line' id='line_1_14' title="bbox 135 1102 1685 1161; baseline -0.001 -13"><span class='ocrx_word' id='word_1_120' title='bbox 135 1106 253 1161; x_wconf 89' lang='lat' dir='ltr'><strong>quod</strong></span> <span class='ocrx_word' id='word_1_121' title='bbox 281 1120 502 1161; x_wconf 89' lang='lat' dir='ltr'><strong>nunquam</strong></span> <span class='ocrx_word' id='word_1_122' title='bbox 529 1112 619 1146; x_wconf 85' lang='lat' dir='ltr'><strong>erat</strong></span> <span class='ocrx_word' id='word_1_123' title='bbox 648 1114 884 1160; x_wconf 86' lang='lat' dir='ltr'><strong>usurpatus</strong></span> <span class='ocrx_word' id='word_1_124' title='bbox 915 1104 1032 1159; x_wconf 90' lang='lat' dir='ltr'><strong>(nam</strong></span> <span class='ocrx_word' id='word_1_125' title='bbox 1050 1102 1278 1146; x_wconf 85' lang='lat' dir='ltr'><strong>Octaviani</strong></span> <span class='ocrx_word' id='word_1_126' title='bbox 1300 1120 1468 1155; x_wconf 90' lang='lat' dir='ltr'><strong>nomen,</strong></span> <span class='ocrx_word' id='word_1_127' title='bbox 1496 1106 1570 1161; x_wconf 91' lang='lat' dir='ltr'><strong>qui</strong></span> <span class='ocrx_word' id='word_1_128' title='bbox 1587 1106 1685 1147; x_wconf 88' lang='lat' dir='ltr'><strong>Kal.</strong></span> 
     </span>
     <span class='ocr_line' id='line_1_15' title="bbox 133 1177 1685 1234; baseline -0.001 -13"><span class='ocrx_word' id='word_1_129' title='bbox 133 1179 226 1221; x_wconf 86' lang='lat' dir='ltr'><strong>Ian.</strong></span> <span class='ocrx_word' id='word_1_130' title='bbox 267 1178 366 1220; x_wconf 89' lang='lat' dir='ltr'><strong>anni</strong></span> <span class='ocrx_word' id='word_1_131' title='bbox 402 1177 455 1220; x_wconf 78' lang='lat'><strong>33</strong></span> <span class='ocrx_word' id='word_1_132' title='bbox 497 1192 574 1233; x_wconf 90' lang='lat' dir='ltr'><strong>per</strong></span> <span class='ocrx_word' id='word_1_133' title='bbox 612 1191 771 1232; x_wconf 89' lang='lat' dir='ltr'><strong>paucas</strong></span> <span class='ocrx_word' id='word_1_134' title='bbox 810 1177 936 1219; x_wconf 88' lang='lat' dir='ltr'><strong>horas</strong></span> <span class='ocrx_word' id='word_1_135' title='bbox 978 1191 1075 1218; x_wconf 92' lang='lat' dir='ltr'><strong>cum</strong></span> <span class='ocrx_word' id='word_1_136' title='bbox 1111 1177 1410 1220; x_wconf 87' lang='lat' dir='ltr'><strong>consularibus</strong></span> <span class='ocrx_word' id='word_1_137' title='bbox 1440 1178 1685 1234; x_wconf 86' lang='lat' dir='ltr'><strong>insignibus</strong></span> 
     </span>
     <span class='ocr_line' id='line_1_16' title="bbox 135 1249 1686 1306; baseline 0.001 -13"><span class='ocrx_word' id='word_1_138' title='bbox 135 1252 293 1300; x_wconf 84' lang='lat' dir='ltr'><strong>fuerat,</strong></span> <span class='ocrx_word' id='word_1_139' title='bbox 334 1249 630 1306; x_wconf 88' lang='lat' dir='ltr'><strong>receperunt),</strong></span> <span class='ocrx_word' id='word_1_140' title='bbox 671 1257 713 1291; x_wconf 88' lang='lat' dir='ltr'><strong>at</strong></span> <span class='ocrx_word' id='word_1_141' title='bbox 746 1250 909 1290; x_wconf 89' lang='lat' dir='ltr'><strong>nummi</strong></span> <span class='ocrx_word' id='word_1_142' title='bbox 936 1257 977 1291; x_wconf 89' lang='lat' dir='ltr'><strong>et</strong></span> <span class='ocrx_word' id='word_1_143' title='bbox 1005 1256 1129 1291; x_wconf 87' lang='lat' dir='ltr'><strong>antea</strong></span> <span class='ocrx_word' id='word_1_144' title='bbox 1154 1250 1305 1291; x_wconf 91' lang='lat' dir='ltr'><strong>dicunt</strong></span> <span class='ocrx_word' id='word_1_145' title='bbox 1333 1251 1569 1293; x_wconf 89' lang='lat' dir='ltr'><strong>Antonium</strong></span> <span class='ocrx_word' id='word_1_146' title='bbox 1599 1266 1686 1294; x_wconf 89' lang='lat' dir='ltr'><strong>cos.</strong></span> 
     </span>
     <span class='ocr_line' id='line_1_17' title="bbox 135 1322 1686 1379; baseline 0.001 -15"><span class='ocrx_word' id='word_1_147' title='bbox 135 1323 304 1379; x_wconf 88' lang='lat' dir='ltr'><strong>design.</strong></span> <span class='ocrx_word' id='word_1_148' title='bbox 322 1322 368 1364; x_wconf 89' lang='lat' dir='ltr'><strong>H</strong></span> <span class='ocrx_word' id='word_1_149' title='bbox 385 1330 427 1364; x_wconf 91' lang='lat' dir='ltr'><strong>et</strong></span> <span class='ocrx_word' id='word_1_150' title='bbox 445 1322 512 1364; x_wconf 92' lang='lat' dir='ltr'><strong>III</strong></span> <span class='ocrx_word' id='word_1_151' title='bbox 540 1329 581 1363; x_wconf 89' lang='lat' dir='ltr'><strong>et</strong></span> <span class='ocrx_word' id='word_1_152' title='bbox 608 1329 704 1377; x_wconf 88' lang='lat' dir='ltr'><strong>post</strong></span> <span class='ocrx_word' id='word_1_153' title='bbox 725 1337 884 1363; x_wconf 89' lang='lat' dir='ltr'><strong>annum</strong></span> <span class='ocrx_word' id='word_1_154' title='bbox 904 1322 956 1364; x_wconf 77' lang='lat'><strong>34</strong></span> <span class='ocrx_word' id='word_1_155' title='bbox 988 1337 1074 1364; x_wconf 88' lang='lat' dir='ltr'><strong>cos.</strong></span> <span class='ocrx_word' id='word_1_156' title='bbox 1100 1322 1268 1378; x_wconf 84' lang='lat' dir='ltr'><strong>design.</strong></span> <span class='ocrx_word' id='word_1_157' title='bbox 1289 1322 1372 1372; x_wconf 87' lang='grc' dir='ltr'><strong>ΙΙΙ,</strong></span> <span class='ocrx_word' id='word_1_158' title='bbox 1400 1330 1462 1373; x_wconf 91' lang='lat' dir='ltr'><strong>ut,</strong></span> <span class='ocrx_word' id='word_1_159' title='bbox 1488 1324 1686 1379; x_wconf 87' lang='lat' dir='ltr'><strong>quamvis</strong></span> 
     </span>
     <span class='ocr_line' id='line_1_18' title="bbox 134 1393 1686 1451; baseline 0.001 -15"><span class='ocrx_word' id='word_1_160' title='bbox 134 1395 276 1450; x_wconf 90' lang='lat' dir='ltr'><strong>ipsum</strong></span> <span class='ocrx_word' id='word_1_161' title='bbox 313 1393 582 1436; x_wconf 88' lang='lat' dir='ltr'><strong>consulatum</strong></span> <span class='ocrx_word' id='word_1_162' title='bbox 621 1394 803 1436; x_wconf 88' lang='lat' dir='ltr'><strong>alterum</strong></span> <span class='ocrx_word' id='word_1_163' title='bbox 841 1409 1174 1436; x_wconf 86' lang='lat' dir='ltr'><strong>commemorare</strong></span> <span class='ocrx_word' id='word_1_164' title='bbox 1199 1410 1284 1436; x_wconf 90' lang='lat' dir='ltr'><strong>non</strong></span> <span class='ocrx_word' id='word_1_165' title='bbox 1315 1396 1503 1451; x_wconf 83' lang='lat' dir='ltr'><strong>possint,</strong></span> <span class='ocrx_word' id='word_1_166' title='bbox 1545 1403 1686 1438; x_wconf 87' lang='lat' dir='ltr'><strong>tamen</strong></span> 
     </span>
     <span class='ocr_line' id='line_1_19' title="bbox 133 1465 1685 1524; baseline 0.002 -16"><span class='ocrx_word' id='word_1_167' title='bbox 133 1466 251 1509; x_wconf 78' lang='lat' dir='ltr'><strong>haud</strong></span> <span class='ocrx_word' id='word_1_168' title='bbox 282 1465 413 1508; x_wconf 89' lang='lat' dir='ltr'><strong>dubie</strong></span> <span class='ocrx_word' id='word_1_169' title='bbox 440 1466 485 1507; x_wconf 93' lang='lat' dir='ltr'><strong>in</strong></span> <span class='ocrx_word' id='word_1_170' title='bbox 517 1466 625 1508; x_wconf 89' lang='lat' dir='ltr'><strong>serie</strong></span> <span class='ocrx_word' id='word_1_171' title='bbox 657 1467 959 1508; x_wconf 81' lang='lat' dir='ltr'><strong>consulatuum</strong></span> <span class='ocrx_word' id='word_1_172' title='bbox 987 1474 1237 1516; x_wconf 91' lang='lat' dir='ltr'><strong>numerent,</strong></span> <span class='ocrx_word' id='word_1_173' title='bbox 1278 1482 1359 1509; x_wconf 90' lang='lat' dir='ltr'><strong>nec</strong></span> <span class='ocrx_word' id='word_1_174' title='bbox 1388 1475 1500 1510; x_wconf 88' lang='lat' dir='ltr'><strong>certe</strong></span> <span class='ocrx_word' id='word_1_175' title='bbox 1533 1469 1685 1524; x_wconf 89' lang='lat' dir='ltr'><strong>reliqui</strong></span> 
     </span>
     <span class='ocr_line' id='line_1_20' title="bbox 134 1538 1687 1596; baseline 0.001 -15"><span class='ocrx_word' id='word_1_176' title='bbox 134 1539 328 1581; x_wconf 89' lang='lat' dir='ltr'><strong>homines</strong></span> <span class='ocrx_word' id='word_1_177' title='bbox 360 1538 590 1595; x_wconf 88' lang='lat' dir='ltr'><strong>praeterire</strong></span> <span class='ocrx_word' id='word_1_178' title='bbox 619 1546 861 1594; x_wconf 89' lang='lat' dir='ltr'><strong>potuerunt.</strong></span> <span class='ocrx_word' id='word_1_179' title='bbox 916 1539 1032 1580; x_wconf 91' lang='lat' dir='ltr'><strong>Illud</strong></span> <span class='ocrx_word' id='word_1_180' title='bbox 1062 1539 1216 1581; x_wconf 89' lang='lat' dir='ltr'><strong>vellem</strong></span> <span class='ocrx_word' id='word_1_181' title='bbox 1246 1547 1394 1595; x_wconf 87' lang='lat' dir='ltr'><strong>posset</strong></span> <span class='ocrx_word' id='word_1_182' title='bbox 1425 1540 1549 1591; x_wconf 88' lang='lat' dir='ltr'><strong>addi,</strong></span> <span class='ocrx_word' id='word_1_183' title='bbox 1580 1541 1687 1596; x_wconf 89' lang='lat' dir='ltr'><strong>quid</strong></span> 
     </span>
     <span class='ocr_line' id='line_1_21' title="bbox 135 1610 1687 1661; baseline 0.001 -8"><span class='ocrx_word' id='word_1_184' title='bbox 135 1610 190 1653; x_wconf 88' lang='lat' dir='ltr'><strong>de</strong></span> <span class='ocrx_word' id='word_1_185' title='bbox 212 1611 336 1653; x_wconf 81' lang='lat' dir='ltr'><strong>tertio</strong></span> <span class='ocrx_word' id='word_1_186' title='bbox 355 1611 534 1653; x_wconf 88' lang='lat' dir='ltr'><strong>Antonii</strong></span> <span class='ocrx_word' id='word_1_187' title='bbox 554 1611 779 1652; x_wconf 87' lang='lat' dir='ltr'><strong>consulatu</strong></span> <span class='ocrx_word' id='word_1_188' title='bbox 796 1611 895 1652; x_wconf 85' lang='lat' dir='ltr'><strong>fasti</strong></span> <span class='ocrx_word' id='word_1_189' title='bbox 912 1610 1101 1653; x_wconf 88' lang='lat' dir='ltr'><strong>habituri</strong></span> <span class='ocrx_word' id='word_1_190' title='bbox 1122 1619 1278 1661; x_wconf 86' lang='lat' dir='ltr'><strong>essent,</strong></span> <span class='ocrx_word' id='word_1_191' title='bbox 1312 1611 1388 1653; x_wconf 90' lang='lat' dir='ltr'><strong>sed</strong></span> <span class='ocrx_word' id='word_1_192' title='bbox 1410 1627 1508 1654; x_wconf 90' lang='lat' dir='ltr'><strong>eum</strong></span> <span class='ocrx_word' id='word_1_193' title='bbox 1527 1612 1687 1655; x_wconf 92' lang='lat' dir='ltr'><strong>bellum</strong></span> 
     </span>
     <span class='ocr_line' id='line_1_22' title="bbox 135 1682 1686 1740; baseline 0.002 -15"><span class='ocrx_word' id='word_1_194' title='bbox 135 1683 377 1732; x_wconf 88' lang='lat' dir='ltr'><strong>Actiacum,</strong></span> <span class='ocrx_word' id='word_1_195' title='bbox 407 1682 525 1738; x_wconf 88' lang='lat' dir='ltr'><strong>quod</strong></span> <span class='ocrx_word' id='word_1_196' title='bbox 550 1682 793 1732; x_wconf 88' lang='lat' dir='ltr'><strong>intervenit,</strong></span> <span class='ocrx_word' id='word_1_197' title='bbox 822 1684 1008 1725; x_wconf 87' lang='lat' dir='ltr'><strong>sustulit.</strong></span> <span class='ocrx_word' id='word_1_198' title='bbox 1054 1684 1153 1726; x_wconf 90' lang='lat' dir='ltr'><strong>Hoc</strong></span> <span class='ocrx_word' id='word_1_199' title='bbox 1178 1684 1314 1740; x_wconf 83' lang='lat' dir='ltr'><strong>igitur</strong></span> <span class='ocrx_word' id='word_1_200' title='bbox 1342 1685 1536 1740; x_wconf 85' lang='lat' dir='ltr'><strong>exemplo</strong></span> <span class='ocrx_word' id='word_1_201' title='bbox 1563 1685 1686 1728; x_wconf 88' lang='lat' dir='ltr'><strong>adhi-</strong></span> 
     </span>
     <span class='ocr_line' id='line_1_23' title="bbox 135 1752 1686 1812; baseline 0.002 -15"><span class='ocrx_word' id='word_1_202' title='bbox 135 1755 224 1797; x_wconf 90' lang='lat' dir='ltr'><strong>bito</strong></span> <span class='ocrx_word' id='word_1_203' title='bbox 250 1754 357 1810; x_wconf 86' lang='lat' dir='ltr'><strong>quid</strong></span> <span class='ocrx_word' id='word_1_204' title='bbox 382 1755 436 1796; x_wconf 89' lang='lat' dir='ltr'><strong>de</strong></span> <span class='ocrx_word' id='word_1_205' title='bbox 458 1752 654 1796; x_wconf 85' lang='lat' dir='ltr'><strong>Caesaris</strong></span> <span class='ocrx_word' id='word_1_206' title='bbox 683 1755 909 1796; x_wconf 88' lang='lat' dir='ltr'><strong>consulatu</strong></span> <span class='ocrx_word' id='word_1_207' title='bbox 935 1755 1246 1812; x_wconf 83' lang='lat' dir='ltr'><strong>intelligimus?</strong></span> <span class='ocrx_word' id='word_1_208' title='bbox 1285 1756 1482 1798; x_wconf 90' lang='lat' dir='ltr'><strong>Primum</strong></span> <span class='ocrx_word' id='word_1_209' title='bbox 1499 1757 1542 1799; x_wconf 91' lang='lat' dir='ltr'><strong>in</strong></span> <span class='ocrx_word' id='word_1_210' title='bbox 1563 1758 1686 1800; x_wconf 84' lang='lat' dir='ltr'><strong>fastis</strong></span> 
     </span>
     <span class='ocr_line' id='line_1_24' title="bbox 136 1826 1687 1885; baseline 0.002 -16"><span class='ocrx_word' id='word_1_211' title='bbox 136 1842 234 1870; x_wconf 88' lang='lat' dir='ltr'><strong>eum</strong></span> <span class='ocrx_word' id='word_1_212' title='bbox 273 1842 358 1869; x_wconf 92' lang='lat' dir='ltr'><strong>non</strong></span> <span class='ocrx_word' id='word_1_213' title='bbox 401 1826 577 1882; x_wconf 87' lang='lat' dir='ltr'><strong>reperiri</strong></span> <span class='ocrx_word' id='word_1_214' title='bbox 619 1841 730 1868; x_wconf 89' lang='lat' dir='ltr'><strong>anno</strong></span> <span class='ocrx_word' id='word_1_215' title='bbox 761 1827 811 1869; x_wconf 82' lang='lat'><strong>47</strong></span> <span class='ocrx_word' id='word_1_216' title='bbox 847 1828 991 1869; x_wconf 87' lang='lat' dir='ltr'><strong>mirari</strong></span> <span class='ocrx_word' id='word_1_217' title='bbox 1029 1842 1114 1868; x_wconf 93' lang='lat' dir='ltr'><strong>non</strong></span> <span class='ocrx_word' id='word_1_218' title='bbox 1154 1827 1432 1878; x_wconf 89' lang='lat' dir='ltr'><strong>debebimus,</strong></span> <span class='ocrx_word' id='word_1_219' title='bbox 1474 1830 1687 1885; x_wconf 88' lang='lat' dir='ltr'><strong>siquidem</strong></span> 
     </span>
     <span class='ocr_line' id='line_1_25' title="bbox 136 1899 1687 1956; baseline 0.001 -14"><span class='ocrx_word' id='word_1_220' title='bbox 136 1900 254 1942; x_wconf 92' lang='lat' dir='ltr'><strong>nullo</strong></span> <span class='ocrx_word' id='word_1_221' title='bbox 290 1899 490 1956; x_wconf 91' lang='lat' dir='ltr'><strong>temporis</strong></span> <span class='ocrx_word' id='word_1_222' title='bbox 525 1906 682 1955; x_wconf 90' lang='lat' dir='ltr'><strong>puncto</strong></span> <span class='ocrx_word' id='word_1_223' title='bbox 722 1906 872 1954; x_wconf 87' lang='lat' dir='ltr'><strong>gestus</strong></span> <span class='ocrx_word' id='word_1_224' title='bbox 913 1907 999 1949; x_wconf 87' lang='lat' dir='ltr'><strong>est,</strong></span> <span class='ocrx_word' id='word_1_225' title='bbox 1042 1914 1121 1941; x_wconf 90' lang='lat' dir='ltr'><strong>nec</strong></span> <span class='ocrx_word' id='word_1_226' title='bbox 1159 1899 1330 1951; x_wconf 89' lang='lat' dir='ltr'><strong>dubito,</strong></span> <span class='ocrx_word' id='word_1_227' title='bbox 1372 1902 1496 1956; x_wconf 89' lang='lat' dir='ltr'><strong>quin,</strong></span> <span class='ocrx_word' id='word_1_228' title='bbox 1542 1902 1579 1944; x_wconf 92' lang='lat' dir='ltr'><strong>si</strong></span> <span class='ocrx_word' id='word_1_229' title='bbox 1615 1902 1687 1944; x_wconf 89' lang='lat' dir='ltr'><strong>alii</strong></span> 
     </span>
     <span class='ocr_line' id='line_1_26' title="bbox 135 1971 1686 2028; baseline 0.001 -14"><span class='ocrx_word' id='word_1_230' title='bbox 135 1973 286 2014; x_wconf 87' lang='lat' dir='ltr'><strong>horum</strong></span> <span class='ocrx_word' id='word_1_231' title='bbox 322 1986 530 2013; x_wconf 89' lang='lat' dir='ltr'><strong>annorum</strong></span> <span class='ocrx_word' id='word_1_232' title='bbox 567 1971 667 2014; x_wconf 80' lang='lat' dir='ltr'><strong>fasti</strong></span> <span class='ocrx_word' id='word_1_233' title='bbox 704 1979 917 2021; x_wconf 84' lang='lat' dir='ltr'><strong>extarent,</strong></span> <span class='ocrx_word' id='word_1_234' title='bbox 957 1972 1002 2013; x_wconf 89' lang='lat' dir='ltr'><strong>in</strong></span> <span class='ocrx_word' id='word_1_235' title='bbox 1027 1972 1080 2014; x_wconf 89' lang='lat' dir='ltr'><strong>iis</strong></span> <span class='ocrx_word' id='word_1_236' title='bbox 1108 1986 1194 2013; x_wconf 91' lang='lat' dir='ltr'><strong>non</strong></span> <span class='ocrx_word' id='word_1_237' title='bbox 1223 1973 1361 2028; x_wconf 87' lang='lat' dir='ltr'><strong>magis</strong></span> <span class='ocrx_word' id='word_1_238' title='bbox 1405 1974 1459 2015; x_wconf 89' lang='lat' dir='ltr'><strong>sit</strong></span> <span class='ocrx_word' id='word_1_239' title='bbox 1498 1974 1686 2016; x_wconf 83' lang='lat' dir='ltr'><strong>futurus.</strong></span> 
     </span>
     <span class='ocr_line' id='line_1_27' title="bbox 135 2043 1687 2099; baseline 0.001 -13"><span class='ocrx_word' id='word_1_240' title='bbox 135 2045 196 2087; x_wconf 93' lang='lat' dir='ltr'><strong>At</strong></span> <span class='ocrx_word' id='word_1_241' title='bbox 224 2044 409 2093; x_wconf 91' lang='lat' dir='ltr'><strong>nummi,</strong></span> <span class='ocrx_word' id='word_1_242' title='bbox 453 2043 554 2098; x_wconf 89' lang='lat' dir='ltr'><strong>quia</strong></span> <span class='ocrx_word' id='word_1_243' title='bbox 584 2043 702 2098; x_wconf 91' lang='lat' dir='ltr'><strong>quod</strong></span> <span class='ocrx_word' id='word_1_244' title='bbox 732 2043 906 2093; x_wconf 89' lang='lat' dir='ltr'><strong>honoris</strong></span> <span class='ocrx_word' id='word_1_245' title='bbox 936 2059 1145 2099; x_wconf 87' lang='lat' dir='ltr'><strong>usurpare</strong></span> <span class='ocrx_word' id='word_1_246' title='bbox 1174 2044 1352 2095; x_wconf 85' lang='lat' dir='ltr'><strong>licebat,</strong></span> <span class='ocrx_word' id='word_1_247' title='bbox 1391 2045 1687 2096; x_wconf 84' lang='lat' dir='ltr'><strong>numerabant,</strong></span> 
     </span>
     <span class='ocr_line' id='line_1_28' title="bbox 135 2114 1686 2160; baseline 0.001 -2"><span class='ocrx_word' id='word_1_248' title='bbox 135 2115 294 2158; x_wconf 87' lang='lat' dir='ltr'><strong>habent</strong></span> <span class='ocrx_word' id='word_1_249' title='bbox 322 2131 434 2158; x_wconf 87' lang='lat' dir='ltr'><strong>anno</strong></span> <span class='ocrx_word' id='word_1_250' title='bbox 465 2116 516 2158; x_wconf 75' lang='lat'><strong>47</strong></span> <span class='ocrx_word' id='word_1_251' title='bbox 551 2116 820 2158; x_wconf 89' lang='lat' dir='ltr'><strong>consulatum</strong></span> <span class='ocrx_word' id='word_1_252' title='bbox 853 2114 1051 2159; x_wconf 85' lang='lat' dir='ltr'><strong>Caesaris</strong></span> <span class='ocrx_word' id='word_1_253' title='bbox 1083 2116 1268 2158; x_wconf 88' lang='lat' dir='ltr'><strong>tertium.</strong></span> <span class='ocrx_word' id='word_1_254' title='bbox 1314 2115 1428 2159; x_wconf 86' lang='lat' dir='ltr'><strong>Sunt</strong></span> <span class='ocrx_word' id='word_1_255' title='bbox 1454 2118 1567 2160; x_wconf 90' lang='lat' dir='ltr'><strong>enim</strong></span> <span class='ocrx_word' id='word_1_256' title='bbox 1594 2118 1686 2160; x_wconf 90' lang='lat' dir='ltr'><strong>eius</strong></span> 
     </span>
     <span class='ocr_line' id='line_1_29' title="bbox 136 2187 1686 2244; baseline 0.001 -14"><span class='ocrx_word' id='word_1_257' title='bbox 136 2188 296 2230; x_wconf 89' lang='lat' dir='ltr'><strong>nummi</strong></span> <span class='ocrx_word' id='word_1_258' title='bbox 325 2187 441 2243; x_wconf 87' lang='lat' dir='ltr'><strong>apud</strong></span> <span class='ocrx_word' id='word_1_259' title='bbox 458 2187 639 2230; x_wconf 89' lang='lat' dir='ltr'><strong>Eckhel.</strong></span> <span class='ocrx_word' id='word_1_260' title='bbox 671 2188 804 2232; x_wconf 86' lang='lat' dir='ltr'><strong>doctr.</strong></span> <span class='ocrx_word' id='word_1_261' title='bbox 837 2204 998 2230; x_wconf 88' lang='lat' dir='ltr'><strong>numm.</strong></span> <span class='ocrx_word' id='word_1_262' title='bbox 1019 2188 1083 2230; x_wconf 91' lang='lat' dir='ltr'><strong>VI</strong></span> <span class='ocrx_word' id='word_1_263' title='bbox 1113 2204 1153 2244; x_wconf 89' lang='lat' dir='ltr'><strong>p.</strong></span> <span class='ocrx_word' id='word_1_264' title='bbox 1173 2189 1197 2232; x_wconf 85' lang='grc'><strong>7</strong></span> <span class='ocrx_word' id='word_1_265' title='bbox 1225 2196 1267 2230; x_wconf 88' lang='lat' dir='ltr'><strong>et</strong></span> <span class='ocrx_word' id='word_1_266' title='bbox 1290 2187 1452 2231; x_wconf 84' lang='lat' dir='ltr'><strong>Caved.</strong></span> <span class='ocrx_word' id='word_1_267' title='bbox 1478 2189 1521 2231; x_wconf 90' lang='lat' dir='ltr'><strong>in</strong></span> <span class='ocrx_word' id='word_1_268' title='bbox 1548 2190 1686 2232; x_wconf 90' lang='lat' dir='ltr'><strong>annal.</strong></span> 
     </span>
     <span class='ocr_line' id='line_1_30' title="bbox 136 2259 1686 2316; baseline 0.001 -14"><span class='ocrx_word' id='word_1_269' title='bbox 136 2260 235 2302; x_wconf 87' lang='lat' dir='ltr'><strong>inst.</strong></span> <span class='ocrx_word' id='word_1_270' title='bbox 269 2260 383 2302; x_wconf 87' lang='lat' dir='ltr'><strong>arch.</strong></span> <span class='ocrx_word' id='word_1_271' title='bbox 425 2260 530 2303; x_wconf 77' lang='lat'>1850</span> <span class='ocrx_word' id='word_1_272' title='bbox 573 2276 614 2315; x_wconf 85' lang='lat' dir='ltr'><strong>p.</strong></span> <span class='ocrx_word' id='word_1_273' title='bbox 651 2260 750 2311; x_wconf 83' lang='lat'><strong>152,</strong></span> <span class='ocrx_word' id='word_1_274' title='bbox 791 2260 836 2302; x_wconf 90' lang='lat' dir='ltr'><strong>in</strong></span> <span class='ocrx_word' id='word_1_275' title='bbox 872 2260 1031 2316; x_wconf 87' lang='lat' dir='ltr'><strong>quibus</strong></span> <span class='ocrx_word' id='word_1_276' title='bbox 1067 2260 1306 2315; x_wconf 86' lang='lat' dir='ltr'><strong>appellatur</strong></span> <span class='ocrx_word' id='word_1_277' title='bbox 1342 2259 1475 2302; x_wconf 85' lang='lat' dir='ltr'><strong>COS.</strong></span> <span class='ocrx_word' id='word_1_278' title='bbox 1513 2261 1686 2303; x_wconf 85' lang='lat' dir='ltr'><strong>TERT.</strong></span> 
     </span>
     <span class='ocr_line' id='line_1_31' title="bbox 138 2330 1687 2388; baseline 0.001 -15"><span class='ocrx_word' id='word_1_279' title='bbox 138 2330 300 2374; x_wconf 88' lang='lat' dir='ltr'><strong>DlCT.</strong></span> <span class='ocrx_word' id='word_1_280' title='bbox 334 2331 492 2374; x_wconf 82' lang='lat' dir='ltr'><strong>ITER.</strong></span> <span class='ocrx_word' id='word_1_281' title='bbox 550 2332 645 2374; x_wconf 93' lang='lat' dir='ltr'><strong>Hos</strong></span> <span class='ocrx_word' id='word_1_282' title='bbox 684 2347 876 2388; x_wconf 84' lang='lat' dir='ltr'><strong>pugnare</strong></span> <span class='ocrx_word' id='word_1_283' title='bbox 919 2347 1018 2374; x_wconf 88' lang='lat' dir='ltr'><strong>cum</strong></span> <span class='ocrx_word' id='word_1_284' title='bbox 1050 2332 1172 2374; x_wconf 85' lang='lat' dir='ltr'><strong>fastis</strong></span> <span class='ocrx_word' id='word_1_285' title='bbox 1205 2331 1459 2388; x_wconf 86' lang='lat' dir='ltr'><strong>Capitolinis</strong></span> <span class='ocrx_word' id='word_1_286' title='bbox 1498 2340 1687 2388; x_wconf 86' lang='lat' dir='ltr'><strong>apparet,</strong></span> 
     </span>
     <span class='ocr_line' id='line_1_32' title="bbox 137 2403 1688 2460; baseline 0.001 -15"><span class='ocrx_word' id='word_1_287' title='bbox 137 2404 182 2445; x_wconf 91' lang='lat' dir='ltr'><strong>in</strong></span> <span class='ocrx_word' id='word_1_288' title='bbox 211 2403 367 2458; x_wconf 89' lang='lat' dir='ltr'><strong>quibus</strong></span> <span class='ocrx_word' id='word_1_289' title='bbox 405 2411 630 2459; x_wconf 90' lang='lat' dir='ltr'><strong>postquam</strong></span> <span class='ocrx_word' id='word_1_290' title='bbox 660 2404 836 2446; x_wconf 88' lang='lat' dir='ltr'><strong>alteram</strong></span> <span class='ocrx_word' id='word_1_291' title='bbox 867 2404 1124 2446; x_wconf 89' lang='lat' dir='ltr'><strong>dictaturam</strong></span> <span class='ocrx_word' id='word_1_292' title='bbox 1154 2404 1376 2460; x_wconf 87' lang='lat' dir='ltr'><strong>deposuit,</strong></span> <span class='ocrx_word' id='word_1_293' title='bbox 1418 2404 1688 2446; x_wconf 86' lang='lat' dir='ltr'><strong>consulatum</strong></span> 
     </span>
     <span class='ocr_line' id='line_1_33' title="bbox 139 2475 1687 2531; baseline 0.001 -15"><span class='ocrx_word' id='word_1_294' title='bbox 139 2475 311 2517; x_wconf 90' lang='lat' dir='ltr'><strong>tertium</strong></span> <span class='ocrx_word' id='word_1_295' title='bbox 333 2475 465 2518; x_wconf 90' lang='lat' dir='ltr'><strong>inisse</strong></span> <span class='ocrx_word' id='word_1_296' title='bbox 491 2484 533 2517; x_wconf 90' lang='lat' dir='ltr'><strong>et</strong></span> <span class='ocrx_word' id='word_1_297' title='bbox 558 2484 657 2531; x_wconf 88' lang='lat' dir='ltr'><strong>post</strong></span> <span class='ocrx_word' id='word_1_298' title='bbox 685 2476 953 2518; x_wconf 89' lang='lat' dir='ltr'><strong>consulatum</strong></span> <span class='ocrx_word' id='word_1_299' title='bbox 982 2476 1154 2518; x_wconf 89' lang='lat' dir='ltr'><strong>tertium</strong></span> <span class='ocrx_word' id='word_1_300' title='bbox 1184 2476 1307 2518; x_wconf 83' lang='lat' dir='ltr'><strong>tertia</strong></span> <span class='ocrx_word' id='word_1_301' title='bbox 1333 2475 1544 2518; x_wconf 87' lang='lat' dir='ltr'><strong>dictatura</strong></span> <span class='ocrx_word' id='word_1_302' title='bbox 1571 2491 1687 2518; x_wconf 88' lang='lat' dir='ltr'><strong>com-</strong></span> 
     </span>
     <span class='ocr_line' id='line_1_34' title="bbox 136 2546 1686 2601; baseline -0.001 -11"><span class='ocrx_word' id='word_1_303' title='bbox 136 2554 410 2590; x_wconf 87' lang='lat' dir='ltr'><strong>memoratur.</strong></span> <span class='ocrx_word' id='word_1_304' title='bbox 468 2546 615 2601; x_wconf 81' lang='lat' dir='ltr'><strong>Quare</strong></span> <span class='ocrx_word' id='word_1_305' title='bbox 643 2555 691 2590; x_wconf 92' lang='lat' dir='ltr'><strong>ut</strong></span> <span class='ocrx_word' id='word_1_306' title='bbox 719 2548 824 2590; x_wconf 91' lang='lat' dir='ltr'><strong>haec</strong></span> <span class='ocrx_word' id='word_1_307' title='bbox 850 2548 962 2590; x_wconf 92' lang='lat' dir='ltr'><strong>inter</strong></span> <span class='ocrx_word' id='word_1_308' title='bbox 996 2562 1040 2589; x_wconf 91' lang='lat' dir='ltr'><strong>se</strong></span> <span class='ocrx_word' id='word_1_309' title='bbox 1071 2547 1331 2596; x_wconf 87' lang='lat' dir='ltr'><strong>conciliaret,</strong></span> <span class='ocrx_word' id='word_1_310' title='bbox 1372 2547 1474 2589; x_wconf 91' lang='lat' dir='ltr'><strong>olim</strong></span> <span class='ocrx_word' id='word_1_311' title='bbox 1505 2547 1686 2589; x_wconf 88' lang='lat' dir='ltr'><strong>Eckhel.</strong></span> 
     </span>
     <span class='ocr_line' id='line_1_35' title="bbox 141 2617 1688 2677; baseline -0.001 -17"><span class='ocrx_word' id='word_1_312' title='bbox 141 2617 206 2660; x_wconf 95' lang='lat' dir='ltr'><strong>VI</strong></span> <span class='ocrx_word' id='word_1_313' title='bbox 242 2633 283 2673; x_wconf 89' lang='lat' dir='ltr'><strong>p.</strong></span> <span class='ocrx_word' id='word_1_314' title='bbox 315 2619 362 2660; x_wconf 84' lang='lat'><strong>15</strong></span> <span class='ocrx_word' id='word_1_315' title='bbox 401 2619 509 2660; x_wconf 88' lang='lat' dir='ltr'><strong>illud</strong></span> <span class='ocrx_word' id='word_1_316' title='bbox 545 2619 731 2670; x_wconf 87' lang='lat' dir='ltr'><strong>invenit,</strong></span> <span class='ocrx_word' id='word_1_317' title='bbox 771 2628 819 2662; x_wconf 90' lang='lat' dir='ltr'><strong>ut</strong></span> <span class='ocrx_word' id='word_1_318' title='bbox 850 2621 1033 2677; x_wconf 88' lang='lat' dir='ltr'><strong>primam</strong></span> <span class='ocrx_word' id='word_1_319' title='bbox 1063 2617 1262 2661; x_wconf 88' lang='lat' dir='ltr'><strong>Caesaris</strong></span> <span class='ocrx_word' id='word_1_320' title='bbox 1293 2618 1549 2660; x_wconf 82' lang='lat' dir='ltr'><strong>dictaturam</strong></span> <span class='ocrx_word' id='word_1_321' title='bbox 1578 2633 1688 2660; x_wconf 85' lang='lat' dir='ltr'><strong>anno</strong></span> 
     </span>
     <span class='ocr_line' id='line_1_36' title="bbox 143 2689 1687 2747; baseline -0.001 -15"><span class='ocrx_word' id='word_1_322' title='bbox 143 2689 194 2732; x_wconf 81' lang='lat'><strong>49</strong></span> <span class='ocrx_word' id='word_1_323' title='bbox 228 2705 305 2745; x_wconf 92' lang='lat' dir='ltr'><strong>per</strong></span> <span class='ocrx_word' id='word_1_324' title='bbox 332 2690 534 2733; x_wconf 89' lang='lat' dir='ltr'><strong>undecim</strong></span> <span class='ocrx_word' id='word_1_325' title='bbox 564 2691 657 2734; x_wconf 90' lang='lat' dir='ltr'><strong>dies</strong></span> <span class='ocrx_word' id='word_1_326' title='bbox 688 2698 854 2747; x_wconf 88' lang='lat' dir='ltr'><strong>gestam</strong></span> <span class='ocrx_word' id='word_1_327' title='bbox 883 2693 928 2735; x_wconf 89' lang='lat' dir='ltr'><strong>in</strong></span> <span class='ocrx_word' id='word_1_328' title='bbox 957 2691 1143 2733; x_wconf 89' lang='lat' dir='ltr'><strong>nummis</strong></span> <span class='ocrx_word' id='word_1_329' title='bbox 1174 2690 1387 2732; x_wconf 86' lang='lat' dir='ltr'><strong>numerari</strong></span> <span class='ocrx_word' id='word_1_330' title='bbox 1417 2697 1595 2746; x_wconf 89' lang='lat' dir='ltr'><strong>negaret</strong></span> <span class='ocrx_word' id='word_1_331' title='bbox 1626 2690 1687 2732; x_wconf 86' lang='lat' dir='ltr'><strong>al-</strong></span> 
     </span>
     <span class='ocr_line' id='line_1_37' title="bbox 141 2761 1686 2819; baseline 0.001 -17"><span class='ocrx_word' id='word_1_332' title='bbox 141 2768 359 2816; x_wconf 89' lang='lat' dir='ltr'><strong>teramque</strong></span> <span class='ocrx_word' id='word_1_333' title='bbox 389 2761 665 2812; x_wconf 86' lang='lat' dir='ltr'><strong>dictaturam,</strong></span> <span class='ocrx_word' id='word_1_334' title='bbox 702 2778 812 2818; x_wconf 89' lang='lat' dir='ltr'><strong>quae</strong></span> <span class='ocrx_word' id='word_1_335' title='bbox 839 2764 883 2806; x_wconf 92' lang='lat' dir='ltr'><strong>in</strong></span> <span class='ocrx_word' id='word_1_336' title='bbox 910 2764 962 2807; x_wconf 89' lang='lat' dir='ltr'><strong>iis</strong></span> <span class='ocrx_word' id='word_1_337' title='bbox 987 2763 1219 2819; x_wconf 88' lang='lat' dir='ltr'><strong>reperitur,</strong></span> <span class='ocrx_word' id='word_1_338' title='bbox 1259 2776 1352 2804; x_wconf 89' lang='lat' dir='ltr'><strong>eam</strong></span> <span class='ocrx_word' id='word_1_339' title='bbox 1381 2775 1476 2804; x_wconf 89' lang='lat' dir='ltr'><strong>esse</strong></span> <span class='ocrx_word' id='word_1_340' title='bbox 1509 2761 1686 2812; x_wconf 85' lang='lat' dir='ltr'><strong>diceret,</strong></span> 
     </span>
     <span class='ocr_line' id='line_1_38' title="bbox 143 2832 1686 2892; baseline 0.001 -18"><span class='ocrx_word' id='word_1_341' title='bbox 143 2847 252 2887; x_wconf 89' lang='lat' dir='ltr'><strong>quae</strong></span> <span class='ocrx_word' id='word_1_342' title='bbox 275 2832 407 2888; x_wconf 81' lang='lat' dir='ltr'><strong>vulgo</strong></span> <span class='ocrx_word' id='word_1_343' title='bbox 426 2833 711 2888; x_wconf 84' lang='lat' dir='ltr'><strong>appellaretur</strong></span> <span class='ocrx_word' id='word_1_344' title='bbox 734 2835 871 2878; x_wconf 88' lang='lat' dir='ltr'><strong>tertia.</strong></span> <span class='ocrx_word' id='word_1_345' title='bbox 911 2834 1012 2889; x_wconf 81' lang='lat' dir='ltr'><strong>Qua</strong></span> <span class='ocrx_word' id='word_1_346' title='bbox 1032 2834 1231 2892; x_wconf 89' lang='lat' dir='ltr'><strong>opinione</strong></span> <span class='ocrx_word' id='word_1_347' title='bbox 1252 2833 1431 2890; x_wconf 85' lang='lat' dir='ltr'><strong>probata</strong></span> <span class='ocrx_word' id='word_1_348' title='bbox 1446 2833 1686 2876; x_wconf 84' lang='lat' dir='ltr'><strong>Drumann.</strong></span> 
     </span>
    </p>
   </div>
  </div>
 </body>
</html>
