1846 3100
226 150 307 194 338
648 152 703 184 De
728 152 976 194 propagatione
1001 152 1148 184 civitatis
1174 152 1359 184 Romanae.

225 261 422 304 instituta
450 260 705 304 referentem
745 274 830 301 non
869 258 1003 302 dubia
1033 259 1222 314 vestigia
1248 258 1528 315 reperiantur,
1558 265 1774 303 auctorem

225 349 320 376 esse
363 333 616 388 Augustum
655 332 950 387 originemque
990 331 1127 373 fuisse
1167 331 1290 381 hanc,
1323 338 1372 372 ut
1409 331 1572 374 colonis
1599 331 1774 381 Italicis,

225 406 299 462 qui
337 413 456 448 extra
492 405 659 447 Italiam
701 404 1039 453 deducerentur,
1073 403 1259 459 primum
1299 403 1496 454 daretur,
1529 404 1630 446 item
1666 403 1774 446 illud

223 477 528 534 intelligemus,
557 476 594 519 si
621 477 694 532 qui
723 476 840 518 cives
870 475 1066 524 Romani,
1095 475 1169 530 qui
1201 475 1270 518 ius
1301 475 1510 518 honorum
1541 476 1774 531 antiquitus

224 550 443 599 haberent,
476 549 521 590 in
549 548 780 604 provinciis
811 548 1136 597 collocarentur,
1165 547 1218 589 iis
1246 548 1291 590 id
1319 563 1404 590 non
1431 548 1624 605 potuisse
1654 547 1774 604 eripi,

224 622 475 678 praesertim
507 637 606 663 cum
637 621 692 664 ad
718 620 972 677 dignitatem
1001 621 1105 670 fere,
1133 619 1187 661 ad
1206 621 1431 664 utilitatem
1451 621 1627 676 quidem
1646 620 1774 676 longe

226 695 368 737 minus
404 709 532 750 quam
571 693 829 750 immunitas,
869 708 997 748 quam
1030 707 1277 735 concessam
1309 708 1403 735 esse
1437 699 1614 743 constat,
1645 692 1775 749 perti-

227 774 360 811 neret.
408 766 554 820 Quare
583 764 934 822 Philippensibus
964 773 1005 808 et
1037 764 1435 808 Cassandrensibus
1469 772 1510 807 et
1536 764 1775 807 Diensibus

225 847 267 882 et
293 838 510 882 nonnullis
538 838 632 880 aliis
663 837 854 887 coloniis,
883 838 926 879 in
957 853 1063 893 quas
1085 838 1223 880 coloni
1246 854 1299 880 ex
1323 838 1448 880 Italia
1467 837 1643 880 deducti
1661 844 1775 886 sunt,

225 911 277 954 ab
307 912 402 967 ipso
434 911 552 952 initio
577 925 676 952 cum
703 909 970 951 immunitate
998 918 1039 952 et
1067 911 1261 953 libertate
1279 910 1362 952 hoc
1379 924 1547 966 quoque
1565 909 1774 952 honorum

223 984 292 1027 ius
320 984 390 1026 vel
415 983 679 1038 impertitum
708 982 778 1024 vel
807 981 1006 1024 relictum
1035 998 1130 1025 esse
1158 983 1428 1032 arbitramur,
1456 982 1557 1024 item
1587 981 1774 1038 Lugdu-

224 1055 446 1105 nensibus,
477 1071 586 1111 quos
617 1055 783 1110 origine
813 1069 913 1096 vere
931 1054 1126 1097 Romana
1153 1056 1288 1097 fuisse
1315 1054 1526 1105 diximus3
1551 1054 1774 1097 *Viennen-

226 1145 294 1172 ses
322 1129 511 1184 quidem,
543 1128 615 1183 qui
650 1127 916 1169 extrinsecus
959 1127 1014 1168 ad
1053 1127 1264 1170 civitatem
1299 1127 1533 1169 Romanam
1567 1142 1774 1183 pervene-

223 1209 331 1252 rant,
364 1208 512 1256 postea
539 1215 588 1242 eo
620 1200 800 1241 donatos
830 1214 925 1241 esse
952 1199 1155 1241 vidimus.
1194 1199 1466 1254 Quamquam
1490 1213 1543 1240 ex
1571 1199 1638 1250 iis,
1665 1214 1774 1255 quae

225 1273 558 1330 disputavimus,
592 1287 684 1314 eam
718 1271 849 1313 huius
881 1271 988 1312 iuris
1017 1282 1211 1314 naturam
1242 1272 1378 1314 fuisse
1409 1279 1598 1327 apparet,
1622 1279 1670 1313 ut
1690 1286 1774 1314 non

224 1345 467 1388 necessario
505 1360 602 1387 cum
643 1343 911 1386 immunitate
950 1358 999 1385 ac
1040 1344 1234 1386 libertate
1273 1343 1626 1400 coniungeretur;
1661 1351 1773 1386 certe

224 1418 338 1460 enim
375 1418 650 1474 imperatores
695 1431 792 1477 cum
842 1414 1008 1458 Galliae
1046 1416 1340 1466 Narbonensi,
1387 1431 1482 1458 cum
1519 1416 1773 1458 Aeduorum

222 1490 505 1546 principibus,
552 1505 648 1532 cum
692 1488 868 1543 reliquis
913 1487 1117 1545 deinceps
1152 1488 1488 1545 provincialibus
1529 1488 1773 1531 hominibus

223 1562 434 1604 honorum
470 1577 645 1604 cursum
685 1561 994 1617 patefacerent,
1033 1576 1170 1615 neque
1207 1561 1416 1603 aerarium
1454 1575 1593 1616 neque
1621 1560 1774 1602 fiscum

224 1634 377 1676 damno
409 1634 520 1676 affici
551 1635 805 1684 voluerunt3
839 1634 914 1676 sed
943 1634 1002 1675 ita
1031 1640 1121 1674 erat
1152 1641 1458 1688 comparatum,
1487 1639 1536 1674 ut
1563 1627 1674 1687 quae
1701 1647 1775 1674 ur-

223 1706 299 1750 bes
327 1707 434 1748 iuris
460 1706 599 1748 Italici
625 1714 781 1756 essent,
813 1707 986 1748 eaedem
1017 1706 1086 1747 ius
1114 1705 1324 1747 honorum
1343 1705 1561 1754 haberent,
1580 1704 1655 1747 sed
1674 1718 1775 1754 non,

223 1794 332 1834 quae
363 1779 574 1821 honorum
604 1779 687 1829 ius,
716 1779 892 1821 eaedem
921 1778 1231 1820 immunitatem
1257 1793 1308 1820 ac
1333 1778 1586 1820 libertatem.
1629 1777 1774 1832 Atque

223 1852 419 1908 Augusti
452 1851 626 1907 quidem
659 1859 808 1902 aetate,
844 1865 942 1893 cum
970 1865 1050 1892 nec
1079 1865 1207 1892 onera
1243 1850 1414 1906 publica
1443 1849 1570 1892 nimis
1596 1849 1776 1891 molesta

225 1931 369 1967 essent
405 1931 446 1966 et
489 1923 700 1966 senatoria
735 1923 923 1979 dignitas
954 1937 1109 1976 magna
1145 1937 1240 1964 esse
1278 1922 1510 1972 videretur,
1539 1921 1656 1963 haud
1687 1921 1774 1964 scio

224 2012 278 2038 an
307 1996 399 2038 fieri
427 1995 629 2052 potuerit,
659 2002 708 2037 ut
738 1995 812 2050 qui
842 2002 1033 2037 carentes
1058 1994 1322 2036 immunitate
1352 2001 1393 2035 et
1416 1993 1611 2036 libertate
1636 1993 1772 2035 hono-

223 2083 320 2110 rum
360 2076 501 2110 tamen
539 2068 607 2109 ius
649 2067 869 2117 haberent,
907 2066 1055 2108 Italiae
1090 2067 1160 2108 ius
1193 2065 1350 2108 habere
1383 2065 1640 2108 dicerentur.
1696 2063 1772 2107 Sic

223 2140 390 2196 explico
432 2140 546 2195 quod
578 2139 746 2181 Plinius
787 2147 872 2181 nat.
905 2139 1004 2181 hist.
1036 2139 1117 2189 ΙΙΙ,
1149 2139 1201 2181 25
1235 2139 1280 2180 in
1309 2138 1522 2193 Hispania
1552 2137 1770 2180 Accitanis

223 2219 267 2254 et
294 2211 581 2261 Libisosanis,
611 2227 720 2267 quos
748 2226 887 2267 neque
914 2212 1127 2253 immunes
1156 2226 1294 2266 neque
1318 2211 1476 2253 liberos
1497 2210 1632 2252 fuisse
1653 2223 1770 2251 com·

224 2284 428 2340 perimus,
461 2284 530 2325 ius
556 2283 705 2326 Italiae
735 2283 884 2326 tribuit
914 2291 955 2325 et
984 2285 1100 2338 quod
1124 2284 1206 2334 ΙΙΙ,
1237 2283 1313 2326 139
1342 2283 1634 2325 Liburnorum
1661 2295 1770 2336 quo-

224 2356 413 2398 rundum
443 2357 512 2398 ius
541 2356 738 2398 Italicum
766 2364 1091 2398 commemorat:
1120 2363 1302 2410 utroque
1331 2356 1423 2397 loco
1453 2355 1535 2396 hoc
1563 2353 1770 2395 honorum

223 2428 292 2470 ius
321 2435 425 2470 tunc
451 2428 599 2470 Italiae
630 2428 851 2485 proprium
881 2429 1011 2470 latere
1033 2428 1243 2470 existimo.
1290 2427 1446 2470 Postea
1469 2425 1644 2481 quidem
1670 2439 1771 2481 pro-

225 2507 382 2556 pagato
413 2515 487 2556 per
512 2507 646 2542 totum
676 2500 904 2556 imperium
922 2501 1015 2542 iure
1035 2500 1242 2542 honorum
1270 2500 1376 2542 haec
1393 2513 1490 2556 pars
1509 2496 1615 2541 iuris
1631 2497 1770 2540 Italici

220 2572 366 2628 periit,
389 2587 528 2628 neque
553 2573 831 2629 praetermitti
856 2588 947 2615 eam
974 2573 1027 2615 ab
1051 2572 1352 2614 iureconsultis
1377 2571 1521 2613 mirari
1548 2570 1769 2613 debemus.

335 2643 424 2687 Sed
452 2645 557 2688 haec
586 2645 639 2687 de
670 2646 764 2687 iure
801 2645 950 2687 Italico
982 2645 1227 2687 coniectura
1257 2653 1322 2687 est
1351 2647 1508 2700 (neque
1539 2643 1651 2685 enim
1677 2641 1769 2684 dis-

221 2717 472 2760 simulamus
508 2733 647 2773 neque
684 2718 802 2774 quod
839 2717 968 2760 rebus
1006 2717 1289 2759 demonstrari
1327 2732 1411 2759 non
1443 2721 1592 2772 potest,
1623 2713 1766 2757 verbis

220 2788 555 2844 confirmamus),
585 2805 714 2845 quam
740 2790 838 2832 ideo
871 2789 975 2831 viris
1005 2789 1143 2831 doctis
1173 2789 1494 2846 proponendam
1520 2802 1615 2830 esse
1644 2792 1767 2842 puta-

219 2860 375 2912 vimus,
405 2869 454 2903 ut
483 2862 734 2919 diligentius
766 2878 859 2905 eam
892 2861 1134 2905 examinent
1166 2876 1216 2904 ac
1245 2877 1350 2904 num
1378 2861 1486 2904 forte
1514 2859 1608 2902 aliis
1635 2872 1767 2914 argu-
