1846 3100
549 166 602 199 De
627 167 800 201 dictatoris
826 167 983 202 Caesaris
1008 169 1206 204 honoribus.
1567 169 1649 213 243

105 273 202 316 bell.
233 275 313 317 civ.
339 275 426 326 III,
460 276 556 330 101)
593 276 683 326 alii,
726 291 907 332 quorum
946 278 1147 321 memoria
1183 278 1385 323 incertior
1427 281 1649 336 reperitur.

105 344 370 399 Quaestores
409 355 551 390 autem
588 348 722 390 fuisse
759 349 986 392 traduntur
1022 351 1084 393 M.
1114 351 1348 395 Marcellus
1379 351 1649 396 Aeserninus

104 417 212 471 (Dio
235 418 384 469 XLII,
415 420 499 476 15),
529 418 580 462 C.
607 420 846 463 Plaetorius
877 421 996 474 (bell.
1024 422 1150 465 Alex.
1169 424 1256 478 34),
1287 422 1516 468 Cornelius
1532 426 1650 468 Len-

103 490 220 533 tulus
249 491 528 535 Marcellinus
558 491 704 550 (Caes.
729 492 827 535 bell.
857 493 938 535 ciV.
966 494 1047 543 ΙΙΙ,
1079 496 1174 551 62),
1205 496 1272 538 Ti.
1293 494 1505 540 Claudius
1534 498 1649 541 Nero

103 561 245 619 (Suet.
276 562 373 606 Tib.
405 563 464 618 4).
529 563 598 606 De
640 564 850 608 aedilibus
888 566 1006 608 nulla
1045 576 1241 623 superest
1280 577 1396 612 certa
1430 571 1648 622 memoria,

101 649 182 677 nec
211 635 346 692 magis
377 635 431 678 de
459 635 643 679 tribunis
672 637 832 693 plebis,
873 638 949 680 sed
981 654 1074 681 esse
1104 647 1243 682 tamen
1275 650 1438 685 creatos
1470 650 1647 686 constat.

103 706 232 749 Anno
271 715 413 750 autem
451 711 501 754 47
546 709 720 751 ineunte
759 709 867 751 nulli
908 725 1087 766 prorsus
1135 714 1410 770 magistratus
1454 716 1499 757 in
1540 716 1649 759 urbe

102 787 244 830 erant,
286 795 366 823 nec
403 781 601 823 consules
642 796 722 823 nec
761 790 977 838 praetores
1019 798 1098 826 nec
1132 785 1292 828 aediles
1330 789 1501 831 curules
1535 789 1643 846 (Dio

101 851 251 902 XLII,
276 852 371 907 27);
402 853 480 896 soli
507 853 669 895 tribuni
697 860 738 895 et
763 853 923 896 aediles
953 854 1106 910 plebeii
1133 859 1375 901 necessario
1402 860 1502 902 facti
1529 863 1649 903 erant

101 931 229 980 atque
258 939 283 966 a
310 925 441 967 Dion.
468 926 618 976 XLII,
650 926 703 968 29
732 933 773 968 et
798 925 850 968 30
878 938 1274 972 commemorantur.
1335 932 1424 974 Sed
1453 932 1534 975 hoc
1565 933 1647 975 du-

101 995 226 1038 bitari
257 1005 409 1054 potest,
439 1013 492 1040 an
519 1005 615 1054 post
642 998 825 1040 reditum
857 996 1056 1042 Caesaris
1091 1017 1236 1044 mense
1265 1002 1446 1046 Octobri
1477 1005 1648 1047 comitia

101 1069 193 1112 eius
228 1069 364 1126 ipsius
402 1070 501 1112 anni
534 1070 679 1112 habita
708 1086 787 1113 nec
817 1071 959 1113 minus
992 1081 1231 1128 praetores,
1269 1075 1429 1118 aediles
1460 1078 1645 1128 curules,

99 1149 346 1197 quaestores
375 1142 476 1185 facti
505 1142 588 1184 sint
613 1159 740 1198 quam
773 1145 970 1187 consules
997 1146 1133 1189 factos
1165 1163 1259 1190 esse
1286 1163 1416 1205 supra
1444 1150 1646 1206 exposui-

100 1229 209 1257 mus.
255 1216 322 1258 Ac
352 1223 494 1258 narrat
524 1216 610 1258 Dio
634 1216 785 1266 XLII,
817 1217 866 1258 51
904 1221 982 1258 τῶν
1014 1224 1348 1276 προςεταιριστῶν
1379 1225 1456 1262 τῶν
1489 1238 1531 1263 τε
1560 1238 1644 1263 συν-

100 1292 330 1342 αγωνιστῶν
373 1289 466 1334 τοὺς
505 1290 576 1343 μὲν
617 1290 838 1345 βουλευτὰς
878 1291 1115 1345 ἱερωσύναις
1145 1307 1188 1332 τε
1217 1293 1283 1333 καὶ
1314 1293 1461 1349 ἀρχαῖς
1488 1297 1573 1339 ταῖς
1602 1310 1645 1335 τε

100 1359 140 1404 ἐς
160 1361 226 1400 τὸν
255 1362 395 1402 λοιπὸν
424 1365 495 1402 τοῦ
531 1360 646 1406 ἔτους
673 1363 828 1403 ἐκείνου
858 1363 1004 1419 χρόνον
1036 1364 1102 1404 καὶ
1133 1367 1214 1408 τοῖς
1247 1363 1287 1409 ἐς
1314 1364 1446 1407 νέωτα
1477 1368 1644 1423 ἀνηρτή-

101 1447 212 1473 σατο.
272 1430 541 1488 Quamquam
571 1449 696 1475 nemo
724 1435 796 1490 qui
828 1435 1124 1491 magistratum
1154 1443 1256 1478 tunc
1283 1438 1479 1491 gesserit,
1507 1440 1645 1481 nomi-

97 1505 189 1546 nari
219 1512 380 1560 potest3
416 1505 628 1560 siquidem
658 1507 782 1548 etiam
815 1504 864 1549 C.
887 1506 1119 1550 Sallustius
1142 1506 1338 1563 Crispus,
1370 1509 1423 1551 de
1454 1525 1539 1565 quo
1558 1512 1644 1554 Dio

95 1575 253 1626 XLII,
291 1577 345 1619 52
385 1587 548 1628 narrat,
591 1587 735 1620 utrum
772 1579 853 1621 hoc
890 1595 942 1621 an
977 1579 1218 1635 insequenti
1257 1595 1367 1622 anno
1403 1590 1644 1637 praeturam

97 1648 295 1690 habuerit
318 1649 527 1691 incertum
548 1650 720 1692 videtur
739 1666 847 1693 esse.
894 1649 962 1693 Cf.
989 1651 1087 1694 bell.
1108 1652 1243 1695 Afric.
1271 1668 1307 1695 c.
1324 1653 1362 1696 8.
1412 1653 1463 1695 In
1485 1669 1645 1697 annum

99 1720 150 1763 46
181 1736 217 1762 a.
246 1719 348 1762 Chr.
377 1721 456 1762 rite
489 1722 656 1764 comitia
681 1722 826 1765 habita
855 1730 955 1765 sunt
982 1723 1120 1779 priore
1153 1741 1264 1767 anno
1297 1731 1501 1775 exeunte,
1545 1741 1643 1768 cum

97 1792 244 1835 decem
286 1792 472 1848 primum
508 1802 724 1849 praetores
763 1794 863 1836 fact-i
901 1803 1000 1837 sunt
1036 1795 1143 1848 (Dio
1171 1796 1332 1847 XLII,
1361 1796 1456 1851 51),
1498 1813 1567 1848 ac,
1607 1799 1643 1841 si

97 1872 337 1920 praetores,
370 1872 483 1907 certe
513 1866 638 1908 etiam
669 1866 828 1909 aediles
859 1867 1029 1909 curules
1063 1875 1104 1909 et
1133 1876 1392 1922 quaestores.
1453 1870 1513 1910 At
1544 1885 1643 1912 cum

98 1939 291 1979 confecto
329 1937 440 1979 bello
474 1938 680 1981 Africano
714 1937 875 1981 Caesar
910 1938 954 1979 in
990 1932 1245 1996 Hispaniam
1286 1940 1642 1995 proficisceretur,

98 2009 186 2050 Dio
202 2009 373 2060 XLIII,
395 2010 448 2053 28
479 2011 539 2053 sic
559 2011 707 2052 tradit:
738 2010 852 2052 Ἐπεὶ
881 2012 926 2052 δὲ
956 2010 1108 2067 ᾔσθετο
1144 2012 1296 2053 ἐκεῖνόν
1320 2028 1362 2053 τε
1388 2013 1435 2070 (i.
1456 2028 1492 2055 e.
1511 2014 1643 2056 Pom-

96 2081 261 2138 peium)
294 2082 357 2122 ἐπὶ
388 2082 490 2136 μέγα
520 2087 816 2139 προχωροῦντα
849 2084 916 2124 καὶ
949 2083 1042 2127 τοὺς
1071 2084 1331 2138 πεμφθέντας
1369 2085 1447 2141 οὐχ
1483 2086 1644 2131 ἱκανοὺς

98 2155 378 2208 ἀντιπολεμεῖν
418 2152 527 2209 αὐτῷ
566 2154 704 2204 ὄντας,
748 2155 855 2195 οὕτω
893 2155 940 2209 δὴ
975 2156 1041 2196 καὶ
1077 2155 1197 2199 αὐτὸς
1232 2155 1538 2211 ἐξεστράτευσεν
1571 2158 1640 2212 τὴν

98 2224 214 2266 πόλιν
245 2228 301 2280 τῷ
331 2225 493 2280 Λεπίδῳ
523 2226 589 2267 καὶ
617 2225 883 2280 πολιανόμοις
911 2227 1007 2267 τισὶν
1036 2227 1155 2277 ὀκτὼ,
1187 2228 1242 2271 ὥς
1271 2243 1346 2268 τισι
1378 2229 1503 2279 δοκεῖ,
1533 2230 1557 2284 ἢ
1585 2230 1642 2279 ἓΕ,

99 2298 155 2340 ὡς
194 2298 346 2350 μᾶλλον
384 2297 664 2345 πεπίστευται,
708 2297 938 2352 ἐπιτρέψας.
1006 2297 1130 2351 Quae
1170 2298 1302 2340 verba
1338 2299 1412 2354 qui
1445 2307 1642 2344 accurate

97 2367 465 2424 interpretabitur,
506 2368 588 2411 hoc
613 2368 823 2425 intelliget
848 2368 1036 2411 Dionem
1066 2370 1231 2420 dicere,
1264 2368 1493 2413 Caesarem
1526 2379 1641 2427 post-

98 2454 225 2495 quam
250 2440 401 2482 urbem
426 2439 593 2495 Lepido
621 2455 671 2482 ac
694 2441 920 2496 praefectis
950 2441 1174 2492 commisit,
1205 2442 1444 2497 profectum
1472 2458 1567 2485 esse
1596 2443 1641 2485 in

98 2511 374 2568 Hispaniam,
413 2512 654 2567 profectum
692 2519 834 2555 autem
872 2513 1009 2555 videri
1040 2513 1178 2555 Roma
1215 2528 1360 2555 mense
1393 2514 1641 2558 Intercalari

98 2583 238 2639 priore
270 2598 401 2639 supra
436 2583 726 2639 exposuimus.
782 2584 902 2638 Quid
933 2585 1096 2641 igitur?
1151 2584 1295 2638 Quam
1332 2600 1504 2628 causam
1545 2601 1641 2629 esse

100 2654 306 2705 dicemus,
336 2670 412 2698 cur
439 2653 620 2705 Caesar,
653 2656 850 2711 quamvis
882 2657 995 2699 soliti
1026 2671 1136 2698 anno
1163 2658 1215 2699 46
1246 2665 1389 2699 essent
1419 2658 1520 2700 facti
1550 2673 1640 2700 ma-

100 2725 326 2782 gistratus,
356 2734 572 2783 praetores
599 2734 642 2769 et
668 2727 827 2770 aediles
857 2735 899 2770 et
927 2736 1195 2784 quaestores,
1235 2737 1376 2770 tamen
1401 2730 1640 2785 praefectos

100 2797 242 2853 potius
273 2798 569 2841 constituerit?
620 2799 680 2842 Ut
710 2800 823 2842 enim
852 2801 1049 2857 opinione
1080 2816 1158 2842 sua
1188 2800 1370 2843 celerius
1397 2799 1549 2842 urbem
1572 2815 1641 2843 re-

48 2922 53 2930 ·
99 2868 272 2924 liquerit
299 2857 379 2913 nec
406 2878 575 2928 tempus
606 2872 875 2914 comitiorum
903 2872 949 2914 in
971 2888 1131 2915 annum
1156 2873 1450 2928 insequentem
1479 2871 1641 2915 haben-

1284 2945 1372 2988 16*
