<?xml version="1.0" encoding="UTF-8"?>
<!DOCTYPE html PUBLIC "-//W3C//DTD XHTML 1.0 Transitional//EN"
    "http://www.w3.org/TR/xhtml1/DTD/xhtml1-transitional.dtd">
<html xmlns="http://www.w3.org/1999/xhtml" xml:lang="en" lang="en">
 <head>
  <title>
</title>
<meta http-equiv="Content-Type" content="text/html;charset=utf-8" />
  <meta name='ocr-system' content='tesseract 3.04.00' />
  <meta name='ocr-capabilities' content='ocr_page ocr_carea ocr_par ocr_line ocrx_word'/>
</head>
<body>
  <div class='ocr_page' id='page_1' title='image "./studiaromanasive00zump_0032.png"; bbox 0 0 1846 3100; ppageno 0'>
   <div class='ocr_carea' id='block_1_1' title="bbox 172 165 1278 212">
    <p class='ocr_par' dir='ltr' id='par_1_1' title="bbox 172 165 1278 212">
     <span class='ocr_line' id='line_1_1' title="bbox 172 165 1278 212; baseline 0.003 -13"><span class='ocrx_word' id='word_1_1' title='bbox 172 165 226 210; x_wconf 81' lang='lat'>20</span> <span class='ocrx_word' id='word_1_2' title='bbox 613 168 668 200; x_wconf 87' lang='lat' dir='ltr'>De</span> <span class='ocrx_word' id='word_1_3' title='bbox 695 167 809 201; x_wconf 81' lang='lat' dir='ltr'>Gallia</span> <span class='ocrx_word' id='word_1_4' title='bbox 834 168 1067 201; x_wconf 81' lang='lat' dir='ltr'>Romanorum</span> <span class='ocrx_word' id='word_1_5' title='bbox 1094 169 1278 212; x_wconf 81' lang='lat' dir='ltr'>provincia.</span> 
     </span>
    </p>
   </div>
   <div class='ocr_carea' id='block_1_2' title="bbox 171 276 1723 2937">
    <p class='ocr_par' dir='ltr' id='par_1_2' title="bbox 175 276 1718 406">
     <span class='ocr_line' id='line_1_2' title="bbox 175 276 1718 334; baseline -0.001 -13"><span class='ocrx_word' id='word_1_6' title='bbox 175 285 356 334; x_wconf 82' lang='lat' dir='ltr'><strong>quatur,</strong></span> <span class='ocrx_word' id='word_1_7' title='bbox 401 278 513 319; x_wconf 87' lang='lat' dir='ltr'>infra</span> <span class='ocrx_word' id='word_1_8' title='bbox 550 292 603 319; x_wconf 89' lang='lat' dir='ltr'>ex</span> <span class='ocrx_word' id='word_1_9' title='bbox 642 277 892 319; x_wconf 80' lang='lat' dir='ltr'>certissimis</span> <span class='ocrx_word' id='word_1_10' title='bbox 923 276 1054 319; x_wconf 89' lang='lat' dir='ltr'>rebus</span> <span class='ocrx_word' id='word_1_11' title='bbox 1093 277 1211 319; x_wconf 89' lang='lat' dir='ltr'>aliud</span> <span class='ocrx_word' id='word_1_12' title='bbox 1239 284 1407 334; x_wconf 88' lang='lat' dir='ltr'>tempus</span> <span class='ocrx_word' id='word_1_13' title='bbox 1442 284 1568 333; x_wconf 89' lang='lat' dir='ltr'>atque</span> <span class='ocrx_word' id='word_1_14' title='bbox 1594 277 1718 320; x_wconf 87' lang='lat' dir='ltr'>aliam</span> 
     </span>
     <span class='ocr_line' id='line_1_3' title="bbox 176 349 1200 406; baseline -0.001 -13"><span class='ocrx_word' id='word_1_15' title='bbox 176 351 445 393; x_wconf 78' lang='lat' dir='ltr'>occasionem</span> <span class='ocrx_word' id='word_1_16' title='bbox 475 349 744 392; x_wconf 80' lang='lat' dir='ltr'>statuendam</span> <span class='ocrx_word' id='word_1_17' title='bbox 771 363 866 392; x_wconf 92' lang='lat' dir='ltr'>esse</span> <span class='ocrx_word' id='word_1_18' title='bbox 897 349 1200 406; x_wconf 79' lang='lat' dir='ltr'>intelligemus.</span> 
     </span>
    </p>

    <p class='ocr_par' dir='ltr' id='par_1_3' title="bbox 171 420 1723 2937">
     <span class='ocr_line' id='line_1_4' title="bbox 285 420 1721 467; baseline -0.001 -3"><span class='ocrx_word' id='word_1_19' title='bbox 285 423 459 464; x_wconf 85' lang='lat' dir='ltr'>Etenim</span> <span class='ocrx_word' id='word_1_20' title='bbox 500 437 611 465; x_wconf 87' lang='lat' dir='ltr'>anno</span> <span class='ocrx_word' id='word_1_21' title='bbox 654 422 731 464; x_wconf 74' lang='grc'>113</span> <span class='ocrx_word' id='word_1_22' title='bbox 768 421 928 464; x_wconf 90' lang='lat' dir='ltr'>nuntiis</span> <span class='ocrx_word' id='word_1_23' title='bbox 972 429 1013 464; x_wconf 88' lang='lat' dir='ltr'>et</span> <span class='ocrx_word' id='word_1_24' title='bbox 1053 422 1106 464; x_wconf 91' lang='lat' dir='ltr'>de</span> <span class='ocrx_word' id='word_1_25' title='bbox 1145 420 1418 467; x_wconf 87' lang='lat' dir='ltr'>Cimbrorum</span> <span class='ocrx_word' id='word_1_26' title='bbox 1455 422 1644 464; x_wconf 82' lang='lat' dir='ltr'>adventu</span> <span class='ocrx_word' id='word_1_27' title='bbox 1680 430 1721 464; x_wconf 89' lang='lat' dir='ltr'>et</span> 
     </span>
     <span class='ocr_line' id='line_1_5' title="bbox 173 493 1719 550; baseline -0.001 -14"><span class='ocrx_word' id='word_1_28' title='bbox 173 495 227 538; x_wconf 91' lang='lat' dir='ltr'>de</span> <span class='ocrx_word' id='word_1_29' title='bbox 253 495 471 538; x_wconf 83' lang='lat' dir='ltr'>Thracum</span> <span class='ocrx_word' id='word_1_30' title='bbox 500 495 766 550; x_wconf 88' lang='lat' dir='ltr'>aliorumque</span> <span class='ocrx_word' id='word_1_31' title='bbox 805 494 1062 550; x_wconf 91' lang='lat' dir='ltr'>populorum</span> <span class='ocrx_word' id='word_1_32' title='bbox 1094 494 1332 538; x_wconf 88' lang='lat' dir='ltr'>defectione</span> <span class='ocrx_word' id='word_1_33' title='bbox 1364 495 1406 537; x_wconf 90' lang='lat' dir='ltr'>in</span> <span class='ocrx_word' id='word_1_34' title='bbox 1443 493 1592 536; x_wconf 57' lang='lat' dir='ltr'>urbem</span> <span class='ocrx_word' id='word_1_35' title='bbox 1625 509 1719 550; x_wconf 85' lang='lat' dir='ltr'>per-</span> 
     </span>
     <span class='ocr_line' id='line_1_6' title="bbox 171 565 1720 621; baseline -0.001 -11"><span class='ocrx_word' id='word_1_36' title='bbox 171 568 268 610; x_wconf 88' lang='lat' dir='ltr'>latis</span> <span class='ocrx_word' id='word_1_37' title='bbox 296 568 515 610; x_wconf 90' lang='lat' dir='ltr'>decretum</span> <span class='ocrx_word' id='word_1_38' title='bbox 547 574 624 617; x_wconf 89' lang='lat' dir='ltr'>est,</span> <span class='ocrx_word' id='word_1_39' title='bbox 654 574 703 609; x_wconf 90' lang='lat' dir='ltr'>ut</span> <span class='ocrx_word' id='word_1_40' title='bbox 731 566 856 609; x_wconf 89' lang='lat' dir='ltr'>ambo</span> <span class='ocrx_word' id='word_1_41' title='bbox 885 581 970 609; x_wconf 92' lang='lat' dir='ltr'>cos.</span> <span class='ocrx_word' id='word_1_42' title='bbox 999 567 1044 608; x_wconf 92' lang='lat' dir='ltr'>in</span> <span class='ocrx_word' id='word_1_43' title='bbox 1061 567 1186 609; x_wconf 88' lang='lat' dir='ltr'>Italia</span> <span class='ocrx_word' id='word_1_44' title='bbox 1215 575 1435 610; x_wconf 89' lang='lat' dir='ltr'>manerent</span> <span class='ocrx_word' id='word_1_45' title='bbox 1462 565 1720 621; x_wconf 86' lang='lat' dir='ltr'>(Comment.</span> 
     </span>
     <span class='ocr_line' id='line_1_7' title="bbox 173 638 1722 698; baseline -0.002 -15"><span class='ocrx_word' id='word_1_46' title='bbox 173 641 394 698; x_wconf 86' lang='lat' dir='ltr'>epigraph.</span> <span class='ocrx_word' id='word_1_47' title='bbox 426 641 471 683; x_wconf 92' lang='lat' dir='ltr'>II</span> <span class='ocrx_word' id='word_1_48' title='bbox 508 656 550 697; x_wconf 91' lang='lat' dir='ltr'>p.</span> <span class='ocrx_word' id='word_1_49' title='bbox 581 640 653 683; x_wconf 93' lang='grc'>171</span> <span class='ocrx_word' id='word_1_50' title='bbox 671 644 701 692; x_wconf 92' lang='grc'>).</span> <span class='ocrx_word' id='word_1_51' title='bbox 765 638 873 682; x_wconf 90' lang='lat' dir='ltr'>Nam</span> <span class='ocrx_word' id='word_1_52' title='bbox 908 655 1058 695; x_wconf 90' lang='lat' dir='ltr'>parum</span> <span class='ocrx_word' id='word_1_53' title='bbox 1095 646 1210 682; x_wconf 91' lang='lat' dir='ltr'>recte</span> <span class='ocrx_word' id='word_1_54' title='bbox 1244 640 1427 696; x_wconf 86' lang='lat' dir='ltr'>Pighius</span> <span class='ocrx_word' id='word_1_55' title='bbox 1466 639 1622 682; x_wconf 90' lang='lat' dir='ltr'>Annal.</span> <span class='ocrx_word' id='word_1_56' title='bbox 1652 638 1722 681; x_wconf 86' lang='grc' dir='ltr'>ΙΙΙ</span> 
     </span>
     <span class='ocr_line' id='line_1_8' title="bbox 173 709 1721 770; baseline -0.002 -15"><span class='ocrx_word' id='word_1_57' title='bbox 173 729 214 770; x_wconf 87' lang='lat' dir='ltr'>p.</span> <span class='ocrx_word' id='word_1_58' title='bbox 248 713 326 757; x_wconf 82' lang='lat'>108</span> <span class='ocrx_word' id='word_1_59' title='bbox 356 711 407 756; x_wconf 89' lang='lat' dir='ltr'>C.</span> <span class='ocrx_word' id='word_1_60' title='bbox 434 713 611 756; x_wconf 89' lang='lat' dir='ltr'>Metello</span> <span class='ocrx_word' id='word_1_61' title='bbox 641 711 848 768; x_wconf 81' lang='lat' dir='ltr'>Caprario</span> <span class='ocrx_word' id='word_1_62' title='bbox 878 711 1190 762; x_wconf 90' lang='lat' dir='ltr'>Macedoniam,</span> <span class='ocrx_word' id='word_1_63' title='bbox 1222 711 1303 754; x_wconf 86' lang='lat' dir='ltr'>Cn.</span> <span class='ocrx_word' id='word_1_64' title='bbox 1332 712 1504 768; x_wconf 87' lang='lat' dir='ltr'>Papirio</span> <span class='ocrx_word' id='word_1_65' title='bbox 1533 709 1721 754; x_wconf 86' lang='lat' dir='ltr'>Carboni</span> 
     </span>
     <span class='ocr_line' id='line_1_9' title="bbox 172 783 1721 841; baseline -0.001 -14"><span class='ocrx_word' id='word_1_66' title='bbox 172 785 396 841; x_wconf 89' lang='lat' dir='ltr'>Illyricum</span> <span class='ocrx_word' id='word_1_67' title='bbox 423 786 620 828; x_wconf 88' lang='lat' dir='ltr'>evenisse</span> <span class='ocrx_word' id='word_1_68' title='bbox 651 784 862 841; x_wconf 84' lang='lat' dir='ltr'>opinatur,</span> <span class='ocrx_word' id='word_1_69' title='bbox 894 799 946 826; x_wconf 85' lang='lat' dir='ltr'>ex</span> <span class='ocrx_word' id='word_1_70' title='bbox 976 783 1134 839; x_wconf 90' lang='lat' dir='ltr'>quibus</span> <span class='ocrx_word' id='word_1_71' title='bbox 1152 784 1375 840; x_wconf 84' lang='lat' dir='ltr'>Illyricum</span> <span class='ocrx_word' id='word_1_72' title='bbox 1400 791 1503 826; x_wconf 87' lang='lat' dir='ltr'>tunc</span> <span class='ocrx_word' id='word_1_73' title='bbox 1529 784 1721 829; x_wconf 86' lang='lat' dir='ltr'>nondum</span> 
     </span>
     <span class='ocr_line' id='line_1_10' title="bbox 172 854 1722 915; baseline -0.002 -15"><span class='ocrx_word' id='word_1_74' title='bbox 172 858 308 900; x_wconf 89' lang='lat' dir='ltr'>fuisse</span> <span class='ocrx_word' id='word_1_75' title='bbox 338 858 603 915; x_wconf 90' lang='lat' dir='ltr'>provinciam</span> <span class='ocrx_word' id='word_1_76' title='bbox 644 863 833 908; x_wconf 85' lang='lat' dir='ltr'>constat,</span> <span class='ocrx_word' id='word_1_77' title='bbox 871 856 1170 899; x_wconf 88' lang='lat' dir='ltr'>Macedoniam</span> <span class='ocrx_word' id='word_1_78' title='bbox 1210 854 1415 913; x_wconf 85' lang='lat' dir='ltr'>Caprario</span> <span class='ocrx_word' id='word_1_79' title='bbox 1453 871 1536 898; x_wconf 92' lang='lat' dir='ltr'>non</span> <span class='ocrx_word' id='word_1_80' title='bbox 1578 855 1722 898; x_wconf 87' lang='lat' dir='ltr'>datam</span> 
     </span>
     <span class='ocr_line' id='line_1_11' title="bbox 173 927 1721 987; baseline -0.002 -15"><span class='ocrx_word' id='word_1_81' title='bbox 173 945 268 972; x_wconf 89' lang='lat' dir='ltr'>esse</span> <span class='ocrx_word' id='word_1_82' title='bbox 306 930 408 973; x_wconf 90' lang='lat' dir='ltr'>hine</span> <span class='ocrx_word' id='word_1_83' title='bbox 449 930 760 987; x_wconf 88' lang='lat' dir='ltr'>perspicimus,</span> <span class='ocrx_word' id='word_1_84' title='bbox 807 929 924 984; x_wconf 91' lang='lat' dir='ltr'>quod</span> <span class='ocrx_word' id='word_1_85' title='bbox 966 928 1158 971; x_wconf 84' lang='lat' dir='ltr'>barbaris</span> <span class='ocrx_word' id='word_1_86' title='bbox 1205 929 1329 971; x_wconf 90' lang='lat' dir='ltr'>victis</span> <span class='ocrx_word' id='word_1_87' title='bbox 1377 943 1523 970; x_wconf 88' lang='lat' dir='ltr'>mense</span> <span class='ocrx_word' id='word_1_88' title='bbox 1569 927 1721 970; x_wconf 87' lang='lat' dir='ltr'>Sextili</span> 
     </span>
     <span class='ocr_line' id='line_1_12' title="bbox 173 999 1721 1059; baseline -0.001 -15"><span class='ocrx_word' id='word_1_89' title='bbox 173 1003 459 1059; x_wconf 86' lang='lat' dir='ltr'>triumphasse</span> <span class='ocrx_word' id='word_1_90' title='bbox 488 1010 704 1053; x_wconf 80' lang='lat' dir='ltr'>narratur,</span> <span class='ocrx_word' id='word_1_91' title='bbox 734 1002 780 1044; x_wconf 93' lang='lat' dir='ltr'>id</span> <span class='ocrx_word' id='word_1_92' title='bbox 811 1001 951 1057; x_wconf 92' lang='lat' dir='ltr'>quod,</span> <span class='ocrx_word' id='word_1_93' title='bbox 991 1001 1027 1043; x_wconf 91' lang='lat' dir='ltr'>si</span> <span class='ocrx_word' id='word_1_94' title='bbox 1055 1001 1184 1043; x_wconf 85' lang='lat' dir='ltr'>ullam</span> <span class='ocrx_word' id='word_1_95' title='bbox 1214 1007 1431 1042; x_wconf 81' lang='lat' dir='ltr'>externam</span> <span class='ocrx_word' id='word_1_96' title='bbox 1458 999 1721 1056; x_wconf 89' lang='lat' dir='ltr'>provinciam</span> 
     </span>
     <span class='ocr_line' id='line_1_13' title="bbox 172 1072 1720 1132; baseline -0.001 -15"><span class='ocrx_word' id='word_1_97' title='bbox 172 1076 421 1132; x_wconf 85' lang='lat' dir='ltr'>accepisset,</span> <span class='ocrx_word' id='word_1_98' title='bbox 453 1075 545 1118; x_wconf 86' lang='lat' dir='ltr'>fieri</span> <span class='ocrx_word' id='word_1_99' title='bbox 577 1090 663 1117; x_wconf 92' lang='lat' dir='ltr'>non</span> <span class='ocrx_word' id='word_1_100' title='bbox 694 1074 844 1131; x_wconf 84' lang='lat' dir='ltr'>potuit.</span> <span class='ocrx_word' id='word_1_101' title='bbox 887 1073 1033 1127; x_wconf 88' lang='lat' dir='ltr'>Quare</span> <span class='ocrx_word' id='word_1_102' title='bbox 1061 1080 1102 1115; x_wconf 88' lang='lat' dir='ltr'>et</span> <span class='ocrx_word' id='word_1_103' title='bbox 1133 1072 1184 1115; x_wconf 88' lang='lat' dir='ltr'>C.</span> <span class='ocrx_word' id='word_1_104' title='bbox 1215 1073 1418 1115; x_wconf 86' lang='lat' dir='ltr'>Metellus</span> <span class='ocrx_word' id='word_1_105' title='bbox 1448 1072 1614 1115; x_wconf 88' lang='lat' dir='ltr'>Italiam</span> <span class='ocrx_word' id='word_1_106' title='bbox 1644 1072 1720 1115; x_wconf 92' lang='lat' dir='ltr'>ob-</span> 
     </span>
     <span class='ocr_line' id='line_1_14' title="bbox 173 1145 1720 1202; baseline -0.001 -14"><span class='ocrx_word' id='word_1_107' title='bbox 173 1147 299 1189; x_wconf 84' lang='lat' dir='ltr'>tinuit</span> <span class='ocrx_word' id='word_1_108' title='bbox 329 1155 370 1189; x_wconf 90' lang='lat' dir='ltr'>et</span> <span class='ocrx_word' id='word_1_109' title='bbox 387 1146 467 1190; x_wconf 87' lang='lat' dir='ltr'>Cn.</span> <span class='ocrx_word' id='word_1_110' title='bbox 488 1146 644 1198; x_wconf 85' lang='lat' dir='ltr'>Carbo,</span> <span class='ocrx_word' id='word_1_111' title='bbox 679 1147 935 1202; x_wconf 90' lang='lat' dir='ltr'>omninoque</span> <span class='ocrx_word' id='word_1_112' title='bbox 953 1160 1051 1187; x_wconf 90' lang='lat' dir='ltr'>cum</span> <span class='ocrx_word' id='word_1_113' title='bbox 1072 1146 1176 1187; x_wconf 89' lang='lat' dir='ltr'>tanti</span> <span class='ocrx_word' id='word_1_114' title='bbox 1201 1145 1302 1188; x_wconf 89' lang='lat' dir='ltr'>belli</span> <span class='ocrx_word' id='word_1_115' title='bbox 1329 1152 1467 1187; x_wconf 90' lang='lat' dir='ltr'>metus</span> <span class='ocrx_word' id='word_1_116' title='bbox 1487 1145 1720 1201; x_wconf 84' lang='lat' dir='ltr'>ingrueret,</span> 
     </span>
     <span class='ocr_line' id='line_1_15' title="bbox 172 1217 1720 1276; baseline -0.001 -14"><span class='ocrx_word' id='word_1_117' title='bbox 172 1220 393 1276; x_wconf 86' lang='lat' dir='ltr'>probabile</span> <span class='ocrx_word' id='word_1_118' title='bbox 425 1226 502 1270; x_wconf 88' lang='lat' dir='ltr'>est,</span> <span class='ocrx_word' id='word_1_119' title='bbox 531 1218 740 1262; x_wconf 92' lang='lat' dir='ltr'>ambobus</span> <span class='ocrx_word' id='word_1_120' title='bbox 770 1217 1021 1261; x_wconf 88' lang='lat' dir='ltr'>consulibus</span> <span class='ocrx_word' id='word_1_121' title='bbox 1051 1218 1197 1260; x_wconf 91' lang='lat' dir='ltr'>sedem</span> <span class='ocrx_word' id='word_1_122' title='bbox 1216 1217 1384 1274; x_wconf 90' lang='lat' dir='ltr'>imperii</span> <span class='ocrx_word' id='word_1_123' title='bbox 1405 1217 1720 1260; x_wconf 85' lang='lat' dir='ltr'>defendendam</span> 
     </span>
     <span class='ocr_line' id='line_1_16' title="bbox 173 1289 1719 1345; baseline -0.002 -11"><span class='ocrx_word' id='word_1_124' title='bbox 173 1307 268 1334; x_wconf 88' lang='lat' dir='ltr'>esse</span> <span class='ocrx_word' id='word_1_125' title='bbox 312 1292 526 1335; x_wconf 80' lang='lat' dir='ltr'>traditam.</span> <span class='ocrx_word' id='word_1_126' title='bbox 596 1291 889 1334; x_wconf 85' lang='lat' dir='ltr'>Veruntamen</span> <span class='ocrx_word' id='word_1_127' title='bbox 942 1289 1089 1345; x_wconf 85' lang='lat' dir='ltr'>dispar</span> <span class='ocrx_word' id='word_1_128' title='bbox 1136 1290 1361 1332; x_wconf 91' lang='lat' dir='ltr'>consulum</span> <span class='ocrx_word' id='word_1_129' title='bbox 1403 1290 1576 1332; x_wconf 84' lang='lat' dir='ltr'>fortuna</span> <span class='ocrx_word' id='word_1_130' title='bbox 1617 1290 1719 1340; x_wconf 83' lang='lat' dir='ltr'>fuit3</span> 
     </span>
     <span class='ocr_line' id='line_1_17' title="bbox 174 1359 1720 1418; baseline -0.002 -11"><span class='ocrx_word' id='word_1_131' title='bbox 174 1381 284 1415; x_wconf 86' lang='lat' dir='ltr'>nam,</span> <span class='ocrx_word' id='word_1_132' title='bbox 317 1372 366 1407; x_wconf 89' lang='lat' dir='ltr'>ut</span> <span class='ocrx_word' id='word_1_133' title='bbox 394 1380 509 1406; x_wconf 92' lang='lat' dir='ltr'>unus</span> <span class='ocrx_word' id='word_1_134' title='bbox 541 1364 712 1413; x_wconf 89' lang='lat' dir='ltr'>vicerat,</span> <span class='ocrx_word' id='word_1_135' title='bbox 743 1363 803 1404; x_wconf 91' lang='lat' dir='ltr'>ita</span> <span class='ocrx_word' id='word_1_136' title='bbox 833 1360 977 1404; x_wconf 88' lang='lat' dir='ltr'>Carbo</span> <span class='ocrx_word' id='word_1_137' title='bbox 1005 1362 1059 1404; x_wconf 90' lang='lat' dir='ltr'>ad</span> <span class='ocrx_word' id='word_1_138' title='bbox 1090 1361 1290 1403; x_wconf 87' lang='lat' dir='ltr'>Noreiam</span> <span class='ocrx_word' id='word_1_139' title='bbox 1319 1377 1343 1403; x_wconf 93' lang='lat' dir='ltr'>a</span> <span class='ocrx_word' id='word_1_140' title='bbox 1374 1359 1561 1404; x_wconf 86' lang='lat' dir='ltr'>Cimbris</span> <span class='ocrx_word' id='word_1_141' title='bbox 1593 1377 1720 1418; x_wconf 89' lang='lat' dir='ltr'>supe-</span> 
     </span>
     <span class='ocr_line' id='line_1_18' title="bbox 172 1433 1723 1492; baseline -0.003 -12"><span class='ocrx_word' id='word_1_142' title='bbox 172 1444 291 1480; x_wconf 85' lang='lat' dir='ltr'>ratus</span> <span class='ocrx_word' id='word_1_143' title='bbox 328 1444 415 1488; x_wconf 91' lang='lat' dir='ltr'>est,</span> <span class='ocrx_word' id='word_1_144' title='bbox 463 1437 537 1492; x_wconf 87' lang='lat' dir='ltr'>qui</span> <span class='ocrx_word' id='word_1_145' title='bbox 572 1451 669 1478; x_wconf 90' lang='lat' dir='ltr'>cum</span> <span class='ocrx_word' id='word_1_146' title='bbox 709 1436 791 1477; x_wconf 87' lang='lat' dir='ltr'>iam</span> <span class='ocrx_word' id='word_1_147' title='bbox 833 1435 916 1491; x_wconf 90' lang='lat' dir='ltr'>ipsi</span> <span class='ocrx_word' id='word_1_148' title='bbox 942 1435 1090 1477; x_wconf 83' lang='lat' dir='ltr'>Italiae</span> <span class='ocrx_word' id='word_1_149' title='bbox 1127 1434 1416 1485; x_wconf 89' lang='lat' dir='ltr'>imminerent,</span> <span class='ocrx_word' id='word_1_150' title='bbox 1462 1433 1605 1476; x_wconf 88' lang='lat' dir='ltr'>subito</span> <span class='ocrx_word' id='word_1_151' title='bbox 1642 1434 1723 1476; x_wconf 89' lang='lat' dir='ltr'>iter</span> 
     </span>
     <span class='ocr_line' id='line_1_19' title="bbox 173 1506 1720 1563; baseline -0.003 -10"><span class='ocrx_word' id='word_1_152' title='bbox 173 1516 432 1553; x_wconf 86' lang='lat' dir='ltr'>averterunt.</span> <span class='ocrx_word' id='word_1_153' title='bbox 479 1508 626 1563; x_wconf 81' lang='lat' dir='ltr'>Quare</span> <span class='ocrx_word' id='word_1_154' title='bbox 657 1509 817 1550; x_wconf 79' lang='lat' dir='ltr'>factum</span> <span class='ocrx_word' id='word_1_155' title='bbox 848 1514 926 1557; x_wconf 89' lang='lat' dir='ltr'>est,</span> <span class='ocrx_word' id='word_1_156' title='bbox 956 1514 1004 1548; x_wconf 91' lang='lat' dir='ltr'>ut</span> <span class='ocrx_word' id='word_1_157' title='bbox 1035 1522 1145 1549; x_wconf 90' lang='lat' dir='ltr'>anno</span> <span class='ocrx_word' id='word_1_158' title='bbox 1180 1506 1257 1549; x_wconf 75' lang='lat'>112</span> <span class='ocrx_word' id='word_1_159' title='bbox 1284 1506 1346 1548; x_wconf 94' lang='grc' dir='ltr'>Μ.</span> <span class='ocrx_word' id='word_1_160' title='bbox 1364 1506 1519 1549; x_wconf 90' lang='lat' dir='ltr'>Livius</span> <span class='ocrx_word' id='word_1_161' title='bbox 1546 1507 1720 1549; x_wconf 85' lang='lat' dir='ltr'>Drusus</span> 
     </span>
     <span class='ocr_line' id='line_1_20' title="bbox 173 1578 1721 1636; baseline -0.003 -10"><span class='ocrx_word' id='word_1_162' title='bbox 173 1598 259 1626; x_wconf 92' lang='lat' dir='ltr'>cos.</span> <span class='ocrx_word' id='word_1_163' title='bbox 292 1581 594 1624; x_wconf 85' lang='lat' dir='ltr'>Macedoniam</span> <span class='ocrx_word' id='word_1_164' title='bbox 634 1580 846 1636; x_wconf 85' lang='lat' dir='ltr'>acciperet</span> <span class='ocrx_word' id='word_1_165' title='bbox 886 1578 1157 1632; x_wconf 87' lang='lat' dir='ltr'>(Comment.</span> <span class='ocrx_word' id='word_1_166' title='bbox 1195 1578 1415 1634; x_wconf 90' lang='lat' dir='ltr'>epigraph.</span> <span class='ocrx_word' id='word_1_167' title='bbox 1445 1579 1490 1621; x_wconf 95' lang='lat' dir='ltr'>II</span> <span class='ocrx_word' id='word_1_168' title='bbox 1529 1595 1569 1635; x_wconf 91' lang='lat' dir='ltr'>p.</span> <span class='ocrx_word' id='word_1_169' title='bbox 1599 1579 1721 1633; x_wconf 82' lang='lat'>172),</span> 
     </span>
     <span class='ocr_line' id='line_1_21' title="bbox 172 1651 1721 1711; baseline -0.003 -14"><span class='ocrx_word' id='word_1_170' title='bbox 172 1656 228 1697; x_wconf 88' lang='lat' dir='ltr'>L.</span> <span class='ocrx_word' id='word_1_171' title='bbox 264 1653 527 1711; x_wconf 85' lang='lat' dir='ltr'>Calpurnius</span> <span class='ocrx_word' id='word_1_172' title='bbox 555 1654 680 1702; x_wconf 91' lang='lat' dir='ltr'>Piso,</span> <span class='ocrx_word' id='word_1_173' title='bbox 717 1652 883 1708; x_wconf 91' lang='lat' dir='ltr'>collega</span> <span class='ocrx_word' id='word_1_174' title='bbox 914 1653 1028 1701; x_wconf 91' lang='lat' dir='ltr'>eius,</span> <span class='ocrx_word' id='word_1_175' title='bbox 1065 1651 1140 1707; x_wconf 89' lang='lat' dir='ltr'>qui</span> <span class='ocrx_word' id='word_1_176' title='bbox 1173 1651 1218 1692; x_wconf 92' lang='lat' dir='ltr'>in</span> <span class='ocrx_word' id='word_1_177' title='bbox 1245 1651 1369 1693; x_wconf 86' lang='lat' dir='ltr'>Italia</span> <span class='ocrx_word' id='word_1_178' title='bbox 1401 1651 1578 1702; x_wconf 86' lang='lat' dir='ltr'>mansit,</span> <span class='ocrx_word' id='word_1_179' title='bbox 1617 1651 1721 1693; x_wconf 86' lang='lat' dir='ltr'>nihil</span> 
     </span>
     <span class='ocr_line' id='line_1_22' title="bbox 172 1721 1720 1784; baseline -0.003 -14"><span class='ocrx_word' id='word_1_180' title='bbox 172 1728 290 1784; x_wconf 88' lang='lat' dir='ltr'>quod</span> <span class='ocrx_word' id='word_1_181' title='bbox 311 1726 515 1770; x_wconf 88' lang='lat' dir='ltr'>memoria</span> <span class='ocrx_word' id='word_1_182' title='bbox 545 1726 726 1782; x_wconf 90' lang='lat' dir='ltr'>dignum</span> <span class='ocrx_word' id='word_1_183' title='bbox 747 1740 842 1767; x_wconf 88' lang='lat' dir='ltr'>esse</span> <span class='ocrx_word' id='word_1_184' title='bbox 868 1725 1101 1774; x_wconf 87' lang='lat' dir='ltr'>videretur,</span> <span class='ocrx_word' id='word_1_185' title='bbox 1129 1730 1308 1778; x_wconf 86' lang='lat' dir='ltr'>gereret.</span> <span class='ocrx_word' id='word_1_186' title='bbox 1351 1721 1553 1765; x_wconf 89' lang='lat' dir='ltr'>Obtinuit</span> <span class='ocrx_word' id='word_1_187' title='bbox 1580 1730 1720 1766; x_wconf 84' lang='lat' dir='ltr'>tamen</span> 
     </span>
     <span class='ocr_line' id='line_1_23' title="bbox 174 1793 1722 1856; baseline -0.003 -14"><span class='ocrx_word' id='word_1_188' title='bbox 174 1807 288 1842; x_wconf 87' lang='lat' dir='ltr'>certe</span> <span class='ocrx_word' id='word_1_189' title='bbox 319 1806 599 1856; x_wconf 88' lang='lat' dir='ltr'>prorogatum</span> <span class='ocrx_word' id='word_1_190' title='bbox 618 1798 843 1854; x_wconf 91' lang='lat' dir='ltr'>imperium</span> <span class='ocrx_word' id='word_1_191' title='bbox 863 1811 973 1839; x_wconf 89' lang='lat' dir='ltr'>anno</span> <span class='ocrx_word' id='word_1_192' title='bbox 995 1798 1086 1846; x_wconf 88' lang='grc'>111,</span> <span class='ocrx_word' id='word_1_193' title='bbox 1119 1810 1204 1851; x_wconf 90' lang='lat' dir='ltr'>quo</span> <span class='ocrx_word' id='word_1_194' title='bbox 1220 1795 1273 1836; x_wconf 91' lang='lat' dir='ltr'>L.</span> <span class='ocrx_word' id='word_1_195' title='bbox 1294 1793 1556 1851; x_wconf 86' lang='lat' dir='ltr'>Calpurnius</span> <span class='ocrx_word' id='word_1_196' title='bbox 1573 1795 1722 1838; x_wconf 87' lang='lat' dir='ltr'>Bestia</span> 
     </span>
     <span class='ocr_line' id='line_1_24' title="bbox 172 1865 1720 1926; baseline -0.004 -12"><span class='ocrx_word' id='word_1_197' title='bbox 172 1873 217 1914; x_wconf 92' lang='lat' dir='ltr'>in</span> <span class='ocrx_word' id='word_1_198' title='bbox 264 1872 458 1914; x_wconf 87' lang='lat' dir='ltr'>Africam</span> <span class='ocrx_word' id='word_1_199' title='bbox 504 1871 713 1914; x_wconf 89' lang='lat' dir='ltr'>adversus</span> <span class='ocrx_word' id='word_1_200' title='bbox 751 1869 1005 1926; x_wconf 88' lang='lat' dir='ltr'>Iugurtham</span> <span class='ocrx_word' id='word_1_201' title='bbox 1032 1867 1215 1909; x_wconf 70' lang='lat' dir='ltr'>‘missus</span> <span class='ocrx_word' id='word_1_202' title='bbox 1268 1874 1351 1917; x_wconf 84' lang='lat' dir='ltr'>est3</span> <span class='ocrx_word' id='word_1_203' title='bbox 1402 1867 1452 1909; x_wconf 91' lang='lat' dir='ltr'>P.</span> <span class='ocrx_word' id='word_1_204' title='bbox 1492 1865 1720 1910; x_wconf 88' lang='lat' dir='ltr'>Cornelius</span> 
     </span>
     <span class='ocr_line' id='line_1_25' title="bbox 175 1938 1718 2000; baseline -0.002 -14"><span class='ocrx_word' id='word_1_205' title='bbox 175 1944 319 2000; x_wconf 83' lang='lat' dir='ltr'>Scipio</span> <span class='ocrx_word' id='word_1_206' title='bbox 338 1944 508 1994; x_wconf 89' lang='lat' dir='ltr'>Nasica,</span> <span class='ocrx_word' id='word_1_207' title='bbox 525 1943 597 1998; x_wconf 88' lang='lat' dir='ltr'>qui</span> <span class='ocrx_word' id='word_1_208' title='bbox 613 1943 780 1985; x_wconf 89' lang='lat' dir='ltr'>Italiam</span> <span class='ocrx_word' id='word_1_209' title='bbox 795 1940 1061 1997; x_wconf 88' lang='lat' dir='ltr'>provinciam</span> <span class='ocrx_word' id='word_1_210' title='bbox 1084 1938 1302 1982; x_wconf 86' lang='lat' dir='ltr'>obtinebat</span> <span class='ocrx_word' id='word_1_211' title='bbox 1318 1941 1336 1994; x_wconf 87' lang='lat'><strong>(</strong></span> <span class='ocrx_word' id='word_1_212' title='bbox 1341 1939 1484 1982; x_wconf 83' lang='lat' dir='ltr'>Sall.J</span> <span class='ocrx_word' id='word_1_213' title='bbox 1486 1954 1560 1995; x_wconf 91' lang='lat' dir='ltr'>ug.</span> <span class='ocrx_word' id='word_1_214' title='bbox 1577 1954 1611 1981; x_wconf 92' lang='lat' dir='ltr'>c.</span> <span class='ocrx_word' id='word_1_215' title='bbox 1631 1938 1718 1994; x_wconf 79' lang='lat'>27),</span> 
     </span>
     <span class='ocr_line' id='line_1_26' title="bbox 174 2010 1719 2073; baseline -0.005 -14"><span class='ocrx_word' id='word_1_216' title='bbox 174 2032 253 2059; x_wconf 89' lang='lat' dir='ltr'>nec</span> <span class='ocrx_word' id='word_1_217' title='bbox 284 2017 419 2073; x_wconf 90' lang='lat' dir='ltr'>gessit</span> <span class='ocrx_word' id='word_1_218' title='bbox 449 2015 679 2071; x_wconf 91' lang='lat' dir='ltr'>quicquam</span> <span class='ocrx_word' id='word_1_219' title='bbox 711 2028 970 2068; x_wconf 83' lang='lat' dir='ltr'>magnopere</span> <span class='ocrx_word' id='word_1_220' title='bbox 999 2018 1040 2054; x_wconf 92' lang='lat' dir='ltr'>et</span> <span class='ocrx_word' id='word_1_221' title='bbox 1069 2011 1225 2067; x_wconf 88' lang='lat' dir='ltr'>inipso</span> <span class='ocrx_word' id='word_1_222' title='bbox 1246 2011 1499 2067; x_wconf 87' lang='lat' dir='ltr'>magistratu</span> <span class='ocrx_word' id='word_1_223' title='bbox 1522 2010 1719 2052; x_wconf 84' lang='lat' dir='ltr'>decessit.</span> 
     </span>
     <span class='ocr_line' id='line_1_27' title="bbox 174 2081 1716 2138; baseline -0.005 -7"><span class='ocrx_word' id='word_1_224' title='bbox 174 2090 282 2131; x_wconf 90' lang='lat' dir='ltr'>Item</span> <span class='ocrx_word' id='word_1_225' title='bbox 315 2103 426 2130; x_wconf 88' lang='lat' dir='ltr'>anno</span> <span class='ocrx_word' id='word_1_226' title='bbox 461 2087 538 2129; x_wconf 87' lang='grc'>110</span> <span class='ocrx_word' id='word_1_227' title='bbox 555 2087 607 2128; x_wconf 88' lang='lat' dir='ltr'>L.</span> <span class='ocrx_word' id='word_1_228' title='bbox 622 2085 770 2128; x_wconf 92' lang='lat' dir='ltr'>Pisoni</span> <span class='ocrx_word' id='word_1_229' title='bbox 801 2085 843 2126; x_wconf 93' lang='lat' dir='ltr'>in</span> <span class='ocrx_word' id='word_1_230' title='bbox 862 2083 1003 2126; x_wconf 84' lang='lat' dir='ltr'>Gallia</span> <span class='ocrx_word' id='word_1_231' title='bbox 1028 2083 1256 2138; x_wconf 88' lang='lat' dir='ltr'>imperium</span> <span class='ocrx_word' id='word_1_232' title='bbox 1287 2081 1456 2124; x_wconf 86' lang='lat' dir='ltr'>videtur</span> <span class='ocrx_word' id='word_1_233' title='bbox 1487 2082 1716 2132; x_wconf 90' lang='lat' dir='ltr'>mansisse;</span> 
     </span>
     <span class='ocr_line' id='line_1_28' title="bbox 174 2153 1718 2213; baseline -0.006 -10"><span class='ocrx_word' id='word_1_234' title='bbox 174 2177 272 2203; x_wconf 88' lang='lat' dir='ltr'>nam</span> <span class='ocrx_word' id='word_1_235' title='bbox 310 2176 363 2202; x_wconf 90' lang='lat' dir='ltr'>ex</span> <span class='ocrx_word' id='word_1_236' title='bbox 402 2174 488 2201; x_wconf 89' lang='lat' dir='ltr'>cos.</span> <span class='ocrx_word' id='word_1_237' title='bbox 525 2159 617 2200; x_wconf 91' lang='lat' dir='ltr'>eius</span> <span class='ocrx_word' id='word_1_238' title='bbox 651 2158 750 2199; x_wconf 89' lang='lat' dir='ltr'>anni</span> <span class='ocrx_word' id='word_1_239' title='bbox 778 2159 854 2213; x_wconf 84' lang='lat' dir='ltr'>Sp.</span> <span class='ocrx_word' id='word_1_240' title='bbox 885 2155 1157 2199; x_wconf 88' lang='lat' dir='ltr'>Postumium</span> <span class='ocrx_word' id='word_1_241' title='bbox 1185 2153 1392 2196; x_wconf 89' lang='lat' dir='ltr'>Albinum</span> <span class='ocrx_word' id='word_1_242' title='bbox 1432 2169 1583 2210; x_wconf 89' lang='lat' dir='ltr'>parum</span> <span class='ocrx_word' id='word_1_243' title='bbox 1620 2169 1718 2210; x_wconf 88' lang='lat' dir='ltr'>pro-</span> 
     </span>
     <span class='ocr_line' id='line_1_29' title="bbox 175 2225 1720 2291; baseline -0.005 -16"><span class='ocrx_word' id='word_1_244' title='bbox 175 2249 298 2291; x_wconf 84' lang='lat' dir='ltr'>spere</span> <span class='ocrx_word' id='word_1_245' title='bbox 333 2233 377 2274; x_wconf 94' lang='lat' dir='ltr'>in</span> <span class='ocrx_word' id='word_1_246' title='bbox 405 2230 557 2274; x_wconf 83' lang='lat' dir='ltr'>Africa</span> <span class='ocrx_word' id='word_1_247' title='bbox 591 2244 832 2287; x_wconf 87' lang='lat' dir='ltr'>pugnasse,</span> <span class='ocrx_word' id='word_1_248' title='bbox 873 2229 935 2270; x_wconf 92' lang='lat' dir='ltr'>M.</span> <span class='ocrx_word' id='word_1_249' title='bbox 966 2227 1209 2269; x_wconf 91' lang='lat' dir='ltr'>Minucium</span> <span class='ocrx_word' id='word_1_250' title='bbox 1245 2226 1408 2268; x_wconf 83' lang='lat' dir='ltr'>Rufum</span> <span class='ocrx_word' id='word_1_251' title='bbox 1438 2225 1720 2268; x_wconf 89' lang='lat' dir='ltr'>Macedoniae</span> 
     </span>
     <span class='ocr_line' id='line_1_30' title="bbox 173 2298 1720 2362; baseline -0.006 -14"><span class='ocrx_word' id='word_1_252' title='bbox 173 2305 410 2362; x_wconf 84' lang='lat' dir='ltr'>praefuisse</span> <span class='ocrx_word' id='word_1_253' title='bbox 450 2304 622 2346; x_wconf 78' lang='lat' dir='ltr'>scimus,</span> <span class='ocrx_word' id='word_1_254' title='bbox 688 2302 749 2344; x_wconf 86' lang='lat' dir='ltr'>At</span> <span class='ocrx_word' id='word_1_255' title='bbox 787 2316 898 2344; x_wconf 91' lang='lat' dir='ltr'>anno</span> <span class='ocrx_word' id='word_1_256' title='bbox 939 2300 1016 2342; x_wconf 75' lang='lat'>109</span> <span class='ocrx_word' id='word_1_257' title='bbox 1054 2314 1151 2341; x_wconf 87' lang='lat' dir='ltr'>cum</span> <span class='ocrx_word' id='word_1_258' title='bbox 1179 2298 1234 2352; x_wconf 89' lang='lat' dir='ltr'>Q.</span> <span class='ocrx_word' id='word_1_259' title='bbox 1266 2298 1469 2340; x_wconf 88' lang='lat' dir='ltr'>Metellus</span> <span class='ocrx_word' id='word_1_260' title='bbox 1509 2298 1720 2340; x_wconf 89' lang='lat' dir='ltr'>adversus</span> 
     </span>
     <span class='ocr_line' id='line_1_31' title="bbox 173 2367 1719 2434; baseline -0.006 -14"><span class='ocrx_word' id='word_1_261' title='bbox 173 2377 429 2434; x_wconf 88' lang='lat' dir='ltr'>Iugurtham</span> <span class='ocrx_word' id='word_1_262' title='bbox 465 2376 624 2418; x_wconf 86' lang='lat' dir='ltr'>missus</span> <span class='ocrx_word' id='word_1_263' title='bbox 666 2381 801 2424; x_wconf 91' lang='lat' dir='ltr'>esset,</span> <span class='ocrx_word' id='word_1_264' title='bbox 839 2374 900 2415; x_wconf 92' lang='lat' dir='ltr'>M.</span> <span class='ocrx_word' id='word_1_265' title='bbox 934 2371 1108 2415; x_wconf 85' lang='lat' dir='ltr'>Silanus</span> <span class='ocrx_word' id='word_1_266' title='bbox 1148 2371 1192 2412; x_wconf 92' lang='lat' dir='ltr'>in</span> <span class='ocrx_word' id='word_1_267' title='bbox 1223 2369 1367 2412; x_wconf 87' lang='lat' dir='ltr'>Gallia</span> <span class='ocrx_word' id='word_1_268' title='bbox 1401 2385 1497 2412; x_wconf 92' lang='lat' dir='ltr'>cum</span> <span class='ocrx_word' id='word_1_269' title='bbox 1531 2367 1719 2412; x_wconf 84' lang='lat' dir='ltr'>Cimbris</span> 
     </span>
     <span class='ocr_line' id='line_1_32' title="bbox 173 2441 1719 2504; baseline -0.006 -12"><span class='ocrx_word' id='word_1_270' title='bbox 173 2450 401 2492; x_wconf 88' lang='lat' dir='ltr'>infeliciter</span> <span class='ocrx_word' id='word_1_271' title='bbox 445 2461 664 2504; x_wconf 87' lang='lat' dir='ltr'>pugnasse</span> <span class='ocrx_word' id='word_1_272' title='bbox 708 2445 892 2488; x_wconf 89' lang='lat' dir='ltr'>traditur</span> <span class='ocrx_word' id='word_1_273' title='bbox 933 2461 958 2487; x_wconf 90' lang='lat' dir='ltr'>a</span> <span class='ocrx_word' id='word_1_274' title='bbox 999 2443 1096 2485; x_wconf 88' lang='lat' dir='ltr'>Liv.</span> <span class='ocrx_word' id='word_1_275' title='bbox 1145 2442 1243 2498; x_wconf 90' lang='lat' dir='ltr'>epit.</span> <span class='ocrx_word' id='word_1_276' title='bbox 1287 2442 1442 2492; x_wconf 86' lang='lat' dir='ltr'>LXV,</span> <span class='ocrx_word' id='word_1_277' title='bbox 1490 2457 1619 2497; x_wconf 87' lang='lat' dir='ltr'>quam</span> <span class='ocrx_word' id='word_1_278' title='bbox 1663 2441 1719 2483; x_wconf 92' lang='lat' dir='ltr'>ob</span> 
     </span>
     <span class='ocr_line' id='line_1_33' title="bbox 175 2512 1718 2570; baseline -0.006 -5"><span class='ocrx_word' id='word_1_279' title='bbox 175 2523 341 2565; x_wconf 89' lang='lat' dir='ltr'>cladem</span> <span class='ocrx_word' id='word_1_280' title='bbox 368 2535 478 2563; x_wconf 89' lang='lat' dir='ltr'>anno</span> <span class='ocrx_word' id='word_1_281' title='bbox 515 2519 592 2562; x_wconf 82' lang='grc'>104</span> <span class='ocrx_word' id='word_1_282' title='bbox 625 2534 650 2560; x_wconf 91' lang='lat' dir='ltr'>a</span> <span class='ocrx_word' id='word_1_283' title='bbox 676 2518 738 2559; x_wconf 94' lang='lat' dir='ltr'>M.</span> <span class='ocrx_word' id='word_1_284' title='bbox 768 2517 959 2559; x_wconf 87' lang='lat' dir='ltr'>Domitio</span> <span class='ocrx_word' id='word_1_285' title='bbox 985 2524 1211 2559; x_wconf 89' lang='lat' dir='ltr'>accusatus</span> <span class='ocrx_word' id='word_1_286' title='bbox 1239 2523 1304 2558; x_wconf 91' lang='lat' dir='ltr'>est</span> <span class='ocrx_word' id='word_1_287' title='bbox 1341 2516 1523 2570; x_wconf 89' lang='lat' dir='ltr'>(Ascon.</span> <span class='ocrx_word' id='word_1_288' title='bbox 1554 2515 1599 2556; x_wconf 92' lang='lat' dir='ltr'>in</span> <span class='ocrx_word' id='word_1_289' title='bbox 1627 2512 1718 2556; x_wconf 90' lang='lat' dir='ltr'>Cic.</span> 
     </span>
     <span class='ocr_line' id='line_1_34' title="bbox 175 2586 1720 2651; baseline -0.006 -14"><span class='ocrx_word' id='word_1_290' title='bbox 175 2611 218 2651; x_wconf 92' lang='lat' dir='ltr'>p.</span> <span class='ocrx_word' id='word_1_291' title='bbox 249 2593 419 2636; x_wconf 89' lang='lat' dir='ltr'>Cornel.</span> <span class='ocrx_word' id='word_1_292' title='bbox 448 2609 489 2648; x_wconf 91' lang='lat' dir='ltr'>p.</span> <span class='ocrx_word' id='word_1_293' title='bbox 517 2591 570 2634; x_wconf 81' lang='lat'>80</span> <span class='ocrx_word' id='word_1_294' title='bbox 584 2591 615 2645; x_wconf 89' lang='lat'>).</span> <span class='ocrx_word' id='word_1_295' title='bbox 669 2589 859 2632; x_wconf 86' lang='lat' dir='ltr'>Maxime</span> <span class='ocrx_word' id='word_1_296' title='bbox 897 2595 1039 2630; x_wconf 86' lang='lat' dir='ltr'>autem</span> <span class='ocrx_word' id='word_1_297' title='bbox 1068 2589 1112 2630; x_wconf 94' lang='lat' dir='ltr'>in</span> <span class='ocrx_word' id='word_1_298' title='bbox 1142 2589 1425 2645; x_wconf 87' lang='lat' dir='ltr'>Transalpina</span> <span class='ocrx_word' id='word_1_299' title='bbox 1454 2586 1596 2630; x_wconf 87' lang='lat' dir='ltr'>Gallia</span> <span class='ocrx_word' id='word_1_300' title='bbox 1624 2600 1720 2628; x_wconf 90' lang='lat' dir='ltr'>ver-</span> 
     </span>
     <span class='ocr_line' id='line_1_35' title="bbox 177 2657 1719 2719; baseline -0.007 -10"><span class='ocrx_word' id='word_1_301' title='bbox 177 2675 296 2709; x_wconf 88' lang='lat' dir='ltr'>satus</span> <span class='ocrx_word' id='word_1_302' title='bbox 337 2673 423 2716; x_wconf 90' lang='lat' dir='ltr'>est,</span> <span class='ocrx_word' id='word_1_303' title='bbox 470 2663 681 2719; x_wconf 88' lang='lat' dir='ltr'>siquidem</span> <span class='ocrx_word' id='word_1_304' title='bbox 711 2661 803 2704; x_wconf 89' lang='lat' dir='ltr'>Cic.</span> <span class='ocrx_word' id='word_1_305' title='bbox 836 2661 879 2703; x_wconf 92' lang='lat' dir='ltr'>in</span> <span class='ocrx_word' id='word_1_306' title='bbox 910 2660 1032 2703; x_wconf 91' lang='lat' dir='ltr'>Verr.</span> <span class='ocrx_word' id='word_1_307' title='bbox 1062 2661 1130 2710; x_wconf 90' lang='lat'>11,</span> <span class='ocrx_word' id='word_1_308' title='bbox 1161 2660 1211 2704; x_wconf 87' lang='grc'>47</span> <span class='ocrx_word' id='word_1_309' title='bbox 1244 2661 1282 2703; x_wconf 92' lang='lat' dir='ltr'>ei</span> <span class='ocrx_word' id='word_1_310' title='bbox 1313 2667 1488 2717; x_wconf 88' lang='lat' dir='ltr'>propter</span> <span class='ocrx_word' id='word_1_311' title='bbox 1515 2657 1719 2714; x_wconf 88' lang='lat' dir='ltr'>Aegrito-</span> 
     </span>
     <span class='ocr_line' id='line_1_36' title="bbox 175 2732 1718 2792; baseline -0.006 -12"><span class='ocrx_word' id='word_1_312' title='bbox 175 2738 303 2788; x_wconf 89' lang='lat' dir='ltr'>mari,</span> <span class='ocrx_word' id='word_1_313' title='bbox 338 2735 611 2792; x_wconf 83' lang='lat' dir='ltr'>Transalpini</span> <span class='ocrx_word' id='word_1_314' title='bbox 641 2734 844 2783; x_wconf 90' lang='lat' dir='ltr'>hominis,</span> <span class='ocrx_word' id='word_1_315' title='bbox 887 2732 1064 2775; x_wconf 90' lang='lat' dir='ltr'>iniurias</span> <span class='ocrx_word' id='word_1_316' title='bbox 1103 2733 1215 2774; x_wconf 88' lang='lat' dir='ltr'>diem</span> <span class='ocrx_word' id='word_1_317' title='bbox 1246 2732 1404 2774; x_wconf 87' lang='lat' dir='ltr'>dictam</span> <span class='ocrx_word' id='word_1_318' title='bbox 1442 2746 1537 2773; x_wconf 90' lang='lat' dir='ltr'>esse</span> <span class='ocrx_word' id='word_1_319' title='bbox 1562 2735 1718 2779; x_wconf 86' lang='lat' dir='ltr'>narrat,</span> 
     </span>
     <span class='ocr_line' id='line_1_37' title="bbox 174 2801 1718 2866; baseline -0.006 -14"><span class='ocrx_word' id='word_1_320' title='bbox 174 2825 260 2866; x_wconf 94' lang='lat' dir='ltr'>quo</span> <span class='ocrx_word' id='word_1_321' title='bbox 292 2817 433 2851; x_wconf 90' lang='lat' dir='ltr'>tamen</span> <span class='ocrx_word' id='word_1_322' title='bbox 463 2809 557 2850; x_wconf 92' lang='lat' dir='ltr'>loco</span> <span class='ocrx_word' id='word_1_323' title='bbox 583 2822 669 2848; x_wconf 93' lang='lat' dir='ltr'>non</span> <span class='ocrx_word' id='word_1_324' title='bbox 697 2807 756 2848; x_wconf 86' lang='lat' dir='ltr'>ita</span> <span class='ocrx_word' id='word_1_325' title='bbox 783 2805 930 2848; x_wconf 91' lang='lat' dir='ltr'>licebit</span> <span class='ocrx_word' id='word_1_326' title='bbox 955 2805 1041 2854; x_wconf 86' lang='lat' dir='ltr'>uti,</span> <span class='ocrx_word' id='word_1_327' title='bbox 1083 2812 1131 2846; x_wconf 94' lang='lat' dir='ltr'>ut</span> <span class='ocrx_word' id='word_1_328' title='bbox 1173 2805 1248 2847; x_wconf 89' lang='lat' dir='ltr'>soli</span> <span class='ocrx_word' id='word_1_329' title='bbox 1288 2820 1386 2847; x_wconf 90' lang='lat' dir='ltr'>eum</span> <span class='ocrx_word' id='word_1_330' title='bbox 1412 2801 1718 2858; x_wconf 82' lang='lat' dir='ltr'>Transalpinae</span> 
     </span>
     <span class='ocr_line' id='line_1_38' title="bbox 172 2872 1718 2937; baseline -0.007 -14"><span class='ocrx_word' id='word_1_331' title='bbox 172 2881 442 2937; x_wconf 86' lang='lat' dir='ltr'>provinciae,</span> <span class='ocrx_word' id='word_1_332' title='bbox 479 2895 565 2922; x_wconf 93' lang='lat' dir='ltr'>non</span> <span class='ocrx_word' id='word_1_333' title='bbox 603 2879 830 2922; x_wconf 88' lang='lat' dir='ltr'>universae</span> <span class='ocrx_word' id='word_1_334' title='bbox 859 2877 1024 2921; x_wconf 89' lang='lat' dir='ltr'>Galliae</span> <span class='ocrx_word' id='word_1_335' title='bbox 1066 2891 1161 2919; x_wconf 90' lang='lat' dir='ltr'>cum</span> <span class='ocrx_word' id='word_1_336' title='bbox 1189 2877 1313 2921; x_wconf 85' lang='lat' dir='ltr'>Italia</span> <span class='ocrx_word' id='word_1_337' title='bbox 1347 2876 1597 2919; x_wconf 90' lang='lat' dir='ltr'>coniunctae</span> <span class='ocrx_word' id='word_1_338' title='bbox 1639 2872 1718 2913; x_wconf 90' lang='lat' dir='ltr'>im-</span> 
     </span>
    </p>
   </div>
  </div>
 </body>
</html>
