1846 3100
570 149 624 181 De
648 148 822 180 dictatoris
851 146 1008 180 Caesaris
1034 146 1230 178 honoribus.
1597 142 1683 185 249

137 273 223 301 non
250 258 366 314 quod
394 273 478 300 non
500 257 631 313 digna
660 256 757 306 sint,
787 255 840 297 de
866 253 1023 310 quibus
1046 254 1188 296 denuo
1208 260 1449 308 quaeratur,
1468 255 1544 297 sed
1563 269 1685 311 prae-

133 331 242 373 verti
276 330 470 387 placebat
507 329 561 372 ad
592 329 652 379 id,
682 328 798 384 quod
826 336 867 370 et
897 326 1131 369 maximum
1160 333 1273 368 esset
1303 333 1344 369 et
1375 326 1504 377 idem,
1534 342 1684 382 quam-

135 403 200 445 vis
225 417 353 459 saepe
376 407 490 444 esset
520 401 820 450 examinatum,
862 399 1015 441 multas
1045 397 1329 441 dubitationes
1355 414 1405 441 ac
1428 398 1551 455 quasi
1569 405 1685 440 tene-

132 473 231 517 bras
260 474 447 517 haberet.
509 473 629 527 Quid
660 472 770 515 enim
810 470 1064 514 celebratius
1099 478 1164 513 est
1194 471 1421 515 tribunicia
1446 469 1685 528 potestate?

133 546 258 600 Quae
287 544 499 602 quomodo
527 545 741 587 numerari
771 544 1001 594 consuerit,
1032 543 1155 586 multi
1182 544 1264 585 viri
1292 543 1528 587 doctissimi
1555 557 1686 598 expo-

141 623 343 660 suerunt:
374 625 416 659 at
446 632 531 672 quo
568 617 696 659 modo
725 624 815 658 orta
851 616 905 658 sit
939 623 981 658 et
1011 616 1192 658 creverit
1221 623 1262 658 et
1293 631 1342 659 ea
1373 615 1545 658 tandem
1574 615 1687 656 facta

135 689 202 739 sit,
232 704 359 745 quam
385 689 430 731 in
460 688 788 746 imperatoribus
816 688 1074 738 invenimus,
1103 688 1234 730 iidem
1258 689 1327 731 vel
1349 702 1525 745 prorsus
1546 693 1687 728 tacent

132 761 202 803 vel
228 761 288 803 ita
317 767 661 810 commemorant,
694 768 741 802 ut
774 775 869 802 cum
899 760 1139 817 perspicuis
1159 761 1414 817 scriptorum
1433 758 1686 802 testimoniis

131 840 338 890 pugnent.
394 832 519 887 Quae
561 833 597 875 si
639 832 797 875 rectius
838 832 1165 888 perspicientur,
1208 832 1432 889 paululum
1470 831 1598 874 etiam
1631 831 1687 872 ad

133 912 320 948 veterem
357 905 472 948 illam
514 905 786 947 tribunorum
822 895 960 961 plebis
1007 911 1279 961 potestatem,
1321 905 1511 960 quaein
1552 903 1688 945 libera

132 977 351 1034 republica
392 977 488 1028 fuit,
525 977 848 1034 intelligendam
884 977 1229 1019 redundaturum
1269 992 1363 1019 esse
1395 976 1687 1019 existimamus

134 1064 272 1105 neque
300 1050 347 1092 id
379 1049 425 1091 in
453 1055 570 1091 tanta
600 1049 729 1091 huius
756 1049 998 1106 argumenti
1029 1049 1281 1091 difficultate
1308 1064 1394 1090 non
1424 1049 1503 1091 erit
1530 1048 1685 1105 gratis-

134 1121 302 1164 simum.
364 1122 458 1165 Iam
494 1121 580 1163 Dio
621 1119 801 1164 Cassius
842 1122 994 1172 XLII,
1034 1122 1087 1164 20
1125 1123 1178 1164 de
1220 1120 1449 1163 tribunicia
1481 1127 1687 1177 potestate

134 1194 328 1236 dictatori
361 1193 536 1237 Caesari
564 1194 765 1236 continuo
795 1202 1016 1250 postquam
1047 1194 1224 1236 nuntius
1256 1194 1309 1236 de
1340 1194 1469 1236 caede
1493 1192 1687 1248 Pompeii

131 1266 308 1309 Romam
341 1266 546 1323 pervenit,
579 1266 719 1309 delata
747 1267 808 1309 sic
839 1266 1011 1309 scribit:
1045 1266 1126 1323 Τήν
1155 1284 1198 1308 τε
1229 1267 1412 1313 ἐξουσίαν
1435 1270 1512 1307 τῶν
1537 1267 1687 1321 δημάρ-

133 1354 219 1394 χων
259 1340 325 1381 διὰ
369 1340 474 1396 βίου,
514 1342 569 1384 ὡς
599 1340 739 1389 εἰπεῖν,
776 1340 1021 1394 προςέθετο·
1059 1339 1385 1394 συγκαθέζεσῦαί
1425 1354 1467 1380 τε
1506 1339 1581 1394 γὰρ
1624 1339 1688 1380 ἐπὶ

132 1415 210 1452 τῶν
253 1411 385 1453 αὐτῶν
427 1412 590 1468 βάθρων
622 1413 689 1452 καὶ
728 1412 769 1456 ἐς
800 1410 929 1452 τᾶλλα
962 1412 1268 1459 συνεξετάζεθαι
1299 1412 1451 1467 σφίσιν,
1495 1412 1515 1453 ὃ
1547 1413 1688 1468 μηδενὶ

134 1484 241 1538 ἐξῆν,
273 1484 428 1539 εὕρετο.
460 1483 507 1524 αἶ’
529 1498 571 1523 τε
597 1483 672 1538 γὰρ
706 1483 964 1539 ἀρχαιρεσίαι
995 1486 1121 1524 πᾶσαι
1151 1485 1254 1539 πλὴν
1287 1488 1364 1525 τῶν
1398 1489 1469 1526 τοῦ
1505 1486 1689 1540 πλήθους

133 1555 195 1596 ἐπ’
217 1555 328 1611 αὐτῷ
353 1555 551 1610 ἐγένοντο.
583 1553 833 1596 Tribunicia
857 1554 991 1610 igitur
1015 1562 1201 1611 potestas
1227 1563 1432 1612 perpetua
1456 1557 1493 1599 ei
1518 1557 1690 1599 decreta

131 1634 196 1670 est
221 1642 358 1682 neque
386 1641 480 1669 eam
505 1626 740 1676 recusavit3
768 1641 866 1668 nam
882 1626 956 1669 illa
974 1642 1082 1682 quae
1105 1634 1206 1669 sunt
1222 1628 1443 1683 προςέῦετο
1462 1635 1504 1671 et
1532 1629 1688 1684 εὕρετο,

130 1699 346 1755 quomodo
363 1699 579 1741 decretam
601 1706 766 1741 tantum
784 1714 877 1741 esse
894 1699 1022 1749 illam,
1043 1714 1129 1740 non
1145 1706 1360 1756 receptam
1379 1717 1404 1743 a
1422 1699 1606 1744 Caesare
1631 1701 1688 1743 si-

133 1771 363 1828 gnificent?
394 1771 626 1827 Perperam
656 1771 792 1827 igitur
816 1771 1026 1814 iudicaret
1048 1773 1224 1816 Tacitus
1242 1774 1398 1816 Annal.
1416 1774 1498 1824 III,
1525 1773 1592 1824 56,
1615 1773 1689 1829 qui

135 1843 210 1886 ubi
242 1843 296 1886 de
327 1843 555 1886 tribunicia
584 1852 809 1900 potestate,
837 1859 964 1899 quam
984 1844 1186 1887 Tiberius
1215 1846 1363 1888 Druso
1388 1846 1476 1888 filio
1505 1847 1688 1903 petebat,

135 1917 278 1968 refiert,
317 1918 365 1957 id
397 1919 550 1957 summi
570 1919 752 1971 fastigii
780 1917 1033 1968 vocabulum,
1070 1917 1223 1973 inquit,
1260 1922 1470 1971 Augustus
1497 1922 1688 1973 repperit,

135 2004 186 2029 ne
219 1992 328 2043 regis
364 1996 439 2029 aut
477 1990 691 2030 dictatoris
724 2004 871 2030 nomen
907 1998 1130 2031 assumeret
1163 2007 1211 2031 ac
1248 1998 1383 2032 tamen
1415 1995 1690 2045 appellatione

135 2065 277 2116 aliqua
308 2068 440 2102 cetera
468 2063 644 2114 imperia
669 2065 959 2116 praemineret.
1020 2062 1114 2105 Nisi
1145 2064 1254 2106 forte
1286 2064 1511 2106 credemus
1536 2064 1688 2120 Lipsio

141 2133 340 2176 Tacitum
360 2134 422 2176 sic
438 2133 747 2190 interpretanti,
761 2141 810 2175 ut
826 2132 1057 2177 Caesarem
1076 2135 1190 2178 dicat
1207 2151 1256 2178 eo
1274 2136 1445 2179 nomine
1459 2152 1544 2178 non
1560 2152 1689 2179 usum

137 2221 232 2249 esse
257 2205 426 2263 publice
443 2203 749 2262 Augustoque,
776 2207 850 2262 qui
872 2207 1037 2263 primus
1064 2223 1170 2250 usus
1191 2216 1304 2251 esset
1331 2208 1688 2265 splendoremque

137 2278 175 2320 ei
203 2278 408 2328 dedisset,
432 2293 518 2320 non
536 2278 746 2320 immerito
766 2279 859 2321 eius
884 2280 1094 2336 originem
1116 2280 1260 2323 tribui.
1292 2280 1517 2323 Praeclara
1544 2281 1687 2324 hercle

137 2351 291 2393 fuisset
304 2350 378 2393 illa
393 2350 584 2406 Augusti
596 2351 800 2402 inventio,
817 2351 1005 2407 quicum
1018 2366 1108 2394 rem
1126 2352 1263 2408 ipsam
1279 2367 1303 2393 a
1314 2360 1433 2408 patre
1450 2368 1528 2395 suo
1543 2362 1688 2396 nosset

138 2438 233 2465 esse
246 2429 511 2479 usurpatam,
531 2423 648 2478 quod
667 2438 765 2465 eum
791 2438 884 2466 sese
900 2424 1103 2480 appellari
1120 2424 1288 2467 iuberet
1310 2425 1383 2480 qui
1403 2433 1529 2475 esset,
1543 2426 1687 2468 nescio

137 2494 253 2550 quod
284 2494 504 2551 fastigium
529 2495 742 2551 potentiae
776 2511 877 2538 suae
909 2496 1116 2538 adiecisse
1147 2497 1374 2539 diceretur.
1416 2495 1485 2540 Ac
1515 2497 1687 2552 quando

84 2579 90 2585 ·
125 2567 389 2624 *Augustum
420 2567 529 2609 illud
564 2568 782 2610 invenisse
808 2569 1035 2624 putamus?
1094 2569 1266 2611 Etenim
1298 2583 1408 2610 anno
1435 2568 1488 2612 36
1516 2584 1553 2611 a.
1584 2567 1687 2611 Chr.

138 2646 235 2696 post
275 2638 376 2681 Sex·
407 2639 658 2696 Pompeium
698 2641 859 2682 victum
898 2641 986 2683 Dio
1026 2641 1204 2691 XLIX,
1247 2641 1296 2683 15
1335 2640 1414 2683 hoc
1454 2641 1492 2682 ei
1540 2641 1687 2683 datum

140 2725 234 2753 esse
255 2711 424 2754 scribit:
454 2713 523 2767 τήν
542 2728 584 2754 τε
613 2711 682 2754 οὖν
714 2713 841 2754 οἰκίαν
877 2707 1265 2770 αὐτῷ’ἐψηφίσαντο
1285 2714 1352 2754 καὶ
1376 2715 1420 2754 τὸ
1449 2714 1548 2769 μήτε
1579 2712 1688 2770 λόγῳ

141 2784 241 2838 μήτε
269 2782 374 2839 ἔργῳ
409 2799 444 2824 τι
471 2785 728 2840 ὑβρίζεσθαι·
771 2786 807 2826 εἰ
839 2787 883 2826 δὲ
924 2787 994 2842 μὴ,
1031 2789 1114 2830 τοῖς
1154 2785 1290 2830 αὐτοῖς
1331 2786 1397 2826 τὸν
1433 2785 1615 2826 τοιοῦτόν
1652 2801 1687 2827 τι

143 2854 344 2911 δράσαντα
381 2855 610 2912 ἐνέχεσθαι,
651 2856 785 2913 οΐςπερ
826 2857 891 2898 ἐπὶ
926 2861 983 2916 τῷ
1025 2857 1224 2913 δημάρχῳ
1262 2855 1470 2898 ἐτέτακτο·
1506 2857 1572 2900 καὶ
1610 2857 1684 2914 γὰρ
