1846 3100
192 146 271 189 162
531 150 585 182 De
611 148 723 182 Gallia
740 149 976 181 Romanorum
1001 149 1176 192 provincia
1201 151 1384 193 appendix.

187 258 331 308 tradit,
360 258 543 315 primum
573 273 658 299 non
686 256 869 299 obscure
897 256 992 299 libr.
1019 258 1078 308 ΙΙ,
1108 258 1177 308 26,
1208 265 1299 301 tum
1327 266 1470 315 aperte
1499 275 1534 303 c.
1561 261 1629 311 27,
1658 260 1734 304 ubi

188 346 322 388 agens
348 332 401 374 de
429 338 592 380 senatu,
622 329 695 385 qui
715 329 806 371 Cal.
824 329 952 371 Mart.
981 330 1079 372 anni
1097 330 1150 373 50
1176 330 1347 374 habitus
1374 340 1452 384 est,
1480 334 1542 376 sic
1563 333 1732 376 scribit:

187 402 395 449 Κλαύδιος
432 405 623 459 εἰςηγεῖτο
662 403 834 458 πέμπειν
871 400 1047 458 Καίσαρι
1082 404 1302 460 διαδόχους
1333 405 1397 446 ἐπὶ
1425 406 1475 447 τὰ
1505 405 1623 460 ἔθνη·
1667 407 1734 448 καὶ

186 476 261 530 γὰρ
304 475 444 530 ἔληγεν
485 478 505 517 ὁ
548 475 716 531 χρόνος,
757 474 874 517 unde
912 474 1187 518 Hofmannus
1227 477 1288 532 (p.
1317 476 1391 531 29)
1429 491 1479 519 eo
1515 478 1608 534 ipso
1649 478 1733 528 die,

187 562 270 602 quo
298 547 470 590 habitus
501 555 565 590 est
596 554 792 597 senatus,
831 547 859 589 i.
888 562 924 589 e.
958 545 1047 591 Cal.
1077 549 1206 590 Mart.
1239 549 1352 591 finiri
1389 549 1616 606 imperium
1646 550 1733 593 col-

186 619 302 675 ligit,
341 635 490 676 parum
519 628 635 662 recta
662 635 814 662 rursus
847 626 972 662 utens
1002 620 1370 676 interpretatione3
1408 637 1506 664 nam
1535 622 1678 678 ἔληγεν
1711 625 1731 665 ὁ

186 691 334 747 χρόνος
360 699 425 734 est
454 692 812 746 appropinquabat
829 694 938 745 finis
965 697 1167 747 temporis,
1199 694 1336 735 exibat
1365 701 1530 748 tempus.
1587 694 1734 747 Quare

186 771 351 805 tantum
390 764 510 806 abest
547 764 774 820 Appianus
811 772 859 805 ut
889 762 982 806 Cal.
1009 764 1139 807 Mart.
1178 766 1276 808 anni
1307 766 1360 809 50
1400 767 1539 810 exisse
1578 767 1732 817 tradat,

186 843 235 878 ut
261 843 360 892 post
390 852 489 878 eum
519 836 633 878 diem
662 836 803 878 exisse
833 837 997 879 doceat.

297 908 589 951 Veruntamen
617 909 848 951 contemnit
873 909 1147 952 Hofmannus
1177 910 1256 952 hos
1281 918 1501 962 auctores,
1536 912 1732 967 quamvis

188 981 264 1022 soli
302 996 355 1022 ex
392 981 591 1024 omnibus
633 981 686 1023 de
715 981 882 1037 imperii
915 979 1162 1024 Caesariani
1193 983 1309 1024 exitu
1340 999 1424 1026 non
1457 984 1733 1040 significatio-

185 1068 282 1094 nem
311 1053 497 1108 aliquam
523 1053 837 1104 obscuriorem,
878 1054 955 1096 sed
985 1061 1178 1110 apertum
1211 1056 1502 1099 testimonium
1538 1057 1732 1100 habeant.

187 1124 399 1180 Displicet
429 1125 468 1166 ei
494 1132 608 1167 totus
639 1141 776 1168 annus
804 1127 871 1176 50,
898 1127 1028 1182 idque
1058 1127 1204 1169 multis
1233 1128 1286 1171 de
1315 1129 1469 1180 causis,
1496 1144 1549 1171 ex
1575 1129 1732 1184 quibus

184 1203 386 1251 quattuor
414 1197 605 1239 nominat
629 1213 671 1253 p.
695 1198 757 1240 13.
812 1198 870 1240 Et
897 1200 1081 1255 primum
1110 1201 1298 1257 quidem,
1328 1201 1480 1256 inquit,
1507 1201 1580 1256 qui
1606 1202 1733 1256 quin-

185 1269 421 1324 quennium
462 1267 659 1312 Caesaris
695 1270 874 1326 imperio
911 1272 1007 1328 lege
1043 1273 1239 1328 Pompeii
1281 1280 1321 1315 et
1354 1271 1502 1315 Crassi
1538 1273 1732 1316 additum

185 1356 280 1383 esse
312 1349 446 1397 putat,
477 1341 593 1383 idem
624 1342 922 1386 decedendum
954 1345 1090 1387 fuisse
1123 1343 1297 1388 Caesari
1328 1361 1438 1388 anno
1471 1346 1525 1387 50
1559 1353 1732 1388 conten-

184 1414 284 1455 dere
318 1428 403 1455 non
431 1420 572 1469 potest
582 1429 592 1463 3
629 1415 905 1457 contenderet
935 1418 1049 1459 enim
1078 1433 1139 1467 ea,
1170 1433 1279 1473 quae
1306 1434 1391 1460 non
1410 1425 1552 1461 essent
1574 1425 1672 1475 apta
1691 1426 1733 1461 et

183 1485 294 1527 inter
320 1501 365 1527 se
393 1486 702 1528 convenientia.
755 1486 970 1531 Nimirum
995 1506 1020 1532 a
1038 1488 1130 1532 Cal.
1152 1490 1280 1532 Mart.
1309 1490 1408 1532 anni
1427 1490 1496 1541 54,
1522 1490 1595 1545 qui
1621 1490 1731 1547 legis

186 1557 381 1600 Vatiniae
422 1558 515 1600 dies
552 1559 712 1609 fuerat,
753 1560 807 1601 ad
847 1577 1007 1603 annum
1033 1562 1087 1604 50
1115 1562 1446 1617 quadriennium
1479 1569 1646 1605 tantum
1670 1562 1731 1604 fit.

183 1631 332 1686 Itaque
349 1630 537 1673 Dionem
566 1631 743 1686 quidem
772 1641 948 1675 excusat
971 1634 1261 1685 Hofmannus,
1290 1635 1364 1690 qui
1390 1650 1488 1677 cum
1517 1634 1571 1676 de
1601 1635 1731 1677 trien—

183 1703 253 1745 nio
278 1703 542 1753 tradidisset,
569 1703 623 1745 ad
652 1718 751 1745 eum
770 1720 930 1747 annum
946 1706 1089 1762 aliqua
1111 1707 1272 1749 ratione
1291 1707 1513 1763 pervenire
1534 1707 1731 1762 potuerit.

182 1775 243 1817 At
260 1775 461 1832 Appiano
486 1775 592 1831 quid
622 1776 860 1818 faciamus?
908 1776 1106 1820 Tradidit
1136 1779 1189 1821 de
1217 1779 1358 1835 priore
1377 1777 1575 1821 Caesaris
1604 1778 1729 1834 quin-

182 1847 381 1902 quennio,
412 1847 542 1889 tradit
566 1847 620 1889 de
651 1848 797 1898 altero,
829 1855 966 1891 tamen
999 1866 1110 1892 anno
1141 1851 1194 1893 50
1221 1851 1314 1892 finit
1341 1851 1582 1907 imperium.
1641 1851 1729 1893 Im-

182 1934 364 1970 memor,
406 1919 565 1974 inquit,
610 1935 711 1962 suae
742 1920 787 1961 in
818 1920 997 1963 alienam
1030 1923 1282 1964 sententiam
1313 1923 1481 1964 transiit
1512 1938 1592 1966 nec
1624 1923 1729 1979 quid

181 1991 364 2047 quisque
401 1991 537 2040 dicat,
581 1991 658 2033 sed
695 1992 800 2046 quid
840 1993 993 2048 cuique
1033 2001 1363 2036 consentaneum
1396 1994 1450 2036 sit
1480 1994 1644 2045 dicere,
1683 1995 1727 2036 id

181 2078 259 2105 nos
298 2070 489 2120 spectare
527 2069 705 2118 oportet.
783 2063 1020 2115 Numeros,
1063 2065 1235 2121 opinor,
1280 2064 1498 2117 nesciebat
1535 2073 1609 2108 aut
1643 2072 1727 2108 tam

183 2135 360 2191 supinae
392 2142 481 2177 erat
509 2135 769 2186 oscitantiae,
802 2143 849 2177 ut
877 2137 992 2191 quod
1021 2138 1149 2179 modo
1181 2136 1387 2187 dixisset,
1422 2137 1467 2178 id
1499 2137 1591 2193 ipse
1620 2137 1728 2180 obli-

181 2205 429 2248 visceretur.
500 2206 652 2249 Nonne
683 2208 778 2264 ipsa
810 2209 915 2252 haec
946 2210 1059 2259 vitii,
1098 2209 1214 2264 quod
1247 2209 1285 2250 ei
1314 2208 1537 2259 tribuitur,
1575 2209 1728 2252 absur-

182 2278 308 2328 ditas,
337 2294 390 2320 ne
416 2294 674 2334 quemquam
701 2281 872 2323 omnino
898 2282 957 2323 ita
981 2296 1185 2337 peccasse
1213 2280 1530 2331 arbitraremur,
1558 2281 1727 2324 efficere

183 2350 360 2393 debuit?
416 2351 628 2401 Alterum,
659 2366 744 2406 quo
775 2352 928 2395 Dionis
962 2367 1078 2395 error
1106 2352 1395 2403 convincatur,
1427 2360 1727 2409 argumentum

179 2422 340 2478 petitur
369 2438 421 2464 ex
444 2421 640 2466 Suetonii
660 2421 785 2466 Caes.
815 2439 850 2466 c.
872 2424 946 2467 26:
982 2426 1130 2466 Caesar
1158 2428 1244 2477 egit
1268 2440 1359 2465 cam
1388 2426 1565 2466 tribunis
1587 2425 1727 2479 plebis,

180 2497 378 2547 collegam
405 2511 444 2536 se
465 2498 654 2548 Pompeio
681 2496 990 2544 destinantibus,
1021 2498 1067 2537 z'd
1084 2499 1224 2548 potius
1254 2499 1312 2538 ad
1325 2499 1525 2550 populum
1539 2500 1725 2550 ferrent,

181 2572 228 2606 ut
256 2566 415 2606 absenti
439 2567 526 2616 sibi,
557 2569 798 2620 quandoque
824 2570 989 2621 imperii
1008 2574 1164 2620 tempas
1184 2571 1344 2622 expleri
1362 2572 1560 2622 coepisset,
1579 2571 1725 2622 petitio

179 2639 349 2678 secandi
371 2640 609 2678 consulatus
641 2640 834 2686 daretur,
865 2653 918 2679 ex
945 2639 1103 2694 quibus
1138 2640 1281 2683 verbis
1313 2640 1587 2682 Hofmannus
1618 2640 1725 2696 peti-

180 2708 337 2750 tionem
372 2709 488 2751 illam
527 2709 905 2751 extraordinariam
933 2710 987 2752 acl
1018 2711 1216 2753 ultimum
1245 2712 1412 2767 imperii
1442 2727 1599 2754 annum
1628 2725 1725 2767 per-

179 2779 313 2822 tinere
343 2781 530 2837 colligit:
569 2781 655 2823 iam
685 2779 914 2823 Caesarem
944 2797 1055 2824 anno
1087 2783 1140 2825 50
1171 2790 1315 2839 petere
1346 2783 1535 2826 voluisse
1568 2797 1724 2825 consu-

178 2850 324 2900 latum,
356 2852 569 2908 efficique,
599 2860 647 2894 ut
675 2860 771 2895 ante
799 2853 969 2895 comitia
997 2855 1095 2896 anni
1115 2855 1168 2897 50
1197 2870 1282 2897 non
1310 2855 1458 2898 exierit
1482 2854 1722 2911 imperium.
