1846 3100
579 132 634 163 De
663 131 776 164 Gallia
799 131 1031 162 Romanorum
1063 128 1246 169 provincia.
1629 120 1684 164 73

137 251 329 300 tempore
362 242 561 285 consules
595 241 639 282 in
675 238 900 282 consulatu
935 237 1055 293 ips0,
1101 233 1324 277 Ciceronis
1357 241 1493 277 aetate
1536 238 1686 275 exacto

138 316 391 372 magistratu
408 315 452 356 in
470 313 713 370 provincias
734 311 943 368 profectos
961 323 1055 351 esse
1074 314 1254 358 constet,
1272 322 1433 349 annum
1448 306 1502 349 74
1516 321 1552 347 a.
1563 303 1685 355 Chr.‚

137 403 223 444 quo
250 387 313 430 Μ.
340 386 555 429 Lucullus
593 396 635 427 et
664 384 728 426 M.
757 381 886 425 Cotta
926 380 1125 423 consules
1162 367 1359 429 fuerunt,
1399 393 1475 435 pro
1505 377 1687 420 termino

138 460 326 516 quodam
351 459 488 502 fuisse
521 463 735 506 statuunt,
775 470 827 496 ex
865 469 950 510 quo
986 453 1234 495 consulatus
1277 452 1383 493 ratio
1423 457 1587 493 mutata
1619 448 1686 499 sit,

139 539 253 575 certe
282 532 441 574 falsum
471 538 549 580 est,
578 544 659 571 nec
688 527 902 584 quomodo
927 534 1001 568 aut
1032 540 1164 581 quare
1189 525 1350 567 factum
1380 523 1447 574 sit,
1481 521 1687 579 explicari

137 611 292 661 potest.
348 602 473 654 Nam,
503 609 553 644 ut
582 616 716 643 unum
748 599 993 655 exemplum
1023 597 1220 647 afferam,
1262 596 1317 650 Q.
1349 595 1576 638 Metellum
1602 591 1688 635 Ce-

139 677 285 726 lerem,
317 690 404 718 cos.
436 674 536 717 anni
565 674 632 724 60,
664 688 796 729 supra
820 670 1069 714 certissimis
1103 669 1357 712 testimoniis
1388 667 1614 711 docuimus
1645 666 1689 707 in

139 749 235 805 ipso
262 747 510 791 consulatus
538 761 649 788 anno
691 745 735 786 in
763 743 1027 800 provinciam
1070 742 1151 784 sibi
1185 741 1399 784 decretam
1437 740 1553 783 exire
1588 754 1686 781 cum

143 821 284 871 vellet,
315 818 580 876 prohibitum
611 832 706 860 esse
736 833 762 859 a
791 816 960 858 tribuno
986 814 1139 871 plebis.
1177 813 1267 856 Sed
1291 821 1389 870 post
1415 813 1525 855 hanc
1550 812 1692 868 legem

145 892 364 936 Vatiniam
398 906 523 934 nemo
563 890 790 942 consulum
827 895 923 931 ante
964 895 1162 930 exactum
1191 887 1490 942 magistratum
1518 883 1692 941 provin-

145 965 254 1008 ciam
295 971 513 1006 externam
548 962 666 1005 adiit.
734 961 880 1016 Quare
923 967 1039 1002 recte
1087 975 1266 1015 prorsus
1305 957 1457 1001 Cicero
1502 957 1556 1000 de
1605 962 1690 998 nat.

144 1038 262 1080 deor.
291 1037 350 1086 II,
380 1036 418 1086 3,
447 1036 472 1078 9
508 1035 618 1078 bella
648 1035 706 1076 ait
735 1034 788 1077 ab
822 1033 1008 1075 ducibus
1042 1032 1135 1089 geri
1169 1032 1324 1088 incipi,
1368 1047 1464 1073 cum
1497 1029 1693 1086 auspicia

142 1109 378 1166 posuerint,
405 1115 447 1150 et
473 1107 560 1150 Dio
580 1105 703 1150 Cass.
719 1106 865 1156 XLV,
896 1106 950 1148 20
976 1105 1039 1147 M.
1069 1104 1258 1147 Antonio
1287 1102 1537 1160 exprobrari
1569 1102 1689 1150 facit,

144 1182 260 1237 quod
295 1181 544 1223 consulatus
574 1180 640 1222 sui
668 1187 856 1235 tempore
891 1177 1041 1220 urbem
1070 1177 1313 1233 reliquerit,
1351 1191 1436 1232 qua
1471 1175 1515 1216 in
1544 1190 1589 1216 re
1618 1174 1690 1216 ille

146 1269 229 1296 non
276 1252 583 1309 negligentiam
631 1251 758 1293 modo
804 1265 1000 1306 magnam
1051 1249 1248 1306 publicae
1296 1247 1446 1291 salutis
1494 1246 1694 1296 ostendit,

146 1341 300 1368 verum
337 1325 462 1367 etiam
499 1324 619 1380 leges
653 1323 843 1365 violavit.
900 1322 992 1364 Nec
1029 1322 1145 1377 quod
1173 1322 1236 1363 M.
1269 1319 1456 1363 Crassus
1494 1334 1604 1362 anno
1642 1319 1694 1360 55

145 1397 392 1440 consulatus
433 1397 500 1439 sui
543 1411 688 1438 mense
724 1403 914 1437 extremo
950 1394 995 1436 in
1034 1394 1299 1450 provinciam
1339 1393 1442 1435 abiit
1484 1390 1606 1449 (Cic.
1641 1391 1696 1434 ad

147 1470 332 1520 Att.1V‚
353 1469 439 1525 13),
470 1468 722 1511 sententiam
750 1476 940 1510 nostram
965 1467 1140 1516 refellit3
1171 1482 1269 1509 nam
1297 1473 1339 1508 et
1370 1465 1695 1522 vituperabatur

147 1542 218 1585 ille
252 1549 477 1598 propterea
519 1549 561 1584 et
603 1542 647 1583 in
681 1540 804 1582 Italia
851 1547 964 1582 certe
1003 1539 1302 1596 magistratum
1343 1553 1470 1580 suum
1499 1537 1698 1592 exegisse

150 1613 325 1656 videtur
351 1622 393 1656 et
419 1613 723 1671 longissimum
762 1612 948 1667 denique
989 1612 1033 1653 in
1069 1611 1334 1668 provinciam
1372 1610 1453 1651 iter
1488 1607 1695 1658 habebat3

152 1701 262 1729 anno
291 1701 394 1728 vero
422 1686 474 1728 43
502 1686 538 1728 si
568 1686 711 1727 Pansa
736 1692 777 1727 et
802 1684 974 1726 Hirtius
999 1684 1043 1725 in
1072 1684 1166 1740 ipso
1197 1682 1422 1725 consulatu
1448 1681 1492 1722 in
1521 1679 1698 1736 provin-

152 1758 240 1802 cias
269 1764 565 1815 properarunt,
597 1764 638 1799 et
665 1756 707 1798 in
735 1756 830 1812 ipsa
857 1756 978 1798 ltalia
1004 1771 1054 1798 ac
1082 1770 1212 1812 prope
1238 1754 1390 1797 urbem
1420 1753 1582 1796 bellum
1607 1759 1695 1795 erat

151 1838 194 1873 et
219 1830 455 1872 exercitum
482 1828 696 1872 habebant
726 1829 923 1870 consules
954 1837 995 1870 et
1025 1828 1210 1884 denique
1238 1827 1364 1869 facile
1395 1834 1566 1869 senatus
1593 1840 1695 1868 con-

153 1902 278 1945 sultis
308 1901 638 1945 excusabantur.

265 1973 354 2017 Sed
385 1974 466 2017 hoc
497 1974 671 2030 quidem
700 1972 890 2015 indicare
923 1973 1061 2029 magis
1091 1989 1217 2029 quam
1247 1972 1460 2028 explicare
1490 1971 1570 2013 hoc
1603 1970 1698 2012 loco

152 2047 401 2097 statuimus3
444 2046 554 2088 illud
595 2053 738 2088 autem
773 2045 1014 2100 quaeritur,
1057 2046 1175 2101 quod
1218 2043 1561 2101 quinquennium
1602 2043 1699 2098 lege

150 2118 325 2161 Vatinia
355 2116 532 2161 Caesari
562 2118 711 2160 datum
740 2125 829 2167 est,
869 2117 994 2172 quale
1024 2118 1154 2159 fuerit
1189 2126 1316 2174 atque
1346 2117 1463 2160 unde
1499 2114 1700 2171 coeperit.

153 2189 326 2233 Cer-tam
357 2205 407 2232 ea
434 2190 488 2232 de
517 2205 563 2232 re
595 2189 949 2246 significationem
979 2189 1108 2232 habet
1137 2188 1291 2233 Cicero
1336 2190 1390 2232 de
1425 2204 1546 2246 prov.
1583 2201 1699 2230 cons.

153 2276 190 2303 c.
225 2262 297 2312 15,
323 2277 410 2318 quo
439 2262 534 2304 loco
563 2261 688 2311 dicit,
716 2277 741 2303 a
767 2261 1028 2317 quibusdam
1060 2262 1163 2304 viris
1194 2262 1441 2304 clarissimis
1469 2259 1701 2304 sententias

153 2333 290 2376 dictas
328 2349 444 2383 esse,
490 2340 539 2375 ut
578 2348 632 2375 ex
663 2333 760 2389 lege
790 2331 1045 2389 Sempronia
1075 2333 1325 2377 consulibus
1367 2334 1412 2375 in
1446 2347 1606 2374 annum
1645 2331 1698 2373 55

153 2406 434 2462 designandis
475 2413 549 2448 aut
585 2405 763 2448 ulterior
798 2404 942 2448 Gallia,
983 2420 1081 2447 cum
1119 2404 1248 2461 Syria
1286 2412 1360 2447 aut
1395 2405 1565 2447 citerior
1598 2404 1701 2445 item

153 2492 254 2520 cum
280 2476 408 2534 Syria
437 2478 752 2521 decerneretur.
786 2478 880 2520 Has
911 2477 986 2533 qui
1017 2477 1234 2527 decernat,
1263 2478 1317 2520 de
1350 2492 1400 2520 eo
1428 2477 1533 2518 haee
1552 2474 1701 2517 habet:

135 2552 277 2590 ·Alter
305 2550 402 2591 belli
431 2552 589 2591 Gallici
615 2553 818 2591 rationem
845 2551 963 2591 habet
999 2550 1047 2604 (i.
1078 2565 1114 2592 e.
1144 2549 1348 2605 relinquit
1379 2547 1555 2591 Caesari
1590 2546 1701 2589 Nar-

154 2620 388 2663 bonensem
429 2620 638 2671 Galliam,
686 2636 739 2664 ex
781 2636 867 2677 qua
906 2622 997 2664 sola
1032 2621 1193 2664 bellum
1235 2635 1334 2663 cum
1374 2619 1568 2662 barbaris
1610 2619 1702 2674 geri

154 2695 368 2749 poterat),
401 2694 605 2746 fungitur
633 2696 775 2747 offic-io
806 2694 902 2734 boni
925 2698 1126 2735 senatoris
1155 2693 1207 2747 (i.
1241 2707 1277 2734 e.
1308 2707 1400 2734 eam
1431 2690 1703 2748 potissimum

154 2764 420 2821 provinciam
446 2764 584 2820 eripit,
617 2779 727 2821 quae
758 2765 893 2808 invito
925 2772 1076 2807 senatu
1096 2763 1272 2807 Caesari
1302 2763 1452 2820 populi
1479 2762 1585 2805 scito
1617 2769 1702 2806 tra-

155 2836 244 2878 dita
270 2843 372 2886 erat,
402 2835 605 2891 relinquit
637 2850 744 2887 eam,
778 2851 908 2891 quam
939 2844 1112 2880 senatus
1143 2836 1236 2892 ipse
1269 2834 1536 2890 addiderat),
1575 2839 1700 2891 legem
