1846 3100
536 151 589 181 De
616 150 750 191 legibus
776 148 1032 190 municipalibus
1058 148 1260 190 HispaniciS.
1586 141 1669 185 283

235 259 377 302 Mixta
401 259 537 316 igitur
567 257 736 300 omnino
764 263 829 298 est
855 255 962 298 ratio
990 255 1320 311 municipiorum
1352 261 1393 296 et
1422 254 1670 296 Malacitani

123 338 166 374 et
195 331 475 388 Salpensani‚
517 330 690 385 duoque
730 329 949 370 hominum
991 342 1149 384 genera
1188 334 1287 369 sunt
1325 327 1368 369 in
1398 327 1504 383 ipsis
1537 327 1669 369 decu-

123 404 330 454 rionibus,
361 404 449 446 duo
477 404 520 445 in
552 401 856 457 municipibus,
887 401 974 442 duo
1004 401 1049 442 in
1075 399 1247 442 incolis:
1282 400 1496 455 quomodo
1527 407 1670 442 autem

122 476 255 519 mixta
290 475 366 526 sit,
410 475 528 517 nulla
565 489 618 516 ex
653 489 699 515 re
737 480 878 529 potest
905 472 1087 529 intelligi
1114 472 1370 527 sanaturque
1398 487 1669 529 magnopere,

121 548 202 604 qui>
225 555 299 591 aut
327 548 445 590 cives
463 547 679 589 Romanos
709 553 782 588 aut
809 545 988 588 Latinos
1013 545 1160 601 plures
1189 545 1233 586 in
1259 545 1311 587 iis
1338 545 1474 587 fuisse
1505 560 1558 586 ex
1583 545 1670 588 ullo

121 620 272 663 horum
300 626 674 663 monumentorum
704 618 798 660 loco
830 618 932 659 velit
964 618 1178 673 colligere.
1236 618 1328 660 Iam
1355 617 1399 658 in
1426 617 1580 659 Latina
1610 617 1670 659 ci-

122 692 274 743 vitate,
315 692 360 734 in
397 707 482 747 qua
521 699 562 733 et
599 691 672 746 qui
710 690 892 732 honores
930 698 1151 746 gesserant
1190 690 1401 732 civitatem
1434 690 1670 731 Romanam

122 764 496 821 consequebantur
534 772 575 805 et
616 764 669 806 ab
703 763 824 804 initio
866 764 955 804 fere
996 763 1238 819 complures
1275 762 1460 805 familiae
1499 762 1670 804 civitate

121 836 315 879 Romana
340 843 512 879 ornatae
545 836 772 878 admisceri
801 835 1017 885 solebant,
1049 843 1298 877 consuetam
1326 850 1502 891 prorsus
1534 835 1671 877 fuisse

122 908 232 952 hanc
262 909 447 951 duorum
478 924 685 966 generum
714 908 963 950 mixtionem
994 923 1122 964 supra
1153 908 1397 964 expositum
1434 914 1498 949 est
1533 922 1671 963 neque

123 998 221 1026 cum
258 983 365 1040 ipsis
403 982 689 1025 monumentis
729 980 959 1037 pugnabit,
1004 981 1077 1036 qui
1119 996 1216 1022 cum
1259 980 1401 1022 omnia
1442 979 1672 1035 municipia

122 1071 217 1099 esse
253 1056 446 1113 potuisse
486 1062 577 1097 tum
607 1054 820 1097 Malacam
851 1054 1189 1110 Salpensamque
1222 1053 1357 1095 fuisse
1390 1052 1534 1094 Latini
1563 1052 1669 1094 iuris

123 1136 293 1172 statuet.
364 1127 452 1171 Sed
486 1127 696 1184 pugnabit
725 1142 823 1169 cum
854 1126 967 1168 omni
998 1126 1245 1181 antiquitate
1275 1126 1467 1168 Romana
1494 1132 1536 1166 et
1567 1125 1670 1166 dum

121 1201 274 1244 harum
315 1200 558 1243 tabularum
599 1199 839 1242 testimonia
884 1215 969 1241 non
1011 1200 1162 1249 violat,
1206 1197 1670 1254 praestantissimorum

123 1274 382 1331 scriptorum
408 1274 679 1316 auctoritates
707 1279 879 1315 evertet.
933 1271 1102 1326 Quodsi
1128 1287 1207 1314 nos
1234 1271 1349 1314 illam
1377 1271 1560 1314 civitatis
1582 1271 1671 1312 Ro-

122 1362 270 1389 manae
305 1354 347 1388 et
379 1346 624 1389 Latinitatis
665 1346 957 1388 confusionem
998 1345 1122 1386 etiam
1161 1344 1205 1386 in
1238 1344 1313 1394 iis,
1355 1359 1464 1399 quae
1500 1344 1671 1386 civitate

120 1419 314 1461 Romana
339 1425 511 1461 ornatae
545 1425 664 1461 erant
693 1417 822 1460 rebus
853 1418 1060 1474 publicis,
1101 1433 1208 1473 quas
1239 1417 1409 1473 proprie
1439 1416 1673 1472 municipia

121 1491 326 1547 appellari
362 1491 504 1533 adhuc
539 1490 826 1540 credidimus,
867 1490 1043 1546 reperiri
1083 1490 1380 1539 docuerimus,
1422 1496 1672 1531 conservata

120 1563 453 1620 Hispanicarum
494 1563 736 1606 tabularum
771 1563 1021 1605 auctoritate
1059 1578 1112 1604 ne
1154 1562 1319 1618 reliqua
1344 1562 1520 1618 quidem
1550 1560 1671 1603 testi-

121 1635 263 1678 monia
294 1636 515 1678 laedemus
548 1636 801 1692 sublataque
833 1635 947 1678 omni
977 1635 1245 1677 dissensione
1275 1635 1413 1691 ipsam
1447 1634 1565 1676 illam
1595 1649 1669 1676 ve-

121 1716 252 1750 terem
276 1708 329 1750 de
345 1708 677 1763 municipiorum
693 1708 786 1750 iure
805 1707 1055 1750 sententiam
1073 1707 1286 1763 praeclare
1307 1707 1669 1750 confirmabimus.

230 1780 294 1823 Ut
323 1787 465 1823 autem
496 1779 548 1823 ab
579 1780 731 1822 incolis
759 1780 1103 1836 proficiscamur,
1135 1794 1208 1822 eos
1238 1787 1405 1822 constat
1434 1779 1669 1836 appellatos

121 1867 216 1895 esse
253 1852 438 1903 incolas,
479 1852 554 1908 qui
590 1852 634 1893 in
669 1867 754 1908 qua
781 1852 1002 1908 republica
1033 1859 1417 1903 commorarentur,
1462 1852 1554 1894 eius
1585 1867 1671 1894 non

121 1933 266 1969 essent
297 1927 427 1969 cives.
486 1925 587 1967 Hoc
616 1931 759 1981 aperte
789 1924 950 1967 indicat
978 1924 1116 1968 Gaius
1142 1925 1186 1966 in
1214 1925 1319 1979 Dig.
1337 1925 1392 1974 L,
1420 1927 1438 1966 1
1474 1923 1549 1975 (ad
1576 1939 1671 1966 mu-

120 1998 366 2055 nicipalem)
396 1998 470 2041 29:
518 2000 659 2039 Incola
697 2004 737 2038 et
771 1999 834 2038 leis
870 1998 1181 2050 magistratibus
1203 2013 1355 2052 parere
1385 1998 1514 2048 debet,
1558 1998 1674 2051 apud

120 2086 217 2125 qnos
245 2073 382 2112 incola
408 2077 486 2121 est,
526 2076 564 2111 et
595 2072 702 2119 illis,
734 2072 850 2123 apud
876 2085 973 2124 qnos
1001 2072 1099 2111 civis
1126 2078 1203 2121 est,
1236 2086 1309 2112 nec
1339 2077 1503 2111 tantum
1533 2072 1671 2111 muni-

120 2145 250 2196 cipali
287 2144 569 2184 inrisdictioni
606 2145 651 2182 in
693 2149 866 2196 utroque
904 2145 1130 2195 municipio
1168 2143 1367 2184 subiectus
1405 2149 1482 2192 est,
1530 2157 1670 2183 verum

119 2218 244 2256 etiam
278 2215 464 2256 omnibus
488 2215 663 2268 publicis
694 2215 932 2256 muneribus
948 2216 1094 2268 fungi
1121 2215 1254 2266 debet,
1298 2215 1576 2270 similiterque
1607 2221 1672 2257 est

119 2287 166 2329 in
194 2287 303 2330 Iust.
331 2285 441 2329 God.
462 2286 526 2337 X,
559 2287 610 2329 39
641 2287 716 2341 (de
745 2287 916 2341 incolis)
948 2287 995 2330 7:
1037 2289 1148 2330 Cives
1177 2289 1337 2341 quidem
1365 2290 1491 2340 origo,
1520 2302 1668 2328 manu-

119 2362 269 2409 missio,
300 2361 462 2401 allectio
477 2362 541 2400 vel
556 2361 732 2412 adoptio,
759 2362 917 2400 incolas
945 2373 1038 2400 vero
1066 2362 1195 2410 (sicut
1217 2367 1256 2400 et
1282 2361 1398 2400 divus
1423 2361 1672 2401 Hadrianus

120 2433 249 2473 edicto
290 2445 362 2472 suo
398 2434 730 2486 manifestissime
764 2433 1013 2482 declaravit)
1049 2432 1302 2472 doma-ilium
1327 2434 1460 2486 facit.
1524 2433 1671 2486 Quare

123 2503 159 2546 si
186 2503 309 2546 cuius
339 2502 486 2559 oppidi
515 2518 620 2559 ager
638 2504 768 2546 latius
786 2511 902 2559 patet
922 2519 972 2546 ac
990 2511 1159 2560 praeter
1177 2505 1383 2560 oppidum
1402 2505 1545 2561 ipsum
1564 2506 1670 2556 fora,

122 2575 424 2625 conciliabula,
467 2576 586 2619 vicos
621 2576 936 2633 complectitur,
981 2576 1055 2631 qui
1093 2591 1143 2618 ea
1179 2576 1393 2627 incolunt,
1437 2577 1671 2620 dummodo

122 2648 302 2691 eandem
329 2647 512 2691 habeant
539 2648 771 2704 originem,
814 2664 899 2691 non
927 2648 1089 2690 incolae
1122 2649 1214 2691 eius
1242 2649 1388 2705 oppidi
1421 2657 1545 2699 sunt,
1593 2649 1671 2692 sed

122 2719 239 2762 cives
268 2720 399 2776 idque
427 2728 610 2764 testatur
637 2720 854 2777 Ulpianus
883 2720 987 2777 Dig.
1005 2720 1059 2771 L,
1082 2722 1117 2770 1,
1145 2720 1217 2763 30:
1262 2724 1335 2775 qui
1361 2737 1412 2763 ex
1440 2724 1527 2762 vico
1557 2729 1672 2763 ortus

121 2798 199 2842 est,
238 2808 328 2834 eam
357 2796 548 2847 patriam
583 2795 838 2847 intelligitur
874 2793 1040 2842 habere,
1081 2795 1152 2834 oni
1183 2793 1429 2847 reipublicae
1461 2796 1573 2835 vicus
1601 2796 1672 2835 ille

123 2866 348 2918 respondet.
407 2864 628 2915 Efficstur,
658 2871 727 2915 ut,
758 2865 831 2921 qui
861 2864 1053 2907 Malacae
1085 2872 1364 2914 mercaturae,
1395 2879 1520 2921 quam
1549 2866 1594 2909 in
1622 2881 1671 2910 eo
