1846 3100
218 143 299 186 318
626 146 678 178 De
701 146 834 187 legibus
861 146 1120 187 municipalibus
1145 146 1354 188 Hispanicis.

215 253 399 296 urbibus
438 253 653 296 civitatem
680 253 864 295 oblatam
897 268 992 295 esse
1021 259 1157 309 putet,
1187 254 1262 295 sed
1292 268 1383 295 eam
1410 254 1464 297 iis
1492 254 1633 298 datam
1662 269 1764 298 con-

216 325 474 376 dicionibus,
505 341 613 381 quas
642 325 739 367 illae
769 325 871 381 quia
902 325 1096 381 accipere
1125 326 1308 375 nollent,
1340 341 1394 368 ne
1425 326 1639 370 civitatem
1668 328 1763 383 qui-

214 397 314 440 dem
345 397 611 454 petiverunt,
643 413 726 439 non
758 398 901 440 hercle
932 398 1132 453 equidem
1160 405 1306 440 contra
1337 398 1501 440 dicam:
1549 399 1627 442 sed
1654 399 1763 443 illud

216 478 412 513 constare
449 470 613 519 iudico,
654 486 679 511 a
704 469 971 526 Vespasiano
1008 470 1061 512 iis
1092 470 1165 526 qui
1201 470 1358 512 vellent
1386 470 1571 514 oblatam
1598 471 1763 515 Latini-

214 551 367 593 tatem,
413 559 438 585 a
474 542 721 584 Domitiano
759 542 990 584 foederatis
1029 542 1210 585 urbibus
1258 542 1472 585 civitatem
1511 543 1761 587 Romanam.

215 613 355 658 Cuius
386 615 560 671 quidem
586 615 649 656 rei
676 622 979 671 argumentum
1004 631 1088 657 non
1114 615 1296 658 dubium
1322 615 1445 658 nobis
1472 616 1644 659 videtur
1667 632 1762 660 esse

213 689 259 730 in
283 688 393 745 legis
417 686 705 744 Salpensanae
734 687 851 730 rubr.
870 687 1049 738 XXIV,
1075 703 1161 743 qua
1177 688 1449 744 praecipitur,
1479 689 1515 730 si
1534 689 1764 746 imperator

213 761 487 803 Domitianus
518 760 750 802 IIviratum
787 759 969 801 civitatis
1001 758 1290 816 Salpensanae
1327 761 1556 817 recepisset
1591 777 1756 818 suoque

213 833 307 875 loco
335 833 599 888 praefectum
628 847 755 886 quem
781 847 875 874 esse
907 832 1128 882 iussisset,
1158 840 1206 874 ut
1242 833 1279 874 is
1313 834 1555 889 praefectus
1588 848 1639 876 eo
1668 834 1762 877 iure

214 913 343 955 esset,
372 919 455 960 quo
482 912 609 954 esset,
640 905 674 946 si
707 920 805 946 eum
828 905 1014 946 IIvirum
1044 906 1182 947 solum
1205 905 1338 947 creari
1362 907 1619 961 oportuisset
1638 907 1761 962 isque

214 979 332 1020 solus
361 978 476 1020 IIvir
515 985 682 1020 creatus
723 984 849 1018 esset.
914 977 1115 1019 Diximus
1151 978 1205 1020 de
1235 978 1317 1020 hoc
1347 979 1660 1034 praefectorum
1685 995 1761 1036 ge-

212 1066 328 1101 nere,
360 1058 408 1092 ut
436 1050 490 1091 de
518 1049 709 1104 reliquis,
737 1049 781 1091 in
812 1057 1035 1091 comment.
1064 1050 1283 1106 epigraph.
1309 1051 1331 1092 I
1359 1067 1398 1107 p.
1416 1052 1468 1094 54
1496 1059 1538 1094 et
1566 1052 1624 1094 ita
1649 1052 1760 1095 dixi-

212 1139 331 1174 mus,
372 1135 420 1165 ut
450 1137 566 1164 nunc
596 1137 679 1163 non
709 1122 944 1177 poeniteat3
986 1122 1094 1164 illud
1126 1123 1238 1164 enim
1271 1138 1404 1164 unum
1442 1138 1603 1180 genus,
1643 1125 1759 1180 quod

212 1196 451 1246 omisimus,
486 1210 583 1237 cum
613 1194 725 1236 IIvir
754 1210 806 1236 ex
832 1195 940 1236 urbe
970 1195 1247 1250 proficiscens
1277 1210 1355 1237 suo
1382 1195 1477 1238 loco
1500 1198 1760 1251 praefectum

210 1269 436 1324 relinquit,
473 1267 589 1323 quod
619 1268 745 1323 quale
775 1267 904 1309 fuerit
932 1283 986 1310 ex
1015 1268 1111 1323 lege
1143 1268 1315 1310 demum
1346 1267 1609 1324 Salpensana
1640 1270 1759 1312 rubr.

210 1341 351 1384 XXV
378 1341 668 1397 cognoscitur,
694 1340 1000 1383 excusabimur
1015 1341 1130 1396 quod
1149 1348 1251 1383 tunc
1270 1341 1586 1396 ignorabamus.
1633 1342 1759 1385 Dixit

208 1415 264 1457 de
303 1414 453 1457 eadem
489 1429 535 1456 re
567 1413 878 1456 Mommsenius
912 1414 955 1455 in
994 1414 1283 1470 disputatione
1322 1413 1376 1455 de
1410 1414 1565 1457 tabulis
1597 1414 1759 1472 Hispa—

209 1488 318 1530 nicis
349 1503 389 1544 p.
419 1487 514 1536 447,
552 1487 625 1541 qui
652 1487 768 1541 quod
798 1502 933 1528 unum
959 1486 1100 1535 addit,
1141 1487 1378 1542 praefectos
1407 1502 1490 1529 non
1520 1487 1648 1530 modo
1677 1488 1758 1530 hoc

209 1561 522 1616 praefectorum
551 1559 719 1601 nomine
748 1559 966 1615 appellari,
1000 1558 1076 1600 sed
1108 1559 1232 1600 etiam
1253 1559 1416 1601 IIviros
1437 1560 1506 1602 vel
1531 1560 1757 1612 ΙΠΙνίι-οι,

208 1633 351 1674 minus
394 1632 536 1674 credo.
603 1631 684 1673 Est
722 1631 834 1673 enim
875 1639 1022 1673 contra
1061 1631 1267 1673 rationem
1308 1639 1434 1688 atque
1473 1648 1608 1676 unum
1649 1633 1757 1675 illud

210 1705 475 1761 exemplum,
506 1703 622 1758 quod
653 1719 707 1746 ex
735 1704 926 1760 inscript.
954 1703 1130 1760 Neapol.
1161 1719 1202 1760 p.
1230 1704 1311 1746 480
1338 1704 1460 1754 citat,
1500 1705 1581 1747 alio
1611 1705 1755 1762 potius

208 1777 332 1818 modo
363 1776 535 1818 videtur
560 1791 654 1819 esse
682 1777 997 1833 explicandum.
1046 1776 1156 1818 Nam
1183 1776 1246 1818 M.
1266 1777 1435 1823 Alleius
1460 1777 1656 1820 Luccius
1682 1777 1756 1820 Li-

208 1850 321 1893 bella
349 1865 446 1893 cum
476 1853 580 1891 IIvir
602 1854 742 1904 praes.
771 1854 910 1902 quinq.
940 1849 1178 1906 appelletur
1195 1850 1240 1890 in
1255 1849 1391 1891 Inscr.
1409 1850 1542 1906 Neap.
1569 1866 1612 1892 n.
1631 1850 1755 1900 2350,

207 1937 293 1964 non
328 1937 504 1964 necesse
543 1929 608 1964 est
644 1937 758 1964 unus
795 1921 931 1964 honos
971 1921 1253 1978 intelligatur3
1298 1930 1479 1978 possunt
1507 1922 1635 1965 etiam
1667 1922 1755 1965 duo

205 2002 406 2050 recteque
445 1995 490 2036 in
529 1994 613 2036 alio
652 1994 775 2036 titulo
814 1994 874 2049 (n.
904 1994 1034 2047 2267)
1071 1997 1175 2035 llvt’r
1211 1997 1239 2035 i.
1274 1996 1311 2035 d.
1341 1997 1478 2048 quinq.
1517 1994 1754 2037 vocabitur.

207 2066 298 2109 Sed
329 2066 410 2108 hoc
439 2067 541 2122 quia
571 2067 713 2108 minus
743 2066 829 2108 huc
857 2060 1040 2122 pertinet
1058 2080 1143 2107 non
1163 2080 1489 2121 persequemur;
1513 2066 1623 2108 illud
1642 2066 1754 2109 enim

206 2139 322 2194 quod
359 2139 503 2195 agitur
539 2146 740 2194 apparet,
779 2138 998 2180 insolitum
1037 2153 1215 2194 prorsus
1246 2138 1451 2180 honorem
1486 2138 1541 2181 ab
1573 2136 1754 2195 Salpen-

207 2213 322 2254 sanis
350 2211 482 2253 tribui
506 2211 765 2261 Domitiano,
797 2225 892 2252 cum
923 2211 1166 2266 praefectus
1193 2210 1285 2252 eius
1315 2211 1432 2252 solus
1460 2210 1635 2252 iubetur
1659 2225 1754 2252 esse

204 2299 282 2339 pro
323 2284 488 2326 IIviris.
542 2283 666 2325 Idem
693 2298 794 2324 num
835 2282 1064 2338 aliquando
1104 2282 1198 2324 aliis
1236 2281 1563 2338 imperatoribus
1602 2282 1753 2325 datum

205 2356 272 2406 sit,
304 2357 536 2406 nescimus,
569 2355 645 2398 sed
675 2370 761 2396 non
793 2355 1069 2397 consuevisse
1102 2355 1195 2397 fieri
1225 2354 1447 2405 videmus3
1489 2353 1598 2396 illud
1626 2354 1753 2396 etiam

203 2428 483 2485 intelligimus
524 2428 600 2470 uni
637 2427 683 2469 id
713 2427 805 2470 dari
836 2427 1101 2477 Domitiano,
1142 2434 1191 2469 ut
1221 2427 1258 2470 si
1285 2425 1539 2483 Salpensani
1567 2425 1750 2468 eundem

202 2500 407 2543 honorem
435 2501 507 2543 alii
530 2500 776 2557 imperatori
801 2500 956 2542 habere
986 2500 1156 2549 vellent,
1186 2500 1392 2542 mutanda
1419 2506 1532 2542 esset
1559 2498 1630 2540 lex
1653 2511 1750 2539 mu·-

202 2573 412 2629 nicipalis.
479 2572 600 2626 Quid
639 2573 801 2628 igitur?
860 2571 976 2613 Num
1016 2586 1158 2613 errore
1198 2571 1279 2614 hoc
1325 2571 1384 2613 ita
1420 2571 1474 2612 de
1516 2569 1752 2612 Domitiani

202 2646 416 2702 praefecto
449 2645 655 2701 scriptum
685 2659 779 2687 esse
809 2643 1084 2701 putabimus?
1137 2643 1241 2686 Fuit
1270 2643 1405 2693 enim,
1444 2642 1518 2697 qui
1548 2642 1608 2684 ita
1635 2641 1750 2684 scul-

201 2718 335 2774 ptoris
366 2718 434 2760 vel
460 2718 604 2760 nescio
632 2717 756 2759 cuius
785 2731 927 2758 errore
957 2716 1164 2772 scriptum
1197 2731 1291 2758 esse
1311 2715 1572 2758 existimaret
1588 2713 1750 2768 legem-

201 2805 284 2846 que
305 2790 416 2832 hanc
435 2790 585 2839 fuisse,
610 2796 658 2830 ut
676 2789 864 2831 omnium
883 2788 1187 2844 imperatorum
1204 2786 1408 2844 praefecti
1427 2785 1588 2842 singuli
1607 2792 1749 2828 essent

200 2876 278 2918 pro
307 2861 420 2904 binis
444 2861 610 2904 IIviris.
664 2861 779 2903 Tum
803 2860 940 2903 omnis
972 2860 1206 2916 disputatio
1234 2859 1418 2908 tollitur3
1453 2873 1551 2900 nam
1579 2856 1749 2900 errandi
