1846 3100
419 159 473 192 De
501 157 614 192 Gallia
638 159 871 191 Romanorum
899 158 1074 201 provincia
1098 158 1281 200 appendiX.
1546 153 1623 197 189

79 268 246 311 dicante
290 267 346 311 A.
372 267 485 310 Iulio
510 267 668 309 Pisone
706 266 791 322 leg.
826 266 942 322 Aug.
978 280 1042 322 pr.
1070 280 1131 322 pr.
1171 280 1196 306 a
1233 264 1553 308 centurionibus
1585 271 1627 307 et

79 340 291 384 veteranis
327 343 403 395 leg.
438 343 503 381 III
523 341 642 393 Aug„
679 341 753 392 qui
776 341 960 380 militare
988 344 1207 391 coeperunt
1236 338 1456 378 Glabrione
1483 344 1523 379 et
1543 340 1626 378 Ho-

78 415 208 455 mullo
241 420 281 455 et
315 415 532 455 Praesente
570 418 611 452 et
641 413 796 462 Rufino
826 426 901 453 cos.
929 410 958 452 i.
985 425 1020 452 e.
1049 425 1145 451 ann.
1177 409 1255 452 152
1286 416 1327 451 et
1359 410 1463 460 153,
1503 410 1627 452 tertia

78 485 162 542 ipsi
192 485 248 528 A.
276 485 388 528 Iulio
413 483 561 526 Pisoni
598 483 652 526 ab
688 482 843 525 iisdem
882 481 1203 525 centurionibus
1234 489 1276 523 et
1307 482 1518 525 veteranis
1547 485 1626 536 leg.

80 561 143 600 ΙΙΙ
165 562 294 612 Aug„
336 560 411 612 qm·
442 560 626 599 militare
665 562 884 610 coeperunt
920 555 1074 597 iisdem
1108 555 1230 597 annis
1269 555 1424 612 (Leon.
1454 554 1625 597 Renier.

79 630 108 672 l.
131 631 160 672 l.
193 646 235 673 n.
261 630 314 672 45
341 637 383 672 et
409 629 497 685 46).
553 628 648 670 Hae
675 628 976 683 inscriptiones
1001 627 1314 670 Mommsenius
1341 627 1627 670 dubitandum

81 718 175 746 esse
203 702 379 759 negavit
407 701 511 758 quin
542 716 633 743 eam
662 700 716 743 ob
748 715 921 743 causam
951 700 1115 756 positae
1147 700 1253 751 sint,
1290 700 1408 756 quod
1436 699 1626 743 veterani

81 776 180 819 facti
208 776 306 826 sint,
336 774 410 830 qui
439 779 700 830 posuerunt:
734 788 811 815 cur
834 772 1118 822 centuriones,
1144 773 1216 828 qui
1236 773 1278 814 in
1298 773 1469 815 duobus
1489 772 1626 815 titulis

82 863 180 891 cum
210 847 421 891 veteranis
452 846 787 902 coniunguntur,
817 845 1050 901 posuerint,
1081 860 1165 886 non
1193 845 1325 887 addit.
1383 845 1469 887 Sed
1494 845 1627 887 etiam

82 921 136 964 de
172 920 385 964 veteranis
423 933 679 976 magnopere
721 917 908 960 dubitari
947 933 1075 974 posse
1116 918 1256 960 video.
1312 918 1419 960 Nam
1452 918 1626 960 alteram

46 1020 48 1025 =
83 1009 135 1036 ex
160 992 524 1049 inscriptionibus,
551 1006 661 1047 quae
688 991 837 1033 citatae
864 997 976 1044 sunt,
1003 990 1184 1046 positam
1212 1006 1305 1032 esse
1325 998 1489 1033 constat
1518 1005 1628 1033 anno

87 1066 164 1110 176
192 1082 234 1122 p.
263 1063 380 1116 Chr„
410 1071 458 1106 ut
488 1064 640 1120 viginti
668 1071 754 1106 tres
782 1064 879 1106 anni
908 1063 1222 1120 praeterierint,
1253 1070 1479 1119 postquam
1511 1069 1628 1105 vete-

81 1139 174 1182 rani
209 1138 270 1180 illi
305 1138 485 1180 militare
528 1144 781 1193 coeperunt,
821 1136 1008 1179 veterani
1047 1142 1213 1185 autem,
1257 1135 1300 1177 ni
1342 1136 1486 1186 fallor,
1530 1142 1629 1192 post

83 1211 236 1267 viginti
265 1225 471 1253 annorum
505 1209 717 1266 stipendia
745 1209 836 1251 fieri
871 1208 1076 1258 solebant,
1108 1215 1156 1249 ut
1186 1214 1247 1249 tot
1275 1208 1485 1264 stipendia
1514 1223 1628 1249 eme-

82 1284 166 1334 riti,
195 1283 391 1339 quamvis
415 1297 500 1324 non
526 1284 767 1338 acciperent
794 1281 1016 1323 honestam
1042 1280 1303 1330 missionem,
1335 1287 1474 1322 tamen
1502 1295 1629 1322 vaca-

83 1356 197 1398 tione
226 1371 452 1398 munerum
481 1355 762 1398 castrensium
793 1361 834 1396 et
862 1361 1158 1396 veteranorum
1188 1353 1348 1395 honore
1382 1353 1523 1394 statim
1550 1352 1628 1393 do-

83 1435 306 1471 narentur:
353 1428 415 1470 sic
444 1427 553 1470 tradi
581 1434 695 1470 certe
725 1443 750 1469 a
777 1426 879 1469 viris
910 1426 1047 1468 doctis
1079 1426 1298 1476 videmus,
1339 1440 1477 1480 neque
1516 1424 1629 1466 enim

82 1501 166 1557 ipsi
189 1501 494 1557 quaesivimus.
550 1499 682 1553 Quod
715 1499 749 1542 si
778 1499 838 1540 ita
867 1505 953 1548 est,
993 1514 1097 1540 num
1133 1506 1356 1540 veteranos
1398 1496 1629 1538 triennium

83 1580 182 1629 post
207 1573 375 1629 expleta
405 1571 619 1628 stipendia
646 1578 893 1628 expectasse
923 1578 1140 1626 putamus,
1170 1578 1395 1624 antequam
1417 1584 1494 1625 pro
1512 1576 1629 1610 vete-

83 1660 284 1688 ranorum
321 1645 481 1687 honore
515 1643 758 1701 imperatori
792 1643 1018 1699 legatoque
1045 1643 1216 1684 titulum
1247 1642 1368 1683 illum
1395 1641 1629 1697 ponerent?

87 1717 176 1760 Sed
205 1732 284 1760 cur
312 1717 494 1760 duorum
525 1731 730 1759 annorum
756 1715 909 1759 milites
940 1715 1197 1759 coniunctim
1221 1715 1362 1771 legato
1383 1729 1462 1757 suo
1484 1714 1629 1757 nescio

85 1790 190 1846 quid
235 1789 499 1846 posuerunt?
555 1788 714 1831 Nescio
754 1788 859 1843 quid
901 1803 1123 1830 commune
1164 1787 1414 1836 habuerint,
1462 1786 1538 1828 sed
1576 1786 1630 1827 de

85 1878 196 1906 anno
220 1863 389 1905 militari
418 1876 498 1904 nec
526 1876 621 1904 esse
648 1861 984 1903 demonstratum
1010 1875 1090 1903 nec
1114 1874 1242 1916 posse
1266 1858 1435 1901 omnino
1454 1858 1631 1901 demon-

89 1935 214 1978 strari
246 1934 452 1991 intelligO.

198 2007 344 2063 Atque
389 2007 526 2049 elevat
570 2007 663 2063 ipse
709 2006 1018 2049 Mommsenius
1064 2004 1306 2061 opinionem
1354 2018 1475 2045 suam
1522 2002 1630 2044 miro

86 2079 224 2122 modo.
284 2079 457 2122 Etenim
489 2079 524 2122 si
554 2086 644 2121 erat
674 2079 788 2121 ullus
818 2079 911 2127 ille,
951 2093 1079 2133 quem
1110 2076 1299 2125 coniicit,
1344 2090 1482 2118 annus
1520 2074 1630 2115 mili-

86 2152 202 2202 taris,
237 2151 409 2194 videtur
434 2152 478 2193 in
509 2166 558 2194 eo
588 2152 723 2194 fuisse
751 2151 939 2207 positus,
982 2156 1030 2191 ut
1058 2147 1150 2191 Cal.
1180 2148 1350 2190 Martiis
1381 2155 1422 2190 et
1452 2147 1632 2188 iniretur

87 2231 128 2265 et
157 2224 444 2280 deponeretur
469 2223 639 2274 militia3
679 2224 782 2279 quid
813 2223 925 2265 enim
956 2222 1116 2264 valeret
1147 2220 1294 2263 aliud?
1353 2219 1414 2261 At
1443 2219 1630 2260 Momm-

88 2296 233 2339 senius
263 2296 379 2338 varie
408 2296 618 2352 disputat,
665 2296 846 2352 primum
877 2301 989 2337 certe
1019 2308 1104 2335 non
1134 2308 1311 2335 necesse
1342 2292 1497 2340 fuisse,
1538 2288 1630 2332 Cal.

86 2367 255 2409 Martiis
285 2368 442 2410 milites
473 2375 514 2410 et
543 2368 835 2425 deligerentur
864 2374 905 2409 et
935 2366 1269 2408 dimitterentur:
1313 2379 1411 2406 nam
1442 2363 1631 2404 delectus

88 2440 202 2482 diem
229 2455 282 2482 ex
311 2439 486 2482 arbitrio
516 2439 782 2495 imperatoris
812 2438 1070 2496 pependisse
1101 2444 1228 2492 atque
1259 2437 1302 2477 in
1333 2435 1489 2478 tabulis
1520 2434 1631 2477 mili-

87 2519 179 2554 tum
217 2512 384 2554 nullum
423 2511 536 2553 diem
573 2526 659 2554 non
693 2511 922 2562 nominari,
966 2509 1214 2552 missionem
1243 2509 1344 2550 item
1375 2508 1516 2550 datam
1546 2521 1632 2549 non

86 2591 184 2640 post
221 2591 337 2626 certa
375 2583 608 2640 stipendia,
650 2584 726 2626 sed
755 2583 926 2639 quando
955 2583 1142 2639 placeret
1168 2580 1435 2637 imperatori,
1476 2578 1631 2620 deinde

87 2662 242 2707 tamen,
273 2656 309 2698 si
333 2657 563 2699 universus
593 2656 654 2698 rei
680 2656 787 2698 ordo
818 2661 1093 2712 spectaretur,
1125 2653 1263 2708 videri
1285 2653 1374 2694 fere
1393 2650 1484 2694 Cal.
1502 2651 1631 2693 Mart.

88 2734 130 2770 et
173 2728 305 2784 deligi
346 2735 388 2770 et
429 2727 585 2770 dimitti
623 2727 923 2777 consuevisse3
966 2743 1066 2770 nam
1107 2734 1148 2768 et
1183 2722 1333 2781 primis
1372 2723 1632 2780 reipublicae

88 2800 306 2843 Romanae
329 2799 592 2856 temporibus
614 2799 844 2856 incipiente
861 2814 962 2842 vere
983 2810 1265 2841 convocatum
1285 2811 1380 2838 esse
1398 2796 1633 2839 exercitum

51 2928 56 2934 ἡ
90 2879 132 2914 et
158 2872 240 2922 sub
266 2870 593 2928 imperatoribus
620 2872 844 2914 missiones
869 2871 1042 2913 ineunte
1068 2883 1214 2912 mense
1238 2868 1436 2911 Ianuario
1452 2882 1632 2910 consue-
