1846 3100
580 156 635 188 De
663 155 776 189 Gallia
800 157 1033 189 Romanorum
1064 156 1250 199 provincia.
1637 156 1690 198 23

142 262 386 321 Cisalpinae
413 264 711 314 disiunctione,
745 263 860 319 quod
891 263 1060 306 Marius
1087 265 1128 306 in
1159 266 1308 320 quinto
1339 267 1564 308 consulatu
1596 273 1693 322 post

140 337 277 380 victos
293 337 513 380 Teutonos
544 352 622 393 per
647 337 780 392 Alpes
812 343 1110 392 transgressus
1140 335 1345 380 Catulum
1374 338 1540 380 adiuvit
1570 337 1691 394 Cim-

141 408 327 464 brosque
357 425 489 466 prope
516 409 731 451 Veronam
776 408 888 450 vicit.
950 408 1056 450 Erat
1091 409 1204 451 enim
1241 418 1343 452 tunc
1383 417 1424 452 et
1462 411 1615 452 consul
1642 426 1692 453 ac

143 481 301 523 maiore
326 481 510 536 quadam
540 487 748 536 potestate
774 480 996 535 praeditus
1025 496 1155 536 quam
1170 482 1245 537 qui
1273 483 1579 538 proconsulare
1598 489 1692 524 tan-

142 560 233 594 tum
265 553 490 609 imperium
520 552 705 595 habebat
721 551 917 602 Catulus,
947 559 989 594 et
1019 569 1044 595 a
1063 562 1212 596 senatu
1239 555 1308 596 vel
1324 555 1485 611 populo
1498 555 1691 597 Romano

140 625 265 668 facile
295 625 350 668 ad
384 626 664 668 avertendum
686 625 925 682 periculum
947 624 992 666 in
1018 625 1184 668 Italiam
1216 627 1360 669 vocari
1388 627 1541 683 potuit,
1568 627 1692 669 cuius

141 697 203 740 rei
234 698 492 740 mentionem
524 698 560 740 si
601 697 830 753 scriptores
865 697 1108 747 omiserint,
1144 713 1230 740 non
1260 698 1416 741 mirum
1443 698 1568 741 nobis
1598 714 1692 741 esse

142 769 371 812 videbitur.
427 770 718 813 Veruntamen
761 767 1026 825 Cisalpinam
1060 768 1246 812 Galliam
1278 771 1556 813 inferioribus
1586 778 1692 813 tem-

139 841 317 898 poribus
347 857 432 884 non
460 843 596 885 fuisse
623 843 884 898 peculiarem
903 842 1052 898 populi
1066 842 1249 884 Romani
1262 843 1527 898 provinciam
1545 849 1694 899 postea

141 915 391 957 certissimis
419 914 684 971 argumentis
717 913 1122 963 demonstrabimus,
1149 929 1229 956 neo
1261 915 1295 956 si
1311 922 1462 970 postea
1491 929 1577 956 non
1597 914 1692 965 fuit,

141 997 474 1030 consentaneum
513 995 597 1037 est,
639 997 688 1029 ut
723 986 854 1029 fuerit
892 987 973 1029 hac
1014 993 1164 1028 aetate.
1221 986 1550 1043 Transalpinam
1591 1002 1692 1029 vero

142 1058 327 1102 Galliam
372 1067 414 1101 et
462 1058 756 1115 superioribus
804 1059 1069 1115 temporibus
1120 1073 1206 1100 non
1250 1058 1385 1101 fuisse
1426 1058 1694 1114 provinciam

145 1131 374 1174 docuimus
411 1139 453 1173 et
485 1131 613 1187 paulo
645 1138 744 1187 post
770 1130 901 1173 Marii
930 1138 1110 1173 aetatem
1140 1145 1242 1172 suos
1270 1129 1474 1172 habuisse
1504 1139 1692 1175 rectores

142 1203 454 1259 intelligemus,
495 1211 543 1245 ut
573 1218 650 1258 per
679 1204 818 1259 ipsam
850 1203 910 1244 rei
941 1203 1145 1244 rationem
1176 1217 1262 1244 non
1296 1201 1522 1245 abhorreat
1552 1219 1578 1245 a
1603 1205 1695 1246 veri

142 1275 435 1326 similitudine,
465 1291 491 1317 a
517 1273 567 1317 C.
600 1275 752 1325 Mario,
782 1275 856 1330 qui
886 1275 1132 1317 universam
1161 1282 1203 1316 et
1227 1275 1397 1330 pacavit
1426 1282 1467 1317 et
1498 1275 1693 1318 defendit

144 1354 186 1389 et
213 1348 434 1397 recreavit,
465 1362 558 1390 eam
589 1347 632 1389 in
651 1347 898 1404 provinciae
921 1348 1101 1389 formam
1123 1362 1218 1389 esse
1241 1347 1471 1389 redactam.
1508 1347 1695 1390 Accedit

142 1419 262 1469 illud,
297 1420 413 1475 quod
445 1435 613 1476 semper
643 1420 746 1462 mihi
777 1419 960 1462 maxime
979 1420 1136 1461 mirum
1152 1419 1295 1461 visum
1313 1426 1390 1469 est,
1423 1435 1501 1462 cur
1519 1420 1692 1462 tandem

142 1491 331 1534 Marium
365 1491 570 1541 Romani,
615 1499 662 1534 ut
706 1492 1004 1548 imperatorem
1050 1499 1197 1534 contra
1241 1491 1446 1534 barbaros
1489 1491 1693 1535 idoneum

141 1563 368 1614 haberent,
408 1563 578 1606 sexiens
613 1565 834 1606 consulem
858 1564 1053 1606 crearint.
1115 1564 1212 1606 Hoc
1250 1563 1324 1618 qui
1353 1570 1500 1606 nostra
1529 1564 1693 1607 ratione

143 1644 320 1692 accepta
349 1635 515 1678 Galliae
543 1636 752 1691 quicquid
782 1644 885 1678 tunc
915 1635 1142 1679 subactum
1174 1643 1277 1685 erat,
1312 1651 1410 1677 cum
1440 1635 1564 1678 Italia
1591 1650 1693 1678 con-

142 1707 336 1750 iunctum
366 1709 501 1750 fuisse
533 1716 709 1758 statuet,
745 1708 870 1750 facile
901 1708 1152 1764 explicabit,
1181 1708 1255 1763 qui
1286 1715 1472 1749 veterem
1503 1708 1694 1750 virorum

142 1779 367 1822 doctorum
398 1780 641 1837 opinionem
683 1787 910 1836 sequetur,
948 1780 1067 1822 nullo
1093 1787 1219 1836 pacto
1248 1779 1487 1835 intelligere
1523 1780 1692 1834 poterit.

143 1851 294 1907 Neque
317 1852 430 1894 enim
451 1852 594 1895 hercle
610 1852 807 1902 Romani,
838 1853 1033 1908 quamvis
1050 1860 1225 1908 propter
1239 1851 1495 1907 Iugurtham
1522 1860 1694 1906 captum

144 1924 378 1979 gratiesse
405 1932 633 1980 cuperent,
676 1931 839 1966 tantum
871 1924 964 1967 eius
994 1924 1145 1966 honori
1183 1923 1446 1973 tribuerunt,
1484 1931 1693 1979 quantum

143 2011 363 2051 nunquam
394 2004 539 2046 antea,
570 2011 650 2038 nec
676 1997 784 2038 adeo
821 1997 943 2039 illum
975 1995 1056 2038 sibi
1089 2011 1235 2038 carum
1264 2011 1359 2038 esse
1388 2002 1583 2051 oportere
1611 2011 1693 2051 pu-

144 2067 302 2118 tabant,
335 2075 383 2110 ut
415 2072 545 2110 unius
577 2068 758 2110 hominis
789 2069 978 2125 augendi
1009 2083 1140 2111 causa
1171 2069 1290 2124 leges
1321 2067 1506 2110 civitatis
1540 2067 1693 2108 infrin-

143 2148 306 2196 gerent.
370 2140 522 2182 Nonne
567 2140 670 2182 item
713 2147 837 2183 antea
882 2156 1009 2197 saepe
1058 2141 1225 2197 magnis
1263 2139 1595 2197 imperatoribus
1638 2139 1693 2182 ad

144 2227 300 2268 magna
337 2212 448 2255 bella
488 2205 752 2254 conficienda
788 2227 896 2268 opus
943 2214 1113 2256 fuerat?
1181 2213 1332 2255 Nonne
1373 2212 1520 2268 Scipio
1559 2210 1695 2253 maior

143 2284 304 2326 bellum
329 2284 544 2327 Punicum
577 2285 832 2334 confecerat,
862 2285 1000 2327 minor
1023 2282 1328 2341 Carthaginem
1359 2292 1401 2327 et
1417 2282 1693 2326 Numantiam

144 2356 327 2406 delerat,
371 2356 584 2399 Aemilius
614 2357 778 2399 Paulus
810 2357 1108 2399 Macedoniam
1146 2364 1337 2413 ceperat,
1390 2371 1530 2398 nonne
1569 2355 1692 2397 multi

144 2429 278 2471 multa
305 2428 417 2471 bella
443 2438 771 2484 composuerant
798 2429 889 2470 sine
918 2429 1197 2485 multiplicato
1223 2428 1471 2471 consulatus
1503 2427 1693 2469 honore?

146 2498 238 2542 Cur
268 2515 351 2542 non
379 2500 495 2542 idem
524 2507 628 2542 tunc
653 2499 848 2542 focerunt
875 2501 919 2542 in
931 2501 1086 2551 Mario,
1118 2500 1236 2556 quod
1266 2501 1366 2543 olim
1390 2500 1433 2541 in
1457 2499 1573 2541 illis?
1601 2498 1693 2540 Nec

144 2580 294 2628 postea
319 2572 469 2614 eadem
497 2573 797 2614 consulatuum
826 2573 1111 2615 cumulatione
1138 2573 1262 2633 quasi
1292 2572 1360 2615 usi
1391 2572 1529 2620 sunt3'
1554 2584 1692 2625 neque

146 2644 258 2686 enim
295 2652 369 2686 aut
400 2644 522 2686 Sulla
557 2651 630 2686 aut
658 2644 892 2700 Pompeius
930 2652 1004 2687 aut
1040 2643 1220 2694 Caesar,
1267 2659 1366 2687 cum
1405 2643 1607 2685 diuturna
1644 2657 1695 2684 ac

145 2716 294 2772 gravia
310 2715 422 2758 bella
439 2722 648 2771 gererent,
681 2717 948 2759 consulatum
971 2717 1070 2773 plus
1090 2717 1222 2759 semel
1238 2715 1383 2772 adepti
1399 2723 1511 2757 sunt.
1546 2714 1693 2767 Quare

145 2802 225 2829 nec
253 2787 297 2828 in
327 2786 568 2829 incredibili
595 2788 782 2842 quodam
807 2789 955 2845 populi
984 2788 1166 2830 Romani
1203 2802 1307 2844 erga
1336 2787 1525 2828 Marium
1553 2785 1694 2828 studio

146 2873 227 2902 nec
255 2859 301 2901 in
332 2859 543 2902 bonorum
570 2858 875 2915 imperatorum
903 2860 1048 2916 inopia
1081 2875 1211 2903 causa
1240 2859 1395 2901 totiens
1424 2857 1694 2916 multiplicati
