1846 3100
0 697 18 797 ἢ,

574 145 628 177 De
654 143 769 177 Gallia
793 143 1029 176 Romanorum
1058 142 1243 186 provincia.
1591 137 1669 182 137

124 258 266 308 citavi,
299 256 404 300 scite
436 254 605 298 sublata
635 258 700 295 est
728 267 753 294 a
782 252 898 294 Bart.
925 250 1136 307 Borghes.
1167 250 1211 293 in
1239 250 1396 293 Annal.
1422 251 1528 293 Inst.
1557 250 1672 293 arch.

128 330 234 374 1849
266 345 308 386 p.
336 329 404 372 58.
473 327 616 369 Docet
654 325 767 367 enim
809 340 862 366 ex
901 324 1043 366 Dione
1069 323 1245 374 LVIII,
1276 323 1351 373 23,
1391 324 1465 379 qui
1499 330 1675 380 propter

125 402 312 459 inopiam
339 406 583 444 senatorum
609 413 662 440 ex
689 397 912 440 senatoriis
937 395 1170 453 provinciis
1196 396 1417 451 quasdam,
1443 411 1552 452 quae
1574 410 1674 438 con-

126 476 289 519 sulares
328 480 492 523 essent,
530 486 607 528 per
631 485 720 513 -sex
751 484 883 512 annos
912 468 965 511 ab
993 468 1147 510 iisdem
1176 468 1508 525 proconsulibus
1536 474 1674 510 rectas

125 563 220 590 esse
248 553 414 596 narrat,
447 551 488 587 et
518 558 571 585 ex
597 542 720 584 titulo
751 539 802 584 C.
829 541 992 584 Maenii
1020 540 1161 590 Bassi,
1194 540 1270 596 qui
1299 543 1361 583 M.
1390 543 1533 582 Silani
1550 555 1675 594 prae-

112 622 260 672 fectus
281 619 466 672 fabrum
505 623 616 657 sexto
652 614 891 671 appellatur
930 613 1067 670 (apud
1103 613 1311 655 Kellerm.
1350 613 1451 667 Vig.
1487 627 1529 654 n.
1558 612 1675 666 257),

126 692 189 734 M.
210 691 419 741 Silanum,
449 687 546 731 Caii
566 685 765 730 Caesaris
795 701 1007 736 socerum,
1033 700 1112 742 per
1142 700 1217 728 sex
1242 700 1376 728 annos
1404 684 1457 727 ab
1484 700 1595 727 anno
1622 685 1676 728 32

127 764 301 807 Africae
318 761 573 820 praefuisse,
597 767 690 801 tum
706 766 955 802 revocatum
975 773 1025 800 ac
1043 757 1149 799 mori
1171 764 1363 800 coactum
1381 772 1476 800 esse
1497 772 1606 799 anno
1624 758 1676 800 39

126 837 234 895 (Dio
262 835 398 886 LIX,
433 835 481 884 8;
514 832 635 875 Suet..
666 829 806 888 Calig.
833 820 910 880 23'3
947 829 1049 872 Tac.
1079 829 1230 886 Agric.
1261 831 1321 886 7).
1390 829 1516 871 Tunc
1545 829 1679 886 igitur

129 908 275 951 statuit
305 905 507 964 Caligula
537 903 801 962 provinciam
830 902 1038 952 dividere,
1067 901 1214 945 divisit
1241 903 1368 960 paulo
1394 909 1493 959 post
1521 902 1574 944 L.
1601 902 1676 944 Pi-

129 996 229 1024 sone
259 980 304 1022 in
321 979 514 1022 Africam
543 977 688 1027 misso,
717 982 766 1018 ut
793 975 864 1017 hic
887 975 1053 1030 primus
1083 975 1390 1031 angustiorem,
1419 975 1481 1018 M.
1503 974 1676 1018 Silanus

129 1060 372 1110 postremus
403 1058 590 1094 veterem
613 1048 878 1106 provinciam
904 1047 1163 1104 proconsule
1189 1048 1359 1090 rexerit.
1406 1046 1495 1090 Sed
1513 1055 1561 1089 ut
1581 1048 1677 1097 hoc,

128 1125 245 1183 quod
273 1124 415 1167 minus
442 1125 528 1166 huc
558 1122 762 1179 pertinet,
803 1121 1044 1170 mittamus,
1085 1135 1185 1163 vere
1218 1136 1242 1162 a
1271 1118 1471 1175 Caligula
1495 1120 1540 1162 in
1570 1120 1678 1162 duas

0 1203 7 1234 ἔ
57 1202 62 1207 ’
127 1204 270 1255 partes
291 1197 485 1240 Africam
511 1195 770 1237 disiunctam
799 1208 894 1235 esse
923 1200 1067 1249 aperte
1097 1192 1283 1234 ostendit
1310 1192 1410 1234 Dio.
1463 1192 1552 1246 Qui
1582 1207 1678 1234 cum

128 1270 186 1313 ait
213 1271 281 1312 καὶ
301 1270 341 1316 ἐξ
362 1269 517 1311 ἐκείνου
549 1268 616 1308 καὶ
646 1268 766 1321 δεῦρο
799 1270 916 1306 τοῦτο
948 1267 1136 1320 γίγνεται,
1167 1265 1250 1307 hoc
1278 1271 1391 1307 certe
1417 1264 1532 1314 dicit,
1563 1265 1679 1319 quod

127 1343 372 1386 institutum
405 1341 459 1384 sit
487 1356 512 1383 a
539 1337 753 1395 Caligula,
788 1353 927 1393 usque
958 1338 1014 1379 ad
1047 1353 1167 1380 suam
1195 1344 1374 1379 aetatem
1404 1337 1432 1378 i.
1461 1352 1497 1379 e.
1530 1352 1679 1379 saecu-

127 1417 218 1458 lum
249 1414 422 1457 tertium
450 1428 492 1469 p.
523 1411 626 1454 Chr.
657 1425 841 1460 manere,
873 1425 958 1465 quo
986 1417 1175 1466 tempore
1205 1425 1331 1452 nemo
1363 1416 1453 1460 est,
1483 1409 1557 1464 qui
1586 1409 1680 1451 Nu-

129 1488 304 1531 midiam
331 1485 384 1529 ab
402 1485 554 1528 Africa
577 1483 874 1540 proconsulari
896 1497 1075 1539 prorsus
1103 1483 1339 1525 seiunctam
1368 1482 1503 1524 fuisse
1531 1490 1679 1538 neget3

129 1562 220 1618 ipse
262 1559 375 1602 enim
418 1555 732 1600 Mommsenius
778 1555 1013 1611 imperante
1058 1553 1267 1610 Septimio
1313 1553 1476 1596 Severo
1524 1570 1681 1597 nomen

130 1631 338 1690 praesidis
372 1628 603 1672 Numidiae
646 1634 857 1669 mutatum
904 1641 1082 1682 eamque
1127 1642 1252 1682 quam
1297 1634 1446 1683 postea
1488 1627 1681 1670 extitisse

130 1711 253 1762 putat
296 1701 542 1760 provinciae
589 1700 846 1742 divisionem
894 1699 1104 1741 accidisse
1151 1698 1416 1755 opinabatur.
1501 1699 1680 1755 Insigne

131 1777 265 1833 igitur
290 1775 391 1817 hinc
418 1773 602 1816 efficitur
629 1772 948 1821 documentum,
976 1787 1061 1827 quo
1087 1786 1349 1821 moneamur,
1376 1786 1429 1813 ne
1451 1771 1679 1828 scriptores

134 1849 188 1891 de
225 1846 471 1904 legionibus
509 1845 636 1895 solis,
679 1859 787 1899 quae
828 1844 941 1886 vires
985 1843 1152 1900 imperii
1195 1842 1450 1894 efficiebant,
1491 1844 1682 1886 dicentes

132 1920 242 1964 male
268 1919 574 1975 intelligamus,
606 1917 682 1959 sed
710 1916 819 1958 illud
845 1917 992 1971 utique
1019 1924 1253 1966 teneamus,
1279 1915 1396 1971 quod
1425 1915 1682 1959 fundamen-

133 2000 225 2035 tum
262 1991 386 2048 quasi
426 1990 508 2032 fuit
546 1989 714 2046 imperii
755 1989 960 2039 Romani,
1002 1996 1051 2030 ut
1091 1989 1166 2044 qui
1205 1987 1412 2030 militibus
1455 1995 1682 2043 praeesset,

134 2065 319 2108 eundem
347 2063 552 2120 populos,
591 2062 749 2117 quibus
780 2061 934 2103 milites
963 2061 1180 2116 praesidio
1210 2068 1351 2111 erant,
1389 2060 1553 2102 rexisse
1583 2075 1683 2102 cen-

90 2171 95 2175 .
136 2152 319 2180 seamus.
374 2135 521 2189 Quare
552 2134 619 2177 sui
648 2140 768 2176 erant
794 2133 902 2176 fines
933 2134 1179 2188 proconsuli
1208 2133 1405 2182 Africae,
1445 2132 1513 2174 sui
1540 2132 1683 2189 legato

134 2209 365 2252 Numidiae
402 2222 483 2250 nec
515 2206 745 2263 quicquam
779 2206 892 2248 inter
926 2221 999 2249 eos
1039 2220 1285 2255 commune,
1325 2205 1409 2248 nisi
1438 2205 1556 2260 quod
1586 2220 1685 2247 cum

138 2280 374 2336 antiquitus
411 2294 497 2322 una
531 2279 686 2321 fuisset
720 2278 942 2334 provincia
971 2278 1123 2320 Africa
1159 2277 1434 2332 seiunctaque
1453 2291 1495 2317 a
1532 2276 1684 2318 ceteris

135 2352 369 2410 provinciis
397 2351 525 2401 mari,
568 2365 875 2405 nonnunquam
906 2350 1089 2392 fortasse
1120 2349 1373 2405 scriptores,
1407 2349 1511 2390 dum
1542 2348 1685 2391 minus

137 2432 334 2470 accurate
373 2425 633 2479 loquuntur,
677 2423 805 2466 etiam
845 2423 986 2479 legato
1026 2421 1220 2464 Africam
1263 2420 1450 2462 tribuere
1490 2427 1686 2476 possunt.

137 2497 287 2552 Neque
317 2496 451 2545 enim,
490 2495 607 2551 quod
633 2495 722 2546 via,
762 2510 871 2550 quae
900 2495 955 2537 ab
986 2495 1238 2550 imperatore
1269 2491 1492 2534 Hadriano
1523 2507 1548 2534 a
1578 2489 1685 2533 Car-

138 2569 312 2624 thagine
342 2567 588 2610 Thevesten
615 2567 779 2609 munita
806 2574 871 2609 est
907 2567 1082 2621 (Marin.
1112 2565 1211 2608 Act.
1239 2564 1355 2606 fratr.
1384 2563 1490 2605 Arv.
1522 2579 1562 2619 p.
1579 2563 1685 2613 7733

139 2640 344 2683 Letronn.
374 2639 482 2681 Rev.
512 2638 777 2694 archaeolog.
809 2638 916 2682 1844
945 2654 988 2694 p.
1012 2638 1128 2694 825),
1158 2638 1271 2679 facta
1300 2649 1394 2677 esse
1423 2634 1581 2676 dicitur
1610 2649 1686 2677 cu-

139 2718 259 2754 rante
297 2711 346 2753 P.
373 2711 539 2753 Metilio
568 2710 771 2753 Secundo
806 2710 949 2766 legato
978 2709 1168 2766 Augusti
1205 2723 1270 2765 pr.
1297 2722 1359 2763 pr.
1370 2737 1381 2757 ,
1423 2705 1549 2747 docet
1585 2720 1686 2761 pro-

142 2783 331 2826 consulis
373 2790 415 2825 et
453 2782 585 2839 legati
627 2782 870 2838 provincias
909 2796 994 2823 non
1035 2781 1170 2823 fuisse
1213 2779 1388 2822 divisas.
1462 2776 1686 2832 Siquidem

144 2855 180 2897 si
210 2855 280 2898 via
309 2854 480 2911 publice
509 2854 776 2911 imperatoris
807 2854 932 2896 iussu
962 2868 1038 2910 per
1062 2852 1276 2908 legionem
1292 2851 1360 2893 III
1378 2850 1495 2906 Aug.
1521 2848 1687 2890 munie-
