1846 3100
206 138 284 182 126
640 145 692 178 De
720 142 833 177 Gallia
858 143 1094 176 Romanorum
1125 144 1309 185 provincia.

202 264 400 306 praeesse
431 250 591 306 coepit,
632 266 716 292 non
749 257 987 299 constaret,
1031 265 1083 292 ex
1117 257 1330 308 tempore,
1359 268 1447 309 quo
1471 253 1674 297 Tiberius
1705 254 1749 297 in

204 322 516 364 consortionem
546 323 714 379 imperii
746 330 947 379 receptus
973 328 1050 372 est,
1080 330 1196 365 certa
1215 324 1460 368 coniectura
1480 335 1627 382 posset
1642 326 1747 370 fieri.

204 393 292 437 Sed
323 394 406 437 iam
440 395 583 451 ipsum
618 395 700 437 hoc
732 394 980 438 Germanici
1015 395 1241 451 imperium
1271 396 1396 451 quale
1427 397 1556 441 fuerit
1587 399 1749 442 descri-

202 467 391 509 bendum
423 475 500 510 est.
555 467 626 509 De
657 482 707 510 eo
735 467 924 509 breviter
950 482 1246 523 summamque
1274 483 1363 511 rem
1398 478 1595 525 speotans
1621 470 1748 515 Taci-

201 547 272 583 tus
301 540 456 582 Annal.
484 541 519 590 Ι,
553 540 576 582 3
609 540 687 582 ait:
732 543 790 580 At
818 541 980 581 hercule
1010 542 1302 582 Germanicum
1334 545 1468 583 Druso
1494 550 1631 588 ortum
1661 549 1748 587 octo

201 614 316 665 apud
358 614 544 654 Rhenum
592 612 816 665 legionibus
861 615 1056 666 imposuit
1100 613 1420 670 (Augustus),
1471 614 1748 670 similiterque

204 683 382 726 Sueton.
419 682 511 726 Cal.
554 699 590 726 c.
629 688 639 726 1
684 699 782 726 eum
823 686 988 725 missum
1029 687 1087 726 ad
1122 688 1346 726 exercitum
1392 689 1437 727 in
1480 689 1746 731 Germaniam

201 756 307 798 dicit
336 757 411 810 (cf.
441 756 552 799 Vell.
579 757 643 806 ΙΙ,
678 756 755 799 123
784 763 826 798 et
858 756 977 810 125),
1018 771 1206 812 quocum
1245 757 1334 799 fere
1365 758 1635 801 consentiens
1663 757 1748 800 Dio

201 828 344 878 LVII,
374 829 398 869 3
427 829 670 884 praesidem
700 827 956 871 Germaniae
985 828 1181 884 appellat.
1239 827 1328 871 Sed
1355 830 1594 873 accuratior
1619 830 1748 886 longe

200 901 350 942 notitia
377 916 428 942 ex
456 901 508 943 iis
538 902 625 957 peti
654 909 815 957 potest,
843 916 954 957 quae
981 900 1082 944 Tac.
1111 901 1268 944 Annal.
1295 902 1331 952 Ι,
1362 903 1409 945 31
1445 910 1540 960 post
1569 910 1746 947 mortem

201 972 394 1029 Augusti
434 974 550 1030 apud
590 974 802 1017 exercitus
833 973 1116 1017 Germanicos
1155 982 1276 1028 gesta
1313 989 1407 1018 esse
1446 983 1608 1026 narrat,
1649 991 1746 1019 cum

200 1045 393 1088 nondum
422 1046 650 1101 quicquam
681 1061 734 1088 ex
763 1046 829 1096 iis,
860 1061 970 1102 quae
997 1046 1228 1102 Augustus
1251 1046 1507 1098 instituerat,
1537 1056 1747 1093 mutatum

200 1125 301 1160 erat..
351 1121 454 1167 Duo,
483 1118 634 1173 inquit,
665 1121 782 1172 apud
807 1123 943 1172 ripam
975 1121 1110 1161 Rheni
1123 1122 1325 1160 eoeercz’tus
1341 1127 1486 1162 erant:
1512 1123 1584 1162 cui
1599 1135 1746 1162 nomen

198 1193 421 1243 superiori,
460 1191 531 1231 sub
572 1192 612 1234 C.
646 1193 747 1232 Silio
786 1194 945 1245 legat0,·
987 1191 1230 1244 inferiorem
1262 1196 1315 1234 A.
1348 1194 1524 1235 Caecina
1558 1193 1746 1237 curabat.

203 1264 399 1314 Regimen
428 1277 610 1303 summae
638 1266 702 1304 rei
719 1278 840 1316 penes
872 1266 1179 1313 Germanicum,
1205 1266 1364 1317 agendo
1391 1267 1628 1307 Galliarum
1654 1280 1745 1306 cen-

199 1337 267 1376 sui
296 1341 383 1375 tum
415 1338 631 1378 intentum.
679 1335 797 1378 Hinc
827 1335 1034 1378 discimus
1064 1334 1206 1378 minus
1236 1343 1351 1379 recte
1379 1337 1433 1379 ab
1465 1337 1606 1381 Dione
1633 1335 1745 1381 Ger-

201 1407 416 1450 manicum
448 1407 533 1450 dici
563 1407 819 1450 Germaniae
850 1407 1109 1461 praesidem3
1149 1407 1326 1463 regebat
1358 1409 1472 1451 enim
1499 1424 1586 1452 non
1616 1409 1744 1454 modo

199 1479 415 1521 exercitus
442 1478 672 1522 Germanis
701 1480 934 1536 oppositos,
963 1480 1040 1522 sed
1068 1480 1192 1522 etiam
1210 1479 1409 1531 Galliam,
1440 1482 1565 1525 ouius
1594 1481 1744 1527 censui

198 1552 367 1607 agendo
395 1552 585 1594 intentus
616 1560 725 1602 erat,
761 1567 858 1594 cum
887 1552 1064 1594 nuntius
1092 1552 1146 1594 de
1172 1560 1307 1596 morte
1336 1553 1528 1609 Augusti
1557 1554 1744 1597 advenit.

197 1623 289 1666 Nec
327 1623 549 1680 probabile
587 1632 671 1674 est,
715 1639 814 1666 cum
851 1625 1020 1667 Plinius
1060 1639 1110 1667 ac
1147 1624 1303 1668 Strabo
1342 1626 1461 1669 nulla
1488 1625 1745 1671 Germaniae

197 1697 439 1752 provinciae
477 1696 688 1739 mentione
729 1696 843 1740 facta
878 1704 1079 1751 quattuor
1123 1695 1362 1740 Galliarum
1402 1699 1647 1755 provincias
1690 1699 1744 1743 ab

196 1769 401 1824 Augusto
428 1769 644 1811 institutas
676 1784 771 1811 esse
801 1769 998 1819 referant,
1028 1769 1135 1825 ipsis
1165 1771 1367 1814 extremis
1399 1771 1593 1817 eiusdem
1619 1771 1744 1815 annis

196 1841 321 1884 aliam
348 1841 606 1884 divisionem
628 1857 722 1884 esse
747 1849 954 1897 coeptam,
983 1841 1107 1883 cuius
1126 1843 1568 1887 commemorationem
1587 1841 1744 1886 Strabo

198 1921 311 1955 certe
343 1914 536 1955 omittere
567 1928 651 1954 non
677 1913 830 1968 potuit.
895 1911 984 1955 Sed
1015 1913 1261 1956 nominabat
1293 1915 1376 1957 Dio
1406 1915 1524 1970 quod
1552 1915 1598 1957 in
1627 1915 1742 1960 omni

197 1984 445 2028 Germanici
477 1992 686 2040 potestate
714 1985 843 2041 longe
876 1986 1153 2041 praecipuum
1185 1988 1293 2037 erat,
1332 1986 1519 2041 itemque
1549 1985 1742 2038 Tacitus,

197 2072 295 2099 cum
325 2056 570 2113 legionibus
603 2071 700 2098 eum
730 2057 969 2113 praefuisse
999 2058 1160 2108 scribit,
1190 2058 1306 2100 unde
1335 2072 1461 2100 nemo
1489 2065 1576 2100 tam
1605 2059 1741 2115 impe-

195 2130 303 2171 ritus
332 2136 406 2171 aut
432 2143 575 2170 rerum
603 2136 677 2169 aut
705 2129 960 2184 scriptorum
987 2130 1279 2172 Romanorum
1311 2131 1410 2180 erit,
1448 2131 1521 2185 qui
1549 2131 1742 2187 legiones

194 2208 372 2250 tantum,
401 2215 486 2242 non
513 2202 638 2244 etiam
668 2201 909 2256 provincias
941 2202 995 2244 ab
1025 2218 1074 2244 eo
1105 2209 1241 2244 rectas
1273 2217 1367 2245 esse
1399 2202 1602 2259 colligere
1627 2203 1743 2247 velit.

195 2272 308 2326 Quis
334 2272 466 2323 enim,
508 2273 543 2314 si
572 2272 799 2328 imperium
833 2281 1043 2329 spectaret
1073 2289 1122 2316 ac
1152 2281 1357 2329 quantum
1388 2274 1573 2330 quisque
1598 2275 1643 2318 in
1672 2290 1741 2319 re·-

194 2345 368 2401 publica
404 2351 548 2400 posset
585 2344 845 2394 intueretur,
886 2346 976 2387 ullo
1011 2352 1114 2387 tunc
1151 2346 1194 2388 in
1225 2361 1403 2388 numero
1434 2346 1611 2390 haberet
1639 2361 1740 2403 pro-

194 2418 358 2460 vincias
387 2417 601 2459 inermes?
646 2431 757 2472 quae
786 2417 947 2472 praeda
980 2417 1119 2473 potius
1153 2426 1272 2460 erant
1298 2433 1348 2461 ac
1375 2419 1613 2474 praemium
1640 2417 1741 2462 belli

193 2505 319 2545 quam
347 2490 483 2532 ullum
510 2489 554 2531 in
579 2489 692 2531 bello
722 2497 981 2531 momentum
1011 2490 1257 2532 aflet-ebant.
1302 2490 1453 2546 Itaque
1474 2505 1573 2534 cum
1592 2505 1740 2535 omnes

194 2562 440 2618 provinciae
468 2577 545 2618 pro
570 2576 748 2604 numero
776 2561 1008 2616 legionum,
1041 2577 1147 2616 quas
1174 2562 1346 2613 habent,
1377 2571 1618 2613 censentur,
1649 2569 1740 2607 tum

193 2634 392 2684 Tacitus,
433 2634 550 2689 quod
587 2634 716 2689 longe
755 2640 843 2676 erat
881 2632 923 2674 in
963 2632 1209 2676 Germanici
1246 2642 1455 2690 potestate
1494 2636 1740 2685 maximum,

192 2707 411 2762 legionum
443 2714 538 2748 octo
569 2706 786 2761 regimen,
819 2704 865 2747 id
897 2719 1029 2746 unum
1060 2715 1362 2750 commemorat
1389 2707 1581 2762 Dioque,
1623 2706 1740 2762 quod

193 2776 247 2818 ad
284 2777 462 2819 limitem
493 2776 750 2821 Germaniae
789 2776 1017 2819 collocatae
1055 2786 1176 2819 erant
1209 2778 1425 2834 legiones,
1466 2778 1739 2822 Germaniam

194 2848 286 2890 eius
326 2849 589 2903 provinciam
633 2849 828 2905 appellat.
891 2848 1162 2903 Quamquam
1195 2859 1363 2905 praeter
1390 2851 1582 2906 legiones
1613 2851 1738 2892 etiam
