<?xml version="1.0" encoding="UTF-8"?>
<!DOCTYPE html PUBLIC "-//W3C//DTD XHTML 1.0 Transitional//EN"
    "http://www.w3.org/TR/xhtml1/DTD/xhtml1-transitional.dtd">
<html xmlns="http://www.w3.org/1999/xhtml" xml:lang="en" lang="en">
 <head>
  <title>
</title>
<meta http-equiv="Content-Type" content="text/html;charset=utf-8" />
  <meta name='ocr-system' content='tesseract 3.04.00' />
  <meta name='ocr-capabilities' content='ocr_page ocr_carea ocr_par ocr_line ocrx_word'/>
</head>
<body>
  <div class='ocr_page' id='page_1' title='image "./studiaromanasive00zump_0270.png"; bbox 0 0 1846 3100; ppageno 0'>
   <div class='ocr_carea' id='block_1_1' title="bbox 201 170 1309 214">
    <p class='ocr_par' dir='ltr' id='par_1_1' title="bbox 201 170 1309 214">
     <span class='ocr_line' id='line_1_1' title="bbox 201 170 1309 214; baseline -0.002 -10"><span class='ocrx_word' id='word_1_1' title='bbox 201 171 284 214; x_wconf 76' lang='lat'>‘258</span> <span class='ocrx_word' id='word_1_2' title='bbox 642 172 693 203; x_wconf 90' lang='lat' dir='ltr'>De</span> <span class='ocrx_word' id='word_1_3' title='bbox 724 171 896 203; x_wconf 82' lang='lat' dir='ltr'>dictatoris</span> <span class='ocrx_word' id='word_1_4' title='bbox 926 170 1081 203; x_wconf 77' lang='lat' dir='ltr'><strong>Caesaris</strong></span> <span class='ocrx_word' id='word_1_5' title='bbox 1111 170 1309 202; x_wconf 86' lang='lat' dir='ltr'>honoribus.</span> 
     </span>
    </p>
   </div>
   <div class='ocr_carea' id='block_1_2' title="bbox 200 279 1786 2944">
    <p class='ocr_par' dir='ltr' id='par_1_2' title="bbox 200 279 1786 2944">
     <span class='ocr_line' id='line_1_2' title="bbox 202 279 1748 340; baseline -0.003 -14"><span class='ocrx_word' id='word_1_6' title='bbox 202 283 305 340; x_wconf 90' lang='lat' dir='ltr'>quid</span> <span class='ocrx_word' id='word_1_7' title='bbox 325 282 551 340; x_wconf 87' lang='lat' dir='ltr'>improbat,</span> <span class='ocrx_word' id='word_1_8' title='bbox 579 281 734 337; x_wconf 84' lang='lat' dir='ltr'>reliqui</span> <span class='ocrx_word' id='word_1_9' title='bbox 763 279 925 322; x_wconf 89' lang='lat' dir='ltr'>tribuni</span> <span class='ocrx_word' id='word_1_10' title='bbox 955 279 1039 321; x_wconf 88' lang='lat' dir='ltr'>nisi</span> <span class='ocrx_word' id='word_1_11' title='bbox 1057 279 1110 322; x_wconf 94' lang='lat' dir='ltr'>de</span> <span class='ocrx_word' id='word_1_12' title='bbox 1129 279 1300 336; x_wconf 86' lang='lat' dir='ltr'>collegii</span> <span class='ocrx_word' id='word_1_13' title='bbox 1320 279 1529 323; x_wconf 86' lang='lat' dir='ltr'>sententia</span> <span class='ocrx_word' id='word_1_14' title='bbox 1546 294 1631 323; x_wconf 89' lang='lat' dir='ltr'>non</span> <span class='ocrx_word' id='word_1_15' title='bbox 1647 294 1748 336; x_wconf 80' lang='lat' dir='ltr'>pos-</span> 
     </span>
     <span class='ocr_line' id='line_1_3' title="bbox 204 352 1749 411; baseline -0.004 -13"><span class='ocrx_word' id='word_1_16' title='bbox 204 363 316 399; x_wconf 87' lang='lat' dir='ltr'>sunt.</span> <span class='ocrx_word' id='word_1_17' title='bbox 371 356 440 397; x_wconf 94' lang='lat' dir='ltr'>De</span> <span class='ocrx_word' id='word_1_18' title='bbox 470 352 827 411; x_wconf 82' lang='lat' dir='ltr'>appellationibus</span> <span class='ocrx_word' id='word_1_19' title='bbox 859 367 961 394; x_wconf 89' lang='lat' dir='ltr'>vero</span> <span class='ocrx_word' id='word_1_20' title='bbox 994 366 1062 393; x_wconf 91' lang='lat' dir='ltr'>res</span> <span class='ocrx_word' id='word_1_21' title='bbox 1092 358 1157 393; x_wconf 90' lang='lat' dir='ltr'>est</span> <span class='ocrx_word' id='word_1_22' title='bbox 1188 353 1468 408; x_wconf 87' lang='lat' dir='ltr'>apertissima.</span> <span class='ocrx_word' id='word_1_23' title='bbox 1511 352 1749 408; x_wconf 81' lang='lat' dir='ltr'><strong>Imperator</strong></span> 
     </span>
     <span class='ocr_line' id='line_1_4' title="bbox 203 422 1749 481; baseline -0.004 -11"><span class='ocrx_word' id='word_1_24' title='bbox 203 427 317 471; x_wconf 91' lang='lat' dir='ltr'>enim</span> <span class='ocrx_word' id='word_1_25' title='bbox 356 427 440 470; x_wconf 89' lang='lat' dir='ltr'>nisi</span> <span class='ocrx_word' id='word_1_26' title='bbox 478 424 863 469; x_wconf 87' lang='lat' dir='ltr'>extraordinarium</span> <span class='ocrx_word' id='word_1_27' title='bbox 894 424 962 466; x_wconf 89' lang='lat' dir='ltr'>ius</span> <span class='ocrx_word' id='word_1_28' title='bbox 1001 423 1190 473; x_wconf 88' lang='lat' dir='ltr'>haberet,</span> <span class='ocrx_word' id='word_1_29' title='bbox 1229 439 1398 481; x_wconf 82' lang='lat' dir='ltr'><strong>semper</strong></span> <span class='ocrx_word' id='word_1_30' title='bbox 1430 439 1526 467; x_wconf 90' lang='lat' dir='ltr'>cum</span> <span class='ocrx_word' id='word_1_31' title='bbox 1568 422 1749 466; x_wconf 87' lang='lat' dir='ltr'>tribunis</span> 
     </span>
     <span class='ocr_line' id='line_1_5' title="bbox 202 495 1748 557; baseline -0.004 -15"><span class='ocrx_word' id='word_1_32' title='bbox 202 500 340 557; x_wconf 87' lang='lat' dir='ltr'>plebis</span> <span class='ocrx_word' id='word_1_33' title='bbox 369 506 661 556; x_wconf 84' lang='lat' dir='ltr'>cognosceret,</span> <span class='ocrx_word' id='word_1_34' title='bbox 691 497 767 539; x_wconf 89' lang='lat' dir='ltr'>sed</span> <span class='ocrx_word' id='word_1_35' title='bbox 797 496 934 538; x_wconf 87' lang='lat' dir='ltr'>solum</span> <span class='ocrx_word' id='word_1_36' title='bbox 959 510 1056 537; x_wconf 89' lang='lat' dir='ltr'>cum</span> <span class='ocrx_word' id='word_1_37' title='bbox 1083 495 1136 537; x_wconf 87' lang='lat' dir='ltr'>iis</span> <span class='ocrx_word' id='word_1_38' title='bbox 1163 511 1273 551; x_wconf 89' lang='lat' dir='ltr'>quos</span> <span class='ocrx_word' id='word_1_39' title='bbox 1301 496 1345 538; x_wconf 92' lang='lat' dir='ltr'>in</span> <span class='ocrx_word' id='word_1_40' title='bbox 1367 496 1592 539; x_wconf 88' lang='lat' dir='ltr'>consilium</span> <span class='ocrx_word' id='word_1_41' title='bbox 1615 495 1748 538; x_wconf 90' lang='lat' dir='ltr'>advo-</span> 
     </span>
     <span class='ocr_line' id='line_1_6' title="bbox 205 567 1748 625; baseline -0.004 -10"><span class='ocrx_word' id='word_1_42' title='bbox 205 580 356 622; x_wconf 89' lang='lat' dir='ltr'>casset,</span> <span class='ocrx_word' id='word_1_43' title='bbox 387 585 594 624; x_wconf 77' lang='lat' dir='ltr'><strong>cognosse</strong></span> <span class='ocrx_word' id='word_1_44' title='bbox 621 578 749 625; x_wconf 89' lang='lat' dir='ltr'>atque</span> <span class='ocrx_word' id='word_1_45' title='bbox 780 568 888 611; x_wconf 90' lang='lat' dir='ltr'>adeo</span> <span class='ocrx_word' id='word_1_46' title='bbox 919 567 1222 623; x_wconf 82' lang='lat' dir='ltr'>appellationes</span> <span class='ocrx_word' id='word_1_47' title='bbox 1242 567 1428 610; x_wconf 89' lang='lat' dir='ltr'>urbanas</span> <span class='ocrx_word' id='word_1_48' title='bbox 1458 568 1516 610; x_wconf 89' lang='lat' dir='ltr'>ita</span> <span class='ocrx_word' id='word_1_49' title='bbox 1534 568 1748 624; x_wconf 87' lang='lat' dir='ltr'>praefecto</span> 
     </span>
     <span class='ocr_line' id='line_1_7' title="bbox 204 637 1749 699; baseline -0.004 -12"><span class='ocrx_word' id='word_1_50' title='bbox 204 645 302 688; x_wconf 90' lang='lat' dir='ltr'>urbi</span> <span class='ocrx_word' id='word_1_51' title='bbox 331 644 555 699; x_wconf 79' lang='lat' dir='ltr'>delegasse</span> <span class='ocrx_word' id='word_1_52' title='bbox 586 641 745 684; x_wconf 87' lang='lat' dir='ltr'>scimus</span> <span class='ocrx_word' id='word_1_53' title='bbox 780 639 922 696; x_wconf 83' lang='lat' dir='ltr'>(Suet.</span> <span class='ocrx_word' id='word_1_54' title='bbox 950 637 1049 681; x_wconf 88' lang='lat' dir='ltr'>Oct.</span> <span class='ocrx_word' id='word_1_55' title='bbox 1080 638 1166 693; x_wconf 85' lang='lat'>33),</span> <span class='ocrx_word' id='word_1_56' title='bbox 1202 649 1249 681; x_wconf 91' lang='lat' dir='ltr'>ut</span> <span class='ocrx_word' id='word_1_57' title='bbox 1279 655 1390 683; x_wconf 90' lang='lat' dir='ltr'>nova</span> <span class='ocrx_word' id='word_1_58' title='bbox 1419 640 1474 682; x_wconf 86' lang='lat' dir='ltr'>ad</span> <span class='ocrx_word' id='word_1_59' title='bbox 1502 640 1644 697; x_wconf 88' lang='lat' dir='ltr'>ipsum</span> <span class='ocrx_word' id='word_1_60' title='bbox 1674 654 1749 695; x_wconf 89' lang='lat' dir='ltr'>ap-</span> 
     </span>
     <span class='ocr_line' id='line_1_8' title="bbox 204 710 1749 774; baseline -0.005 -14"><span class='ocrx_word' id='word_1_61' title='bbox 204 716 377 774; x_wconf 88' lang='lat' dir='ltr'>pellatio</span> <span class='ocrx_word' id='word_1_62' title='bbox 408 714 728 758; x_wconf 78' lang='lat' dir='ltr'>concederetur.</span> <span class='ocrx_word' id='word_1_63' title='bbox 775 713 926 755; x_wconf 87' lang='lat' dir='ltr'>Unum</span> <span class='ocrx_word' id='word_1_64' title='bbox 954 718 1095 753; x_wconf 88' lang='lat' dir='ltr'>autem</span> <span class='ocrx_word' id='word_1_65' title='bbox 1129 720 1323 767; x_wconf 78' lang='lat' dir='ltr'>superest</span> <span class='ocrx_word' id='word_1_66' title='bbox 1349 712 1394 753; x_wconf 89' lang='lat' dir='ltr'>in</span> <span class='ocrx_word' id='word_1_67' title='bbox 1411 712 1566 754; x_wconf 87' lang='lat' dir='ltr'>Dionis</span> <span class='ocrx_word' id='word_1_68' title='bbox 1593 710 1749 762; x_wconf 87' lang='lat' dir='ltr'>verbis,</span> 
     </span>
     <span class='ocr_line' id='line_1_9' title="bbox 204 783 1750 846; baseline -0.005 -14"><span class='ocrx_word' id='word_1_69' title='bbox 204 805 314 846; x_wconf 82' lang='lat' dir='ltr'>quae</span> <span class='ocrx_word' id='word_1_70' title='bbox 346 787 587 837; x_wconf 82' lang='lat' dir='ltr'>citavimus,</span> <span class='ocrx_word' id='word_1_71' title='bbox 625 785 740 841; x_wconf 90' lang='lat' dir='ltr'>quod</span> <span class='ocrx_word' id='word_1_72' title='bbox 782 784 1063 840; x_wconf 83' lang='lat' dir='ltr'>explicatione</span> <span class='ocrx_word' id='word_1_73' title='bbox 1102 791 1238 839; x_wconf 84' lang='lat' dir='ltr'>egeat,</span> <span class='ocrx_word' id='word_1_74' title='bbox 1270 784 1385 839; x_wconf 87' lang='lat' dir='ltr'>quod</span> <span class='ocrx_word' id='word_1_75' title='bbox 1422 785 1478 826; x_wconf 88' lang='lat' dir='ltr'>ad</span> <span class='ocrx_word' id='word_1_76' title='bbox 1506 783 1750 826; x_wconf 87' lang='lat' dir='ltr'>universam</span> 
     </span>
     <span class='ocr_line' id='line_1_10' title="bbox 204 856 1750 916; baseline -0.005 -12"><span class='ocrx_word' id='word_1_77' title='bbox 204 862 475 904; x_wconf 87' lang='lat' dir='ltr'>tribunorum</span> <span class='ocrx_word' id='word_1_78' title='bbox 512 858 649 916; x_wconf 90' lang='lat' dir='ltr'>plebis</span> <span class='ocrx_word' id='word_1_79' title='bbox 691 857 896 899; x_wconf 88' lang='lat' dir='ltr'>rationem</span> <span class='ocrx_word' id='word_1_80' title='bbox 937 856 1096 898; x_wconf 86' lang='lat' dir='ltr'>rectius</span> <span class='ocrx_word' id='word_1_81' title='bbox 1129 856 1451 913; x_wconf 84' lang='lat' dir='ltr'>intelligendam</span> <span class='ocrx_word' id='word_1_82' title='bbox 1488 856 1750 912; x_wconf 88' lang='lat' dir='ltr'>aliquantum</span> 
     </span>
     <span class='ocr_line' id='line_1_11' title="bbox 206 929 1750 987; baseline -0.005 -10"><span class='ocrx_word' id='word_1_83' title='bbox 206 935 381 978; x_wconf 88' lang='lat' dir='ltr'>confert.</span> <span class='ocrx_word' id='word_1_84' title='bbox 438 933 549 975; x_wconf 89' lang='lat' dir='ltr'>Nam</span> <span class='ocrx_word' id='word_1_85' title='bbox 585 931 702 987; x_wconf 90' lang='lat' dir='ltr'>quod</span> <span class='ocrx_word' id='word_1_86' title='bbox 739 937 803 971; x_wconf 89' lang='lat' dir='ltr'>est</span> <span class='ocrx_word' id='word_1_87' title='bbox 844 929 864 970; x_wconf 84' lang='grc' dir='ltr'>ὃ</span> <span class='ocrx_word' id='word_1_88' title='bbox 899 929 1040 983; x_wconf 83' lang='grc' dir='ltr'>μηδενὶ</span> <span class='ocrx_word' id='word_1_89' title='bbox 1072 931 1149 969; x_wconf 85' lang='grc' dir='ltr'>τῶν</span> <span class='ocrx_word' id='word_1_90' title='bbox 1186 930 1506 985; x_wconf 82' lang='grc' dir='ltr'>δημαρχούντων</span> <span class='ocrx_word' id='word_1_91' title='bbox 1545 929 1652 983; x_wconf 73' lang='grc' dir='ltr'>ἐξῆν,</span> <span class='ocrx_word' id='word_1_92' title='bbox 1683 943 1750 970; x_wconf 91' lang='lat' dir='ltr'>re-</span> 
     </span>
     <span class='ocr_line' id='line_1_12' title="bbox 203 1000 1751 1051; baseline -0.004 -2"><span class='ocrx_word' id='word_1_93' title='bbox 203 1007 306 1050; x_wconf 83' lang='lat' dir='ltr'>ferri</span> <span class='ocrx_word' id='word_1_94' title='bbox 338 1007 445 1049; x_wconf 88' lang='lat' dir='ltr'>solet</span> <span class='ocrx_word' id='word_1_95' title='bbox 477 1005 564 1047; x_wconf 93' lang='lat' dir='ltr'>huc</span> <span class='ocrx_word' id='word_1_96' title='bbox 591 1020 616 1046; x_wconf 89' lang='lat' dir='ltr'>a</span> <span class='ocrx_word' id='word_1_97' title='bbox 641 1003 745 1045; x_wconf 87' lang='lat' dir='ltr'>viris</span> <span class='ocrx_word' id='word_1_98' title='bbox 778 1001 930 1051; x_wconf 87' lang='lat' dir='ltr'>doctis,</span> <span class='ocrx_word' id='word_1_99' title='bbox 958 1009 1006 1042; x_wconf 88' lang='lat' dir='ltr'>ut</span> <span class='ocrx_word' id='word_1_100' title='bbox 1037 1000 1189 1042; x_wconf 88' lang='lat' dir='ltr'>ceteris</span> <span class='ocrx_word' id='word_1_101' title='bbox 1221 1001 1404 1043; x_wconf 88' lang='lat' dir='ltr'>tribunis</span> <span class='ocrx_word' id='word_1_102' title='bbox 1437 1007 1636 1044; x_wconf 84' lang='lat' dir='ltr'>censeant</span> <span class='ocrx_word' id='word_1_103' title='bbox 1665 1015 1751 1043; x_wconf 88' lang='lat' dir='ltr'>non</span> 
     </span>
     <span class='ocr_line' id='line_1_13' title="bbox 200 1073 1751 1130; baseline -0.005 -8"><span class='ocrx_word' id='word_1_104' title='bbox 200 1079 379 1122; x_wconf 48' lang='lat' dir='ltr'>‘licuisse</span> <span class='ocrx_word' id='word_1_105' title='bbox 419 1077 579 1120; x_wconf 88' lang='lat' dir='ltr'>auxilio</span> <span class='ocrx_word' id='word_1_106' title='bbox 618 1090 713 1118; x_wconf 91' lang='lat' dir='ltr'>esse</span> <span class='ocrx_word' id='word_1_107' title='bbox 756 1074 839 1116; x_wconf 88' lang='lat' dir='ltr'>nisi</span> <span class='ocrx_word' id='word_1_108' title='bbox 881 1074 991 1115; x_wconf 83' lang='lat' dir='ltr'>intra</span> <span class='ocrx_word' id='word_1_109' title='bbox 1021 1073 1300 1128; x_wconf 68' lang='lat' dir='ltr'>pomoerium,</span> <span class='ocrx_word' id='word_1_110' title='bbox 1330 1073 1571 1130; x_wconf 86' lang='lat' dir='ltr'>imperatori</span> <span class='ocrx_word' id='word_1_111' title='bbox 1610 1079 1751 1115; x_wconf 88' lang='lat' dir='ltr'>autem</span> 
     </span>
     <span class='ocr_line' id='line_1_14' title="bbox 206 1144 1751 1205; baseline -0.005 -11"><span class='ocrx_word' id='word_1_112' title='bbox 206 1152 334 1195; x_wconf 88' lang='lat' dir='ltr'>etiam</span> <span class='ocrx_word' id='word_1_113' title='bbox 373 1150 487 1193; x_wconf 91' lang='lat' dir='ltr'>mille</span> <span class='ocrx_word' id='word_1_114' title='bbox 530 1164 685 1205; x_wconf 90' lang='lat' dir='ltr'>passus</span> <span class='ocrx_word' id='word_1_115' title='bbox 727 1155 846 1190; x_wconf 85' lang='lat' dir='ltr'>extra</span> <span class='ocrx_word' id='word_1_116' title='bbox 887 1145 1076 1196; x_wconf 86' lang='lat' dir='ltr'>licuisse,</span> <span class='ocrx_word' id='word_1_117' title='bbox 1121 1161 1293 1201; x_wconf 91' lang='lat' dir='ltr'>unoque</span> <span class='ocrx_word' id='word_1_118' title='bbox 1333 1147 1416 1189; x_wconf 90' lang='lat' dir='ltr'>hoc</span> <span class='ocrx_word' id='word_1_119' title='bbox 1456 1145 1611 1188; x_wconf 87' lang='lat' dir='ltr'>Dionis</span> <span class='ocrx_word' id='word_1_120' title='bbox 1656 1144 1751 1187; x_wconf 90' lang='lat' dir='ltr'>loco</span> 
     </span>
     <span class='ocr_line' id='line_1_15' title="bbox 206 1218 1750 1281; baseline -0.005 -14"><span class='ocrx_word' id='word_1_121' title='bbox 206 1224 424 1281; x_wconf 87' lang='lat' dir='ltr'>praeclare</span> <span class='ocrx_word' id='word_1_122' title='bbox 453 1222 528 1278; x_wconf 93' lang='lat' dir='ltr'>qui</span> <span class='ocrx_word' id='word_1_123' title='bbox 554 1221 661 1263; x_wconf 89' lang='lat' dir='ltr'>fines</span> <span class='ocrx_word' id='word_1_124' title='bbox 692 1219 964 1261; x_wconf 88' lang='lat' dir='ltr'>tribunorum</span> <span class='ocrx_word' id='word_1_125' title='bbox 990 1218 1214 1274; x_wconf 85' lang='lat' dir='ltr'>potestatis</span> <span class='ocrx_word' id='word_1_126' title='bbox 1240 1219 1400 1260; x_wconf 84' lang='lat' dir='ltr'>fuerint</span> <span class='ocrx_word' id='word_1_127' title='bbox 1428 1218 1609 1260; x_wconf 87' lang='lat' dir='ltr'>indicari</span> <span class='ocrx_word' id='word_1_128' title='bbox 1627 1233 1750 1274; x_wconf 87' lang='lat' dir='ltr'>prae-</span> 
     </span>
     <span class='ocr_line' id='line_1_16' title="bbox 206 1289 1751 1351; baseline -0.005 -13"><span class='ocrx_word' id='word_1_129' title='bbox 206 1297 361 1339; x_wconf 81' lang='lat' dir='ltr'>dicant.</span> <span class='ocrx_word' id='word_1_130' title='bbox 425 1295 619 1351; x_wconf 84' lang='lat' dir='ltr'>Egregia</span> <span class='ocrx_word' id='word_1_131' title='bbox 655 1293 797 1335; x_wconf 92' lang='lat' dir='ltr'>hercle</span> <span class='ocrx_word' id='word_1_132' title='bbox 833 1291 907 1333; x_wconf 85' lang='lat' dir='ltr'>illa</span> <span class='ocrx_word' id='word_1_133' title='bbox 953 1299 1042 1332; x_wconf 87' lang='lat' dir='ltr'>erat</span> <span class='ocrx_word' id='word_1_134' title='bbox 1077 1289 1373 1345; x_wconf 82' lang='lat' dir='ltr'>imperatoriae</span> <span class='ocrx_word' id='word_1_135' title='bbox 1413 1291 1634 1347; x_wconf 87' lang='lat' dir='ltr'>potestatis</span> <span class='ocrx_word' id='word_1_136' title='bbox 1661 1305 1751 1332; x_wconf 85' lang='lat' dir='ltr'>am-</span> 
     </span>
     <span class='ocr_line' id='line_1_17' title="bbox 204 1361 1751 1425; baseline -0.004 -15"><span class='ocrx_word' id='word_1_137' title='bbox 204 1368 421 1425; x_wconf 86' lang='lat' dir='ltr'>plificatio,</span> <span class='ocrx_word' id='word_1_138' title='bbox 453 1367 488 1409; x_wconf 91' lang='lat' dir='ltr'>si</span> <span class='ocrx_word' id='word_1_139' title='bbox 519 1366 634 1408; x_wconf 88' lang='lat' dir='ltr'>mille</span> <span class='ocrx_word' id='word_1_140' title='bbox 668 1379 823 1421; x_wconf 86' lang='lat' dir='ltr'>passus</span> <span class='ocrx_word' id='word_1_141' title='bbox 855 1361 1161 1405; x_wconf 78' lang='lat' dir='ltr'>adficerentur!</span> <span class='ocrx_word' id='word_1_142' title='bbox 1202 1363 1270 1405; x_wconf 91' lang='lat' dir='ltr'>Ac</span> <span class='ocrx_word' id='word_1_143' title='bbox 1300 1378 1452 1405; x_wconf 87' lang='lat' dir='ltr'>rursus</span> <span class='ocrx_word' id='word_1_144' title='bbox 1483 1362 1623 1405; x_wconf 89' lang='lat' dir='ltr'>tenuis</span> <span class='ocrx_word' id='word_1_145' title='bbox 1653 1378 1751 1405; x_wconf 89' lang='lat' dir='ltr'>vere</span> 
     </span>
     <span class='ocr_line' id='line_1_18' title="bbox 205 1435 1752 1495; baseline -0.005 -12"><span class='ocrx_word' id='word_1_146' title='bbox 205 1440 477 1483; x_wconf 88' lang='lat' dir='ltr'>tribunorum</span> <span class='ocrx_word' id='word_1_147' title='bbox 506 1445 710 1495; x_wconf 89' lang='lat' dir='ltr'>potestas,</span> <span class='ocrx_word' id='word_1_148' title='bbox 741 1436 776 1479; x_wconf 91' lang='lat' dir='ltr'>si</span> <span class='ocrx_word' id='word_1_149' title='bbox 804 1451 890 1478; x_wconf 89' lang='lat' dir='ltr'>non</span> <span class='ocrx_word' id='word_1_150' title='bbox 908 1435 1187 1491; x_wconf 87' lang='lat' dir='ltr'>egrederetur</span> <span class='ocrx_word' id='word_1_151' title='bbox 1201 1435 1480 1491; x_wconf 88' lang='lat' dir='ltr'>pomoerium,</span> <span class='ocrx_word' id='word_1_152' title='bbox 1502 1443 1620 1478; x_wconf 86' lang='lat' dir='ltr'>extra</span> <span class='ocrx_word' id='word_1_153' title='bbox 1637 1435 1752 1491; x_wconf 89' lang='lat' dir='ltr'>quod</span> 
     </span>
     <span class='ocr_line' id='line_1_19' title="bbox 205 1507 1786 1568; baseline -0.002 -13"><span class='ocrx_word' id='word_1_154' title='bbox 205 1513 391 1555; x_wconf 86' lang='lat' dir='ltr'>maxima</span> <span class='ocrx_word' id='word_1_155' title='bbox 428 1526 528 1568; x_wconf 89' lang='lat' dir='ltr'>pars</span> <span class='ocrx_word' id='word_1_156' title='bbox 567 1510 725 1552; x_wconf 90' lang='lat' dir='ltr'>civium</span> <span class='ocrx_word' id='word_1_157' title='bbox 757 1507 1073 1551; x_wconf 87' lang='lat' dir='ltr'>continentibus</span> <span class='ocrx_word' id='word_1_158' title='bbox 1110 1508 1316 1550; x_wconf 84' lang='lat' dir='ltr'>aedificiis</span> <span class='ocrx_word' id='word_1_159' title='bbox 1353 1507 1571 1550; x_wconf 83' lang='lat' dir='ltr'>habitabat</span> <span class='ocrx_word' id='word_1_160' title='bbox 1609 1522 1659 1550; x_wconf 87' lang='lat' dir='ltr'>ac</span> <span class='ocrx_word' id='word_1_161' title='bbox 1691 1515 1754 1549; x_wconf 89' lang='lat' dir='ltr'>tot</span> <span class='ocrx_word' id='word_1_162' title='bbox 1777 1548 1786 1552; x_wconf 82' lang='grc'>-</span> 
     </span>
     <span class='ocr_line' id='line_1_20' title="bbox 205 1580 1752 1641; baseline -0.004 -14"><span class='ocrx_word' id='word_1_163' title='bbox 205 1585 400 1628; x_wconf 84' lang='lat' dir='ltr'>aedificia</span> <span class='ocrx_word' id='word_1_164' title='bbox 429 1583 604 1641; x_wconf 87' lang='lat' dir='ltr'>publica</span> <span class='ocrx_word' id='word_1_165' title='bbox 632 1583 713 1624; x_wconf 90' lang='lat' dir='ltr'>sita</span> <span class='ocrx_word' id='word_1_166' title='bbox 742 1588 873 1624; x_wconf 89' lang='lat' dir='ltr'>erant.</span> <span class='ocrx_word' id='word_1_167' title='bbox 919 1581 1056 1622; x_wconf 87' lang='lat' dir='ltr'>Immo</span> <span class='ocrx_word' id='word_1_168' title='bbox 1087 1581 1276 1623; x_wconf 89' lang='lat' dir='ltr'>omnium</span> <span class='ocrx_word' id='word_1_169' title='bbox 1297 1596 1464 1637; x_wconf 88' lang='lat' dir='ltr'>semper</span> <span class='ocrx_word' id='word_1_170' title='bbox 1482 1580 1752 1622; x_wconf 89' lang='lat' dir='ltr'>tribunorum</span> 
     </span>
     <span class='ocr_line' id='line_1_21' title="bbox 205 1652 1753 1715; baseline -0.004 -15"><span class='ocrx_word' id='word_1_171' title='bbox 205 1665 395 1715; x_wconf 89' lang='lat' dir='ltr'>potestas</span> <span class='ocrx_word' id='word_1_172' title='bbox 428 1671 566 1712; x_wconf 89' lang='lat' dir='ltr'>usque</span> <span class='ocrx_word' id='word_1_173' title='bbox 597 1654 652 1696; x_wconf 83' lang='lat' dir='ltr'>ad</span> <span class='ocrx_word' id='word_1_174' title='bbox 683 1654 797 1696; x_wconf 89' lang='lat' dir='ltr'>mille</span> <span class='ocrx_word' id='word_1_175' title='bbox 831 1653 884 1696; x_wconf 88' lang='lat' dir='ltr'>ab</span> <span class='ocrx_word' id='word_1_176' title='bbox 913 1653 1133 1710; x_wconf 88' lang='lat' dir='ltr'>pomoerio</span> <span class='ocrx_word' id='word_1_177' title='bbox 1153 1669 1306 1709; x_wconf 86' lang='lat' dir='ltr'>passus</span> <span class='ocrx_word' id='word_1_178' title='bbox 1327 1652 1499 1710; x_wconf 86' lang='lat' dir='ltr'>patebat</span> <span class='ocrx_word' id='word_1_179' title='bbox 1516 1652 1646 1708; x_wconf 91' lang='lat' dir='ltr'>idque</span> <span class='ocrx_word' id='word_1_180' title='bbox 1667 1667 1753 1695; x_wconf 91' lang='lat' dir='ltr'>non</span> 
     </span>
     <span class='ocr_line' id='line_1_22' title="bbox 206 1724 1752 1786; baseline -0.004 -13"><span class='ocrx_word' id='word_1_181' title='bbox 206 1729 390 1773; x_wconf 88' lang='lat' dir='ltr'>obscure</span> <span class='ocrx_word' id='word_1_182' title='bbox 435 1728 646 1786; x_wconf 87' lang='lat' dir='ltr'>significat</span> <span class='ocrx_word' id='word_1_183' title='bbox 685 1726 841 1769; x_wconf 88' lang='lat' dir='ltr'>Livius</span> <span class='ocrx_word' id='word_1_184' title='bbox 885 1726 967 1776; x_wconf 91' lang='lat' dir='ltr'>III,</span> <span class='ocrx_word' id='word_1_185' title='bbox 1013 1726 1079 1768; x_wconf 79' lang='lat'>20.</span> <span class='ocrx_word' id='word_1_186' title='bbox 1139 1726 1380 1782; x_wconf 88' lang='lat' dir='ltr'>Dionysius</span> <span class='ocrx_word' id='word_1_187' title='bbox 1423 1733 1566 1768; x_wconf 89' lang='lat' dir='ltr'>autem</span> <span class='ocrx_word' id='word_1_188' title='bbox 1604 1724 1752 1780; x_wconf 81' lang='lat' dir='ltr'>Antiq.</span> 
     </span>
     <span class='ocr_line' id='line_1_23' title="bbox 205 1797 1753 1858; baseline -0.005 -12"><span class='ocrx_word' id='word_1_189' title='bbox 205 1802 330 1852; x_wconf 81' lang='lat' dir='ltr'>VHI,</span> <span class='ocrx_word' id='word_1_190' title='bbox 359 1802 426 1852; x_wconf 81' lang='lat'>87,</span> <span class='ocrx_word' id='word_1_191' title='bbox 457 1802 531 1858; x_wconf 93' lang='lat' dir='ltr'>qui</span> <span class='ocrx_word' id='word_1_192' title='bbox 561 1800 801 1850; x_wconf 90' lang='lat' dir='ltr'>moenibus,</span> <span class='ocrx_word' id='word_1_193' title='bbox 833 1806 875 1840; x_wconf 90' lang='lat' dir='ltr'>et</span> <span class='ocrx_word' id='word_1_194' title='bbox 894 1798 1121 1855; x_wconf 86' lang='lat' dir='ltr'>Appianus</span> <span class='ocrx_word' id='word_1_195' title='bbox 1145 1798 1244 1841; x_wconf 93' lang='lat' dir='ltr'>bell.</span> <span class='ocrx_word' id='word_1_196' title='bbox 1273 1798 1354 1840; x_wconf 84' lang='lat' dir='ltr'>civ.</span> <span class='ocrx_word' id='word_1_197' title='bbox 1378 1798 1437 1848; x_wconf 88' lang='grc' dir='ltr'>ΙΙ,</span> <span class='ocrx_word' id='word_1_198' title='bbox 1460 1799 1526 1849; x_wconf 81' lang='lat'>31,</span> <span class='ocrx_word' id='word_1_199' title='bbox 1555 1798 1628 1853; x_wconf 92' lang='lat' dir='ltr'>qui</span> <span class='ocrx_word' id='word_1_200' title='bbox 1646 1797 1753 1840; x_wconf 89' lang='lat' dir='ltr'>urbe</span> 
     </span>
     <span class='ocr_line' id='line_1_24' title="bbox 206 1870 1753 1929; baseline -0.004 -12"><span class='ocrx_word' id='word_1_201' title='bbox 206 1875 476 1917; x_wconf 86' lang='lat' dir='ltr'>tribunorum</span> <span class='ocrx_word' id='word_1_202' title='bbox 516 1879 767 1929; x_wconf 89' lang='lat' dir='ltr'>potestatem</span> <span class='ocrx_word' id='word_1_203' title='bbox 811 1871 1136 1921; x_wconf 88' lang='lat' dir='ltr'>circumscribit,</span> <span class='ocrx_word' id='word_1_204' title='bbox 1178 1870 1258 1914; x_wconf 88' lang='lat' dir='ltr'>etsi</span> <span class='ocrx_word' id='word_1_205' title='bbox 1289 1871 1430 1912; x_wconf 90' lang='lat' dir='ltr'>minus</span> <span class='ocrx_word' id='word_1_206' title='bbox 1464 1877 1659 1914; x_wconf 86' lang='lat' dir='ltr'>accurate</span> <span class='ocrx_word' id='word_1_207' title='bbox 1689 1870 1753 1912; x_wconf 92' lang='lat' dir='ltr'>lo-</span> 
     </span>
     <span class='ocr_line' id='line_1_25' title="bbox 207 1943 1754 2003; baseline -0.002 -14"><span class='ocrx_word' id='word_1_208' title='bbox 207 1954 413 2003; x_wconf 90' lang='lat' dir='ltr'>quuntur,</span> <span class='ocrx_word' id='word_1_209' title='bbox 451 1946 635 1988; x_wconf 92' lang='lat' dir='ltr'>eundem</span> <span class='ocrx_word' id='word_1_210' title='bbox 670 1952 812 1987; x_wconf 90' lang='lat' dir='ltr'>tamen</span> <span class='ocrx_word' id='word_1_211' title='bbox 852 1944 967 1986; x_wconf 89' lang='lat' dir='ltr'>hunc</span> <span class='ocrx_word' id='word_1_212' title='bbox 1006 1943 1119 1985; x_wconf 88' lang='lat' dir='ltr'>mille</span> <span class='ocrx_word' id='word_1_213' title='bbox 1160 1958 1365 1999; x_wconf 89' lang='lat' dir='ltr'>passuum</span> <span class='ocrx_word' id='word_1_214' title='bbox 1405 1943 1612 1986; x_wconf 86' lang='lat' dir='ltr'>ambitum</span> <span class='ocrx_word' id='word_1_215' title='bbox 1641 1958 1754 1986; x_wconf 90' lang='lat' dir='ltr'>com-</span> 
     </span>
     <span class='ocr_line' id='line_1_26' title="bbox 206 2016 1754 2078; baseline -0.003 -15"><span class='ocrx_word' id='word_1_216' title='bbox 206 2020 492 2078; x_wconf 77' lang='lat' dir='ltr'>prehendunt.</span> <span class='ocrx_word' id='word_1_217' title='bbox 542 2019 688 2072; x_wconf 80' lang='lat' dir='ltr'>Quare</span> <span class='ocrx_word' id='word_1_218' title='bbox 718 2017 753 2059; x_wconf 91' lang='lat' dir='ltr'>si</span> <span class='ocrx_word' id='word_1_219' title='bbox 785 2017 969 2059; x_wconf 90' lang='lat' dir='ltr'>Dionem</span> <span class='ocrx_word' id='word_1_220' title='bbox 1000 2016 1053 2058; x_wconf 88' lang='lat' dir='ltr'>de</span> <span class='ocrx_word' id='word_1_221' title='bbox 1081 2016 1352 2058; x_wconf 85' lang='lat' dir='ltr'>tribunorum</span> <span class='ocrx_word' id='word_1_222' title='bbox 1382 2016 1516 2073; x_wconf 89' lang='lat' dir='ltr'>plebis</span> <span class='ocrx_word' id='word_1_223' title='bbox 1547 2023 1754 2073; x_wconf 86' lang='lat' dir='ltr'>potestate</span> 
     </span>
     <span class='ocr_line' id='line_1_27' title="bbox 206 2089 1754 2150; baseline -0.003 -14"><span class='ocrx_word' id='word_1_224' title='bbox 206 2093 426 2150; x_wconf 88' lang='lat' dir='ltr'>pomoerio</span> <span class='ocrx_word' id='word_1_225' title='bbox 457 2091 779 2146; x_wconf 87' lang='lat' dir='ltr'>circumscripta</span> <span class='ocrx_word' id='word_1_226' title='bbox 807 2091 1195 2146; x_wconf 84' lang='lat' dir='ltr'>imperatorumque</span> <span class='ocrx_word' id='word_1_227' title='bbox 1224 2090 1316 2131; x_wconf 90' lang='lat' dir='ltr'>iure</span> <span class='ocrx_word' id='word_1_228' title='bbox 1335 2105 1474 2146; x_wconf 89' lang='lat' dir='ltr'>usque</span> <span class='ocrx_word' id='word_1_229' title='bbox 1493 2089 1547 2132; x_wconf 90' lang='lat' dir='ltr'>ad</span> <span class='ocrx_word' id='word_1_230' title='bbox 1568 2090 1754 2146; x_wconf 90' lang='lat' dir='ltr'>primum</span> 
     </span>
     <span class='ocr_line' id='line_1_28' title="bbox 208 2161 1753 2223; baseline -0.003 -14"><span class='ocrx_word' id='word_1_231' title='bbox 208 2166 397 2223; x_wconf 90' lang='lat' dir='ltr'>lapidem</span> <span class='ocrx_word' id='word_1_232' title='bbox 425 2165 587 2221; x_wconf 87' lang='lat' dir='ltr'>prolato</span> <span class='ocrx_word' id='word_1_233' title='bbox 608 2163 750 2205; x_wconf 89' lang='lat' dir='ltr'>dicere</span> <span class='ocrx_word' id='word_1_234' title='bbox 776 2162 1038 2218; x_wconf 82' lang='lat' dir='ltr'>putabimus,</span> <span class='ocrx_word' id='word_1_235' title='bbox 1064 2168 1104 2203; x_wconf 87' lang='lat' dir='ltr'>et</span> <span class='ocrx_word' id='word_1_236' title='bbox 1127 2176 1224 2203; x_wconf 90' lang='lat' dir='ltr'>cum</span> <span class='ocrx_word' id='word_1_237' title='bbox 1251 2161 1513 2218; x_wconf 88' lang='lat' dir='ltr'>reipublicae</span> <span class='ocrx_word' id='word_1_238' title='bbox 1537 2162 1753 2205; x_wconf 87' lang='lat' dir='ltr'>Romanae</span> 
     </span>
     <span class='ocr_line' id='line_1_29' title="bbox 208 2234 1755 2291; baseline -0.003 -10"><span class='ocrx_word' id='word_1_239' title='bbox 208 2238 372 2281; x_wconf 87' lang='lat' dir='ltr'>ratione</span> <span class='ocrx_word' id='word_1_240' title='bbox 406 2244 448 2279; x_wconf 91' lang='lat' dir='ltr'>et</span> <span class='ocrx_word' id='word_1_241' title='bbox 479 2251 577 2279; x_wconf 90' lang='lat' dir='ltr'>cum</span> <span class='ocrx_word' id='word_1_242' title='bbox 609 2234 827 2291; x_wconf 87' lang='lat' dir='ltr'>scriptoris</span> <span class='ocrx_word' id='word_1_243' title='bbox 852 2240 998 2290; x_wconf 88' lang='lat' dir='ltr'>aperto</span> <span class='ocrx_word' id='word_1_244' title='bbox 1018 2234 1260 2275; x_wconf 87' lang='lat' dir='ltr'>testimonio</span> <span class='ocrx_word' id='word_1_245' title='bbox 1281 2234 1585 2290; x_wconf 86' lang='lat' dir='ltr'>pugnabimus.</span> <span class='ocrx_word' id='word_1_246' title='bbox 1627 2234 1755 2276; x_wconf 89' lang='lat' dir='ltr'>Nunc</span> 
     </span>
     <span class='ocr_line' id='line_1_30' title="bbox 207 2306 1754 2362; baseline -0.003 -9"><span class='ocrx_word' id='word_1_247' title='bbox 207 2325 374 2353; x_wconf 90' lang='lat' dir='ltr'>omnem</span> <span class='ocrx_word' id='word_1_248' title='bbox 403 2325 494 2352; x_wconf 88' lang='lat' dir='ltr'>rem</span> <span class='ocrx_word' id='word_1_249' title='bbox 524 2308 569 2350; x_wconf 90' lang='lat' dir='ltr'>in</span> <span class='ocrx_word' id='word_1_250' title='bbox 599 2307 730 2350; x_wconf 90' lang='lat' dir='ltr'>verbo</span> <span class='ocrx_word' id='word_1_251' title='bbox 762 2306 927 2362; x_wconf 78' lang='grc' dir='ltr'>ἀμύνειν</span> <span class='ocrx_word' id='word_1_252' title='bbox 961 2306 1069 2348; x_wconf 89' lang='lat' dir='ltr'>verti</span> <span class='ocrx_word' id='word_1_253' title='bbox 1098 2306 1405 2362; x_wconf 88' lang='lat' dir='ltr'>intelligimus:</span> <span class='ocrx_word' id='word_1_254' title='bbox 1446 2306 1628 2349; x_wconf 89' lang='lat' dir='ltr'>tribunis</span> <span class='ocrx_word' id='word_1_255' title='bbox 1667 2306 1754 2349; x_wconf 86' lang='lat' dir='ltr'>sin-</span> 
     </span>
     <span class='ocr_line' id='line_1_31' title="bbox 208 2377 1755 2439; baseline -0.003 -14"><span class='ocrx_word' id='word_1_256' title='bbox 208 2382 323 2439; x_wconf 87' lang='lat' dir='ltr'>gulis</span> <span class='ocrx_word' id='word_1_257' title='bbox 349 2397 436 2424; x_wconf 93' lang='lat' dir='ltr'>non</span> <span class='ocrx_word' id='word_1_258' title='bbox 461 2380 619 2423; x_wconf 90' lang='lat' dir='ltr'>licebat</span> <span class='ocrx_word' id='word_1_259' title='bbox 648 2379 707 2421; x_wconf 79' lang='lat' dir='ltr'>ita</span> <span class='ocrx_word' id='word_1_260' title='bbox 739 2379 850 2421; x_wconf 83' lang='lat' dir='ltr'>ferre</span> <span class='ocrx_word' id='word_1_261' title='bbox 889 2377 1111 2427; x_wconf 85' lang='lat' dir='ltr'>auxilium,</span> <span class='ocrx_word' id='word_1_262' title='bbox 1143 2385 1191 2419; x_wconf 92' lang='lat' dir='ltr'>ut</span> <span class='ocrx_word' id='word_1_263' title='bbox 1226 2377 1381 2420; x_wconf 87' lang='lat' dir='ltr'>licebat</span> <span class='ocrx_word' id='word_1_264' title='bbox 1405 2378 1665 2435; x_wconf 90' lang='lat' dir='ltr'>imperatori,</span> <span class='ocrx_word' id='word_1_265' title='bbox 1692 2378 1755 2420; x_wconf 88' lang='lat' dir='ltr'>illi</span> 
     </span>
     <span class='ocr_line' id='line_1_32' title="bbox 208 2449 1754 2506; baseline -0.004 -9"><span class='ocrx_word' id='word_1_266' title='bbox 208 2470 371 2497; x_wconf 88' lang='lat' dir='ltr'>moram</span> <span class='ocrx_word' id='word_1_267' title='bbox 399 2453 645 2502; x_wconf 85' lang='lat' dir='ltr'>afferebant,</span> <span class='ocrx_word' id='word_1_268' title='bbox 680 2452 750 2493; x_wconf 92' lang='lat' dir='ltr'>hic</span> <span class='ocrx_word' id='word_1_269' title='bbox 773 2451 931 2493; x_wconf 85' lang='lat' dir='ltr'>auxilio</span> <span class='ocrx_word' id='word_1_270' title='bbox 951 2450 1128 2492; x_wconf 85' lang='lat' dir='ltr'>ferendo</span> <span class='ocrx_word' id='word_1_271' title='bbox 1153 2458 1193 2492; x_wconf 92' lang='lat' dir='ltr'>et</span> <span class='ocrx_word' id='word_1_272' title='bbox 1215 2450 1520 2492; x_wconf 86' lang='lat' dir='ltr'>intercessione</span> <span class='ocrx_word' id='word_1_273' title='bbox 1539 2449 1656 2506; x_wconf 91' lang='lat' dir='ltr'>quod</span> <span class='ocrx_word' id='word_1_274' title='bbox 1675 2450 1754 2491; x_wconf 91' lang='lat' dir='ltr'>mi-</span> 
     </span>
     <span class='ocr_line' id='line_1_33' title="bbox 207 2521 1753 2583; baseline -0.003 -14"><span class='ocrx_word' id='word_1_275' title='bbox 207 2543 290 2571; x_wconf 89' lang='lat' dir='ltr'>nus</span> <span class='ocrx_word' id='word_1_276' title='bbox 330 2526 575 2583; x_wconf 85' lang='lat' dir='ltr'>placuisset,</span> <span class='ocrx_word' id='word_1_277' title='bbox 615 2524 803 2567; x_wconf 89' lang='lat' dir='ltr'>tollebat.</span> <span class='ocrx_word' id='word_1_278' title='bbox 875 2523 1077 2564; x_wconf 85' lang='lat' dir='ltr'>Diximus</span> <span class='ocrx_word' id='word_1_279' title='bbox 1116 2522 1169 2563; x_wconf 88' lang='lat' dir='ltr'>de</span> <span class='ocrx_word' id='word_1_280' title='bbox 1210 2521 1380 2564; x_wconf 89' lang='lat' dir='ltr'>duabus</span> <span class='ocrx_word' id='word_1_281' title='bbox 1415 2521 1559 2572; x_wconf 88' lang='lat' dir='ltr'>rebus,</span> <span class='ocrx_word' id='word_1_282' title='bbox 1595 2521 1753 2578; x_wconf 89' lang='lat' dir='ltr'>quibus</span> 
     </span>
     <span class='ocr_line' id='line_1_34' title="bbox 208 2595 1754 2653; baseline -0.004 -11"><span class='ocrx_word' id='word_1_283' title='bbox 208 2608 312 2642; x_wconf 89' lang='lat' dir='ltr'>tunc</span> <span class='ocrx_word' id='word_1_284' title='bbox 354 2598 583 2640; x_wconf 89' lang='lat' dir='ltr'>tribunicia</span> <span class='ocrx_word' id='word_1_285' title='bbox 619 2598 924 2653; x_wconf 90' lang='lat' dir='ltr'>imperatorum</span> <span class='ocrx_word' id='word_1_286' title='bbox 969 2601 1157 2650; x_wconf 86' lang='lat' dir='ltr'>potestas</span> <span class='ocrx_word' id='word_1_287' title='bbox 1195 2602 1320 2637; x_wconf 89' lang='lat' dir='ltr'>aucta</span> <span class='ocrx_word' id='word_1_288' title='bbox 1358 2603 1447 2645; x_wconf 90' lang='lat' dir='ltr'>est;</span> <span class='ocrx_word' id='word_1_289' title='bbox 1486 2595 1649 2650; x_wconf 89' lang='lat' dir='ltr'>reliqua</span> <span class='ocrx_word' id='word_1_290' title='bbox 1689 2602 1754 2637; x_wconf 88' lang='lat' dir='ltr'>est</span> 
     </span>
     <span class='ocr_line' id='line_1_35' title="bbox 208 2666 1753 2726; baseline -0.005 -12"><span class='ocrx_word' id='word_1_291' title='bbox 208 2671 345 2720; x_wconf 86' lang='lat' dir='ltr'>tertia,</span> <span class='ocrx_word' id='word_1_292' title='bbox 386 2685 514 2726; x_wconf 90' lang='lat' dir='ltr'>quam</span> <span class='ocrx_word' id='word_1_293' title='bbox 552 2670 637 2712; x_wconf 91' lang='lat' dir='ltr'>iam</span> <span class='ocrx_word' id='word_1_294' title='bbox 671 2668 823 2711; x_wconf 84' lang='lat' dir='ltr'>leviter</span> <span class='ocrx_word' id='word_1_295' title='bbox 856 2666 1090 2722; x_wconf 87' lang='lat' dir='ltr'>tetigimus,</span> <span class='ocrx_word' id='word_1_296' title='bbox 1129 2668 1245 2722; x_wconf 89' lang='lat' dir='ltr'>quod</span> <span class='ocrx_word' id='word_1_297' title='bbox 1274 2667 1360 2709; x_wconf 90' lang='lat' dir='ltr'>Dio</span> <span class='ocrx_word' id='word_1_298' title='bbox 1390 2666 1537 2709; x_wconf 88' lang='lat' dir='ltr'>datum</span> <span class='ocrx_word' id='word_1_299' title='bbox 1571 2681 1665 2708; x_wconf 88' lang='lat' dir='ltr'>esse</span> <span class='ocrx_word' id='word_1_300' title='bbox 1695 2666 1753 2708; x_wconf 89' lang='lat' dir='ltr'>ait</span> 
     </span>
     <span class='ocr_line' id='line_1_36' title="bbox 207 2737 1752 2800; baseline -0.005 -14"><span class='ocrx_word' id='word_1_301' title='bbox 207 2744 427 2800; x_wconf 90' lang='lat' dir='ltr'>Augusto,</span> <span class='ocrx_word' id='word_1_302' title='bbox 472 2749 519 2784; x_wconf 92' lang='lat' dir='ltr'>ut</span> <span class='ocrx_word' id='word_1_303' title='bbox 566 2742 611 2783; x_wconf 88' lang='lat' dir='ltr'>in</span> <span class='ocrx_word' id='word_1_304' title='bbox 656 2739 856 2783; x_wconf 88' lang='lat' dir='ltr'>omnibus</span> <span class='ocrx_word' id='word_1_305' title='bbox 895 2737 1070 2780; x_wconf 88' lang='lat' dir='ltr'>iudiciis</span> <span class='ocrx_word' id='word_1_306' title='bbox 1111 2739 1233 2794; x_wconf 88' lang='lat' dir='ltr'>quasi</span> <span class='ocrx_word' id='word_1_307' title='bbox 1276 2738 1487 2781; x_wconf 84' lang='lat' dir='ltr'>calculum</span> <span class='ocrx_word' id='word_1_308' title='bbox 1530 2738 1752 2780; x_wconf 88' lang='lat' dir='ltr'>Minervae</span> 
     </span>
     <span class='ocr_line' id='line_1_37' title="bbox 207 2810 1754 2870; baseline -0.005 -12"><span class='ocrx_word' id='word_1_309' title='bbox 207 2817 350 2858; x_wconf 81' lang='lat' dir='ltr'>ferret.</span> <span class='ocrx_word' id='word_1_310' title='bbox 412 2815 465 2857; x_wconf 89' lang='lat' dir='ltr'>ld</span> <span class='ocrx_word' id='word_1_311' title='bbox 503 2814 629 2870; x_wconf 90' lang='lat' dir='ltr'>quale</span> <span class='ocrx_word' id='word_1_312' title='bbox 666 2812 816 2862; x_wconf 85' lang='lat' dir='ltr'>fuerit,</span> <span class='ocrx_word' id='word_1_313' title='bbox 858 2825 1116 2866; x_wconf 88' lang='lat' dir='ltr'>magnopere</span> <span class='ocrx_word' id='word_1_314' title='bbox 1157 2811 1400 2853; x_wconf 87' lang='lat' dir='ltr'>dubitatum</span> <span class='ocrx_word' id='word_1_315' title='bbox 1440 2818 1516 2853; x_wconf 88' lang='lat' dir='ltr'>est.</span> <span class='ocrx_word' id='word_1_316' title='bbox 1579 2810 1754 2852; x_wconf 90' lang='lat' dir='ltr'>Etenim</span> 
     </span>
     <span class='ocr_line' id='line_1_38' title="bbox 211 2882 1753 2944; baseline -0.005 -14"><span class='ocrx_word' id='word_1_317' title='bbox 211 2888 280 2930; x_wconf 89' lang='lat' dir='ltr'>alii</span> <span class='ocrx_word' id='word_1_318' title='bbox 308 2887 572 2944; x_wconf 89' lang='lat' dir='ltr'>interpretati</span> <span class='ocrx_word' id='word_1_319' title='bbox 602 2892 714 2935; x_wconf 87' lang='lat' dir='ltr'>sunt,</span> <span class='ocrx_word' id='word_1_320' title='bbox 742 2883 778 2927; x_wconf 89' lang='lat' dir='ltr'>si</span> <span class='ocrx_word' id='word_1_321' title='bbox 803 2882 981 2925; x_wconf 84' lang='lat' dir='ltr'>totidem</span> <span class='ocrx_word' id='word_1_322' title='bbox 1004 2882 1273 2926; x_wconf 87' lang='lat' dir='ltr'>absolverent</span> <span class='ocrx_word' id='word_1_323' title='bbox 1290 2890 1388 2938; x_wconf 89' lang='lat' dir='ltr'>quot</span> <span class='ocrx_word' id='word_1_324' title='bbox 1409 2882 1753 2930; x_wconf 87' lang='lat' dir='ltr'>condemnarent,</span> 
     </span>
    </p>
   </div>
  </div>
 </body>
</html>
