1846 3100
162 159 245 203 220
602 164 657 195 De
681 163 854 195 dictatoris
881 163 1039 196 Caesaris
1066 164 1266 196 honoribus.

162 273 234 328 qui
264 272 415 316 eadem
446 273 748 315 consulatuum
775 273 1140 315 numerandorum
1162 272 1324 316 ratione
1342 289 1449 317 usus
1471 281 1551 325 est,
1580 290 1708 330 quam

161 345 204 386 in
236 345 358 387 fastis
391 345 768 401 deprehendimus.
816 345 988 387 Etenim
1017 344 1114 387 libr.
1130 344 1302 396 XLIII,
1323 345 1389 397 46,
1416 361 1544 402 quem
1568 347 1708 391 locum

163 432 294 473 supra
326 417 572 468 citavimus,
614 417 731 472 quod
769 432 880 459 anno
910 417 962 459 45
999 417 1185 473 primum
1220 418 1380 460 factum
1414 433 1509 461 esse
1549 419 1708 470 scribit,

161 496 222 539 ut,
253 490 324 544 qui
357 490 508 532 consul
536 497 670 540 esset,
714 505 793 532 sua
825 496 974 546 sponte
1001 505 1094 532 sese
1123 490 1375 547 magistratu
1404 491 1642 542 abdicaret,
1674 492 1711 534 si

162 561 334 603 biennio
363 569 459 604 ante
486 560 661 604 Caesari
689 560 878 604 Calenus
907 569 948 604 et
973 562 1173 605 Vatinius
1200 563 1312 605 intra
1340 563 1526 605 eundem
1553 579 1710 606 annum

163 634 484 684 successissent,
516 634 703 677 scribere
732 649 816 676 non
842 634 1063 690 potuisset.
1114 634 1355 690 Incipiebat
1381 635 1516 692 igitur
1536 635 1709 678 tertium

163 707 434 749 consulatum
462 721 573 748 anno
602 707 681 757 46,
723 722 809 762 quo
838 721 964 749 nemo
995 707 1202 749 suffectus
1233 713 1298 749 est
1308 737 1319 757 ,
1360 713 1588 764 apertaque
1616 707 1710 750 eius

165 787 265 822 sunt
306 779 439 822 verba
475 779 571 821 libr.
602 779 785 830 XLIII,
825 781 843 821 1
894 778 964 835 Τῷ
995 780 1039 820 δὲ
1072 779 1260 835 ἐχομένῳ
1293 779 1373 820 ἔτει
1403 780 1471 821 καὶ
1501 780 1710 821 ἐδικτατώ-

164 868 304 908 ρευσεν
338 854 423 907 ἅμα
449 853 516 894 καὶ
547 853 769 903 ὑπάτευσε,
803 853 930 908 τρίτον
963 853 1167 906 ἑκάτερον,
1199 855 1270 893 τοῦ
1298 852 1476 893 Λεπίδου
1509 852 1548 892 οἱ
1577 851 1710 906 ἀμφο-

162 925 294 980 τέροις
322 925 608 979 συνάρξαντοςς
640 925 840 980 idemque
866 923 961 967 libr.
980 923 1130 975 XLII,
1151 923 1217 974 55,
1247 939 1333 979 quo
1363 938 1475 966 anno
1502 920 1711 966 Calenum

163 1005 204 1039 et
230 997 452 1039 Vatinium
481 997 679 1039 consules
707 997 906 1047 collocat,
939 1010 989 1036 eo
1009 995 1188 1038 ¹alteram
1214 994 1414 1038 Caesaris
1442 995 1711 1044 dictaturam,

163 1069 238 1111 sed
269 1069 435 1110 nullum
469 1069 737 1111 consulatum
767 1075 1082 1111 commemorat.
1139 1069 1226 1111 Hic
1256 1068 1390 1125 igitur
1419 1083 1517 1110 cum
1546 1067 1711 1109 nullum

160 1141 205 1183 in
235 1141 358 1183 fastis
387 1156 575 1183 errorem
606 1141 869 1198 deprehendi
899 1148 1064 1184 constet
1095 1141 1391 1197 dissensioque
1409 1155 1508 1182 cum
1524 1139 1712 1182 nummis

163 1213 342 1268 aliisque
368 1212 616 1256 auctoribus
648 1221 794 1270 aperta
823 1213 890 1262 sit,
922 1213 1165 1255 necessario
1196 1228 1246 1256 eo
1277 1213 1556 1264 deducemur,
1586 1219 1636 1255 ut
1662 1227 1713 1255 ea

162 1286 374 1328 rationum
409 1285 680 1337 diversitate,
720 1301 849 1341 quam
882 1301 1012 1341 supra
1043 1285 1348 1342 exposuimus,
1380 1285 1491 1328 hanc
1520 1285 1712 1328 extitisse

162 1358 493 1415 discrepantiam
526 1374 792 1401 censeamus.

273 1431 366 1473 Iam
394 1438 576 1473 exeunte
600 1445 711 1473 anno
743 1431 793 1473 47
822 1430 1002 1472 dictator
1028 1437 1116 1472 erat
1144 1428 1317 1480 Caesar,
1348 1445 1482 1486 eaque
1504 1435 1712 1488 potestate

163 1509 387 1546 contentus
425 1503 550 1545 facile
586 1518 655 1546 res
685 1503 870 1546 urbanas
906 1503 1230 1545 administrabat
1239 1518 1250 1552 3
1298 1504 1354 1546 ad
1381 1503 1540 1546 bellum
1570 1510 1712 1545 autem

162 1576 279 1632 quod
308 1575 494 1618 instabat
509 1576 763 1618 Africanum
795 1576 898 1618 satis
928 1575 1119 1617 munitus
1147 1581 1237 1617 erat
1265 1591 1316 1618 eo
1341 1576 1450 1626 iure,
1479 1575 1595 1631 quod
1618 1582 1714 1632 post

163 1663 350 1705 pugnam
383 1648 675 1690 Pharsalicam
706 1663 960 1690 concessum
1001 1662 1096 1690 esse
1137 1648 1285 1691 scribit
1324 1648 1411 1690 Dio
1439 1647 1597 1698 XLII,
1638 1647 1712 1693 20:

162 1722 229 1762 καὶ
259 1721 451 1775 πολέμων
482 1721 547 1762 καὶ
567 1722 728 1775 εἰρήνης
754 1720 890 1775 κύριον
920 1721 1126 1776 προφάσει
1155 1725 1232 1761 τῶν
1265 1720 1305 1761 ἐν
1331 1724 1382 1775 τῇ
1402 1720 1582 1776 Ἀφρικῄ
1611 1735 1712 1760 ouvi-

165 1791 374 1847 σταμένων
412 1793 512 1848 πρὸς
552 1793 703 1836 πάντας
742 1793 986 1846 ἀνθρώπους
1028 1791 1242 1837 ἀπέδειξαν
1283 1792 1429 1842 αὐτὸν,
1473 1790 1544 1847 κᾷν
1587 1792 1711 1845 μηδὲν

165 1864 265 1918 μήτε
306 1864 363 1919 τῷ
405 1866 522 1920 δήμῳ
565 1866 664 1919 μήτε
702 1864 752 1919 τῇ
790 1864 922 1920 βουλῇ
955 1864 1046 1918 περὶ
1080 1864 1213 1904 αὐτῶν
1246 1866 1503 1917 κοινώσηται.
1566 1863 1713 1917 Quare

164 1952 262 1979 cum
292 1944 467 1992 urgeret
491 1936 666 1987 bellum,
694 1952 779 1979 non
807 1943 1029 1992 expectato
1055 1935 1154 1977 anni
1175 1935 1227 1977 46
1256 1935 1376 1976 initio
1404 1950 1456 1977 ex
1483 1935 1590 1978 urbe
1613 1950 1712 1992 pro-

162 2010 302 2052 fectus
345 2005 431 2059 est3
474 2025 570 2052 nam
600 2017 750 2052 auctor
780 2007 877 2050 bell.
907 2007 1044 2049 Afric.
1075 2022 1110 2048 c.
1146 2010 1158 2048 1
1197 2022 1295 2049 eum
1326 2023 1363 2049 a.
1393 2007 1437 2049 d.
1465 2007 1580 2051 XIV
1613 2007 1711 2049 Kal.

162 2083 252 2124 Ian.
281 2081 540 2137 Lilybaeum
566 2081 815 2137 pervenisse
848 2088 890 2122 et
918 2095 955 2121 a.
986 2079 1027 2120 d.
1059 2079 1123 2121 VI
1151 2079 1252 2122 Kal.
1280 2079 1369 2121 Ian.
1399 2079 1499 2122 inde
1531 2079 1713 2122 solvisse

164 2154 312 2196 scribit
338 2154 531 2210 ipsisque
553 2153 653 2195 Kal.
670 2154 761 2195 Ian.
786 2153 831 2194 in
862 2152 1012 2195 castris
1041 2151 1095 2193 ad
1112 2151 1351 2207 Ruspinam
1381 2151 1516 2193 fuisse
1549 2153 1606 2206 (c.
1629 2151 1712 2204 16).

164 2226 392 2280 Quomodo
422 2225 556 2282 igitur
581 2226 743 2268 factum
771 2232 857 2275 est,
898 2232 947 2267 ut
976 2224 1222 2267 consulatus
1252 2223 1345 2266 eius
1380 2224 1424 2265 in
1453 2223 1576 2266 fastis
1614 2238 1712 2280 per-

165 2298 454 2341 scriberetur?
506 2298 635 2349 Ideo,
666 2306 713 2340 ut
742 2298 915 2353 opinor,
957 2296 1074 2352 quod
1102 2295 1300 2351 quamvis
1330 2294 1484 2338 absens
1513 2296 1593 2339 rite
1622 2311 1712 2339 ma-

163 2370 390 2426 gistratum
425 2371 520 2413 iniit
558 2371 735 2425 eiusque
776 2368 964 2426 insignia
1002 2368 1239 2424 usurpavit.
1312 2367 1585 2424 Quamquam
1627 2383 1713 2411 non

162 2443 335 2485 invenio
367 2443 537 2486 comitia
567 2441 911 2490 commemorari,
948 2439 1108 2495 quibus
1141 2440 1291 2482 consul
1321 2440 1461 2482 factus
1493 2440 1547 2483 sit
1557 2457 1568 2491 ;
1614 2456 1712 2484 nam

163 2515 251 2557 Dio
278 2515 428 2566 XLII,
463 2517 511 2558 51
550 2514 826 2571 magistratus
855 2513 927 2554 ille
958 2512 1132 2567 quidem
1168 2511 1226 2553 ait
1262 2511 1433 2554 curules
1469 2511 1514 2553 in
1554 2527 1712 2555 annum

165 2588 218 2631 46
249 2595 412 2630 creatos
441 2603 558 2637 esse,
602 2587 677 2629 sed
709 2585 907 2628 consules
938 2598 1023 2626 non
1052 2585 1261 2635 nominat,
1299 2592 1347 2627 ut
1375 2585 1586 2627 incertum
1616 2599 1712 2627 esse

162 2659 321 2716 possit,
364 2666 510 2701 utrum
542 2659 635 2715 ipse
675 2658 791 2700 hunc
828 2656 926 2699 anni
956 2656 1008 2698 46
1044 2657 1216 2699 tertium
1255 2657 1523 2699 consulatum
1559 2671 1612 2698 ex
1640 2655 1712 2698 illa

164 2732 475 2788 designatione,
505 2746 603 2773 cum
629 2737 797 2772 mortuo
821 2728 1027 2784 Pompeio
1057 2728 1094 2770 ei
1119 2729 1162 2770 in
1188 2728 1528 2784 quinquennium
1553 2742 1711 2770 consu-

165 2804 278 2846 latus
310 2804 509 2846 decretus
538 2811 649 2853 erat,
680 2801 822 2844 inierit
849 2816 902 2842 an
931 2801 1055 2843 novis
1087 2801 1268 2844 comitiis
1299 2802 1452 2844 factus.
1496 2799 1711 2856 Equidem

166 2890 266 2918 vere
301 2876 471 2919 comitia
499 2876 644 2919 habita
672 2889 766 2917 esse
797 2872 980 2915 arbitror
1012 2873 1182 2916 duabus
1221 2872 1274 2915 de
1306 2872 1460 2916 causis.
1517 2872 1710 2914 Primum
