1846 3100
203 145 286 189 290
606 149 661 181 De
684 149 819 190 legibus
847 148 1105 191 municipalibus
1131 149 1338 191 Hispanicis.

202 257 414 300 vocabulo
450 257 608 300 Festus
647 272 681 298 s.
714 272 754 298 v.
790 256 926 298 utitur
963 256 1007 298 in
1043 256 1289 299 definitione
1331 258 1588 316 municipii),
1631 258 1746 314 quod

203 344 326 371 suam
354 329 656 384 rempublicam
686 328 881 378 habebat,
911 329 1163 370 universum
1194 329 1364 371 civitate
1394 330 1586 374 Romana
1613 332 1747 374 dona-

202 408 283 445 tur.
340 400 413 444 Ad
454 401 535 444 hoc
569 402 725 443 deinde
761 401 844 443 alia
877 400 1097 443 hominum
1137 416 1294 457 genera
1331 411 1513 458 possunt
1542 403 1746 446 accedere

202 473 372 516 civitate
403 474 604 524 carentia,
635 489 744 529 quae
781 488 876 515 cum
912 473 1052 529 priore
1089 474 1161 515 illo
1188 474 1232 515 in
1262 481 1418 516 certam
1446 475 1631 530 aliquam
1663 475 1747 517 rei-³

201 544 400 600 publicae
429 546 771 588 communionem
803 545 995 593 veniunt,
1034 552 1082 586 ut
1109 545 1178 587 vel
1203 553 1409 602 regantur
1435 555 1601 598 tantum
1625 537 1748 589 illinc

203 618 271 659 vel
298 618 393 673 ipsa
422 618 606 673 aliquam
637 618 823 660 civitatis
843 625 1006 673 partem
1032 618 1282 660 sustineant.
1330 616 1492 661 Contra
1517 619 1562 660 in
1580 618 1748 660 Latinis

202 689 373 745 oppidis
414 690 531 745 quod
572 705 710 746 genus
745 689 966 731 hominum
998 689 1305 745 rempublicam
1338 690 1501 740 condit,
1537 690 1649 732 Latii
1680 690 1748 732 ius

201 761 351 804 habet:
392 762 461 804 cui
491 762 560 804 vel
591 761 644 804 ab
678 763 773 818 ipsa
802 762 966 818 origine
1002 762 1216 818 principes
1246 762 1422 817 quidam
1461 763 1632 805 civitate
1660 762 1747 804 Ro-

202 849 327 876 mana
354 835 490 876 ornati
518 834 779 884 inseruntur,
808 835 877 876 vel
907 841 1020 876 certe
1051 835 1253 890 paulatim
1284 835 1518 878 honoribus
1545 834 1746 892 gerendis

201 906 326 961 quasi
358 906 653 957 innascuntur,
685 921 820 962 eoque
844 906 1004 962 plures,
1035 921 1120 961 quo
1150 907 1295 963 plures
1325 923 1378 949 ex
1404 907 1585 964 plebeiis
1611 906 1747 949 homi-

202 977 331 1020 nibus
348 979 402 1020 ad
421 979 696 1035 magistratus
712 979 1007 1020 admittuntur.
1034 979 1101 1020 Ita
1120 980 1179 1029 fit,
1195 987 1240 1021 ut
1265 980 1339 1035 qui
1362 980 1520 1036 oppida
1537 979 1692 1022 Latina
1708 989 1749 1021 et

195 1051 373 1097 ,civitate
392 1052 585 1094 Romana
603 1051 797 1108 praedita
824 1052 1041 1093 intueatur
1064 1066 1149 1093 non
1169 1052 1400 1101 nascentia,
1432 1052 1508 1094 sed
1535 1061 1748 1107 tamquam

202 1122 350 1166 adulta
383 1132 510 1179 atque
543 1133 681 1174 aucta,
711 1140 761 1166 ea
798 1124 871 1166 vix
909 1125 1046 1179 possit
1078 1123 1336 1166 discernere.
1397 1124 1567 1166 Etenim
1596 1132 1636 1166 et
1665 1124 1749 1175 illa,

203 1195 306 1238 dum
336 1196 486 1239 civitas
519 1204 795 1252 propagatur,
828 1205 869 1238 et
899 1197 1004 1238 haec
1033 1197 1136 1238 dum
1166 1195 1311 1238 Latini
1342 1196 1627 1246 asciscuntur,
1662 1197 1749 1238 duo

201 1267 421 1310 hominum
454 1283 611 1324 genera
627 1268 799 1318 habent,
822 1283 1005 1323 quorum
1025 1276 1171 1310 utrum
1189 1268 1242 1310 sit
1256 1268 1422 1324 origine
1438 1269 1652 1324 superius,
1667 1268 1749 1310 nisi

202 1354 256 1382 ex
284 1341 469 1390 nomine,
497 1341 700 1396 cognosci
726 1355 810 1382 non
839 1348 991 1397 potest.
1051 1341 1220 1382 Etenim
1256 1356 1308 1382 ne
1341 1340 1449 1382 illud
1479 1341 1653 1395 quidem
1683 1356 1751 1382 sa-

201 1413 256 1455 tis
296 1412 469 1455 videtur
508 1427 602 1455 esse
638 1421 814 1464 certum,
849 1413 967 1469 quod
1003 1415 1184 1455 fortasse
1223 1413 1375 1468 aliquis
1414 1413 1646 1462 existimet,
1675 1412 1750 1454 ubi

203 1485 320 1527 cives
349 1485 532 1527 Romani
560 1500 739 1526 numero
778 1485 1020 1541 superiores
1049 1486 1221 1535 fuerint,
1256 1485 1318 1527 ibi
1354 1485 1649 1541 municipium,
1676 1485 1750 1527 ubi

199 1557 359 1607 Latini,
387 1557 447 1600 ibi
467 1557 681 1600 civitatem
699 1557 899 1599 Latinam
923 1557 1071 1599 fuisse.
1101 1556 1221 1610 Quid
1244 1557 1388 1598 enim?
1412 1557 1463 1599 In
1485 1556 1640 1599 Latina
1653 1556 1750 1612 qui-

203 1630 300 1671 dem
333 1630 504 1672 civitate
526 1630 650 1672 facile
674 1629 803 1672 credo
821 1630 1075 1685 plerumque
1097 1630 1349 1672 Latinorum
1370 1644 1595 1671 numerum
1615 1629 1750 1671 fuisse

203 1702 421 1751 maiorem,
451 1711 676 1758 propterea
704 1702 820 1757 quod
849 1701 1006 1758 plebeii
1040 1701 1232 1743 homines
1258 1717 1353 1744 raro
1382 1702 1436 1744 ad
1465 1701 1647 1744 honores
1674 1701 1751 1743 ad—

203 1773 480 1816 mittebantur
509 1789 587 1816 nec
622 1775 754 1816 multo
787 1775 972 1830 saepius,
1005 1774 1178 1830 opinor,
1201 1789 1329 1829 quam
1347 1774 1508 1816 Romae
1539 1774 1581 1816 in
1609 1781 1750 1816 vetere

203 1845 424 1902 republica
454 1846 555 1888 novi
585 1845 778 1889 homines
808 1847 1017 1888 honorum
1047 1846 1256 1902 imagines
1284 1845 1630 1901 nobilitatemque
1649 1860 1751 1888 con-

205 1918 341 1960 secuti
369 1926 489 1960 sunt:
520 1925 563 1961 at
592 1919 922 1975 municipiorum
951 1918 1229 1974 reipublicae,
1259 1918 1466 1974 imprimis
1496 1933 1750 1974 magnorum

204 1998 330 2046 atque
360 1990 594 2045 antiquitus
624 1990 843 2040 nobilium,
876 2005 1016 2033 nonne
1046 1990 1138 2032 fieri
1157 1998 1332 2046 poterat,
1355 1998 1402 2032 ut
1424 1990 1581 2032 multae
1600 1998 1750 2046 gentes

205 2062 493 2119 oppidulaque
516 2062 878 2104 attribuerentur?
922 2062 1120 2116 Quorum
1139 2061 1276 2103 omnis
1301 2062 1530 2104 multitudo
1549 2062 1751 2117 quoniam

206 2133 376 2177 carebat
394 2134 563 2176 civitate
581 2133 786 2184 Romana,
807 2135 978 2177 vincere
999 2141 1192 2190 poterant
1208 2148 1386 2175 numero
1404 2133 1560 2175 Latini.
1590 2133 1750 2187 Quare,

206 2206 371 2248 etiamsi
399 2206 594 2248 Malacae
630 2205 950 2262 Salpensaeque
991 2206 1194 2248 maiorem
1223 2214 1387 2261 partem
1415 2205 1634 2248 hominum
1665 2206 1751 2247 La-

205 2279 370 2320 tinitate
401 2284 565 2320 tantum
607 2278 842 2334 praeditam
872 2279 1008 2320 fuisse
1041 2293 1093 2320 ex
1121 2277 1189 2319 his
1215 2277 1371 2319 tabulis
1401 2278 1750 2334 intelligeremus,

206 2350 251 2392 id
280 2350 397 2406 quod
426 2351 543 2392 nullo
572 2351 700 2392 modo
728 2351 1022 2406 intelligimus,
1047 2363 1317 2404 nequaquam
1338 2357 1479 2392 tamen
1498 2338 1750 2400 efficeretur,

205 2424 342 2466 fuisse
383 2439 433 2467 ea
472 2423 629 2465 Latina
669 2423 837 2479 oppida.
902 2422 1032 2464 Velut
1069 2421 1458 2472 Nemausensibus,
1496 2423 1549 2464 de
1592 2422 1750 2478 quibus

208 2511 339 2552 supra
370 2495 533 2537 dictum
575 2502 652 2545 est,
689 2510 787 2537 cum
823 2495 876 2536 ab
907 2493 1130 2536 Hadriano
1168 2495 1382 2537 civitatem
1413 2495 1646 2537 Romanam
1678 2509 1750 2536 co-

206 2567 431 2622 loniaeque
460 2567 528 2609 ius
557 2567 845 2622 impetrarent,
876 2580 960 2607 non
981 2565 1178 2621 adempta
1206 2581 1300 2609 esse
1320 2574 1425 2623 puto
1452 2567 1603 2622 viginti
1627 2573 1751 2621 quat-

208 2647 305 2681 tuor
334 2639 505 2696 oppida,
534 2653 643 2694 quae
661 2640 893 2694 Augustus
922 2637 1222 2687 contribuerat,
1250 2653 1329 2680 nec
1350 2647 1500 2695 gentes
1521 2638 1749 2694 Inalpinas,

208 2726 315 2766 quas
349 2710 491 2753 Galba
515 2710 568 2752 iis
596 2710 854 2753 subiecerat:
886 2724 994 2765 quae
1019 2709 1184 2752 iactura
1211 2710 1247 2752 si
1272 2710 1469 2752 facienda
1495 2716 1621 2759 esset,
1646 2709 1751 2752 civi-

208 2789 272 2824 tas
300 2782 396 2838 ipsa
423 2782 616 2824 Romana
647 2783 720 2825 vix
747 2797 824 2838 pro
852 2781 1040 2838 praemio
1066 2781 1214 2823 haberi
1248 2788 1432 2837 poterat:
1472 2781 1547 2823 sed
1578 2781 1651 2823 illa
1676 2796 1750 2823 ve-

208 2861 299 2896 tera
330 2853 498 2910 oppida,
529 2869 638 2909 quae
669 2854 820 2896 eodem
858 2861 1047 2909 tempore
1077 2853 1307 2896 Latinitate
1339 2853 1493 2895 donata
1522 2868 1616 2895 esse
1651 2867 1750 2909 pro-
