1846 3100
539 151 594 182 De
619 149 751 191 legibus
778 147 1038 189 municipalibus
1066 145 1269 188 Hispanicis.
1596 140 1674 184 281

131 261 251 312 isset,
281 261 387 304 nihil
417 260 590 303 omnino
620 259 702 301 tale
733 256 875 300 caveri
903 270 1012 313 opus
1040 262 1142 305 erat,
1178 255 1214 296 si
1234 254 1488 297 Latinorum
1514 261 1679 296 tantum

133 333 292 376 civium
322 333 489 383 fuisset,
521 331 659 389 potuit
692 345 793 373 sane
821 329 881 371 ita
910 328 1052 378 scribi,
1082 335 1131 370 ut
1160 328 1367 384 scriptum
1396 335 1474 378 est,
1504 335 1552 369 ut
1569 342 1679 383 quae

133 421 287 449 causae
325 406 442 449 cives
472 405 687 447 Romanos
726 402 779 444 ab
820 402 937 444 curia
969 401 1266 457 prohiberent,
1314 415 1387 443 eae
1418 400 1471 443 ad
1501 400 1678 442 Latinos

132 479 485 528 transferrentur3
519 477 596 519 sed
619 476 655 518 si
674 474 828 531 partim
845 474 961 516 cives
978 473 1161 516 Romani
1183 473 1335 529 partim
1350 473 1496 515 Latini
1522 480 1679 523 essent,

131 567 272 595 nonne
300 553 400 594 item
429 556 543 592 recte
576 547 855 597 scribebatur,
887 561 940 588 ne
973 547 1096 588 cuius
1126 547 1234 589 ratio
1263 544 1506 596 haberetur,
1536 546 1610 602 qui
1635 546 1680 588 in

133 640 279 667 earum
306 639 391 679 qua
421 638 551 665 causa
579 628 715 671 esset,
745 626 919 676 propter
947 635 1071 675 quam
1103 619 1138 661 si
1166 619 1272 661 civis
1300 619 1520 661 Romanus
1553 626 1679 669 esset,
1722 644 1725 645 ν

131 697 176 739 in
205 711 382 739 numero
412 694 693 737 decurionum
719 692 1113 748 conscriptorumve
1145 707 1243 733 eum
1272 707 1367 734 esse
1395 706 1481 733 non
1506 692 1680 734 liceret?

132 769 334 812 Efficitur
359 768 472 818 hinc,
504 782 601 809 cum
628 766 744 808 cives
771 765 987 807 Romanos
1015 765 1163 820 utique
1190 765 1384 807 Malacae
1412 765 1547 807 fuisse
1579 781 1680 808 con—

134 850 236 892 stet,
270 848 318 883 ut
350 841 455 882 nihil
484 840 584 882 hinc
615 838 842 895 colligatur
872 837 954 879 nisi
985 837 1100 892 quod
1130 837 1224 894 ipsa
1254 837 1361 880 ratio
1393 837 1600 888 ostendit,
1637 838 1681 879 in

132 914 300 958 Latinis
335 913 505 971 oppidis
545 912 679 955 fuisse
716 911 868 967 partim
908 909 1024 952 cives
1054 910 1267 953 Romanos
1307 911 1458 967 partim
1487 910 1680 961 Latinos,

132 994 275 1030 utrum
307 987 441 1029 maior
473 1000 569 1042 pars
599 983 780 1033 civium,
822 983 960 1025 minor
988 982 1243 1025 Latinorum
1277 999 1330 1025 an
1362 990 1508 1026 contra
1538 983 1681 1034 fuerit,

132 1059 317 1116 intelligi
349 1059 466 1101 nullo
499 1057 627 1100 modo
657 1055 806 1113 possit..

246 1131 336 1175 Sed
366 1130 636 1174 redeundum
655 1137 719 1171 est
742 1128 797 1171 ad
816 1128 926 1170 aeris
946 1127 1215 1184 Salpensani,
1245 1129 1369 1171 cuius
1389 1144 1523 1171 unum
1541 1130 1681 1172 locum

134 1220 263 1263 supra
281 1204 574 1261 exposuimus,
604 1209 732 1258 caput
754 1201 965 1252 ultimum,
995 1201 1112 1257 quod
1134 1209 1197 1243 est
1217 1201 1271 1243 de
1291 1209 1480 1244 tutorum
1498 1202 1682 1253 datione,

131 1278 246 1335 quod
276 1278 311 1320 si
340 1277 436 1332 quis
462 1283 596 1318 totum
625 1275 810 1331 explicet
837 1274 1008 1330 longam
1032 1275 1222 1330 requirat
1240 1274 1586 1331 disputationem.
1630 1276 1682 1317 In

133 1367 184 1394 eo
213 1350 326 1393 enim
355 1349 525 1405 insigne
554 1347 780 1391 exhibetur
809 1348 1073 1403 exemplum,
1118 1362 1204 1403 quo
1232 1347 1527 1398 confirmatur,
1568 1348 1683 1403 quod

133 1423 348 1480 Ulpianus
381 1422 506 1464 docet
532 1421 574 1462 in
606 1421 710 1476 Dig.
739 1420 926 1470 XXVI,
956 1420 980 1462 5
1011 1420 1085 1474 (de
1112 1423 1261 1475 tutor.)
1294 1421 1341 1471 3,
1385 1435 1463 1463 suo
1493 1427 1682 1476 tempore

131 1496 307 1539 licuisse
331 1494 531 1539 omnibus
558 1492 879 1548 magistratibus
901 1491 1233 1548 municipalibus
1258 1500 1421 1535 tutores
1441 1493 1558 1543 dare,
1585 1509 1682 1535 cum

132 1575 282 1625 postea
310 1583 458 1611 eorum
484 1574 673 1624 potestas
705 1566 931 1608 imminuta
960 1581 1055 1608 esse
1086 1565 1284 1607 videatur
1322 1565 1447 1622 (Inst.
1472 1565 1516 1616 Ι,
1545 1565 1598 1608 ‘20
1629 1566 1683 1608 de

131 1639 238 1684 Atil.
267 1647 344 1683 tut.
373 1640 432 1695 4).
491 1638 655 1682 Omnes
697 1639 935 1694 municipes
980 1637 1202 1694 municipii
1237 1635 1490 1694 Salpensani
1520 1644 1683 1680 tutores

132 1724 276 1771 petere
304 1712 508 1755 iubentur
538 1726 562 1752 a
593 1711 741 1753 IIviris
774 1718 815 1753 et
845 1710 1150 1753 decurionibus
1188 1725 1238 1752 ac
1274 1725 1326 1752 ne
1364 1710 1472 1752 illud
1508 1710 1684 1765 quidem

92 1795 104 1800 '
133 1794 322 1837 cavetur,
353 1784 468 1841 quod
485 1783 649 1826 Paulus
668 1782 774 1839 Dig.
790 1783 968 1831 XXVI,
991 1783 1029 1833 ἔ),
1052 1783 1104 1825 24
1135 1783 1193 1824 ait
1216 1798 1241 1824 a
1263 1783 1413 1826 IIviris
1444 1782 1682 1839 municipes

134 1858 202 1901 sui
240 1865 404 1900 tantum
446 1855 667 1912 municipii
707 1870 832 1912 posse
870 1855 976 1897 dari.
1049 1854 1321 1911 Quamquam
1358 1857 1441 1898 hoc
1481 1855 1560 1898 etsi
1597 1870 1683 1897 non

133 1929 345 1980 scribitur,
372 1928 702 1985 intelligendum
730 1935 869 1970 tamen
892 1943 985 1970 esse
1013 1935 1151 1984 puto.x
1182 1928 1412 1982 Quomodo
1435 1929 1549 1971 enim
1569 1928 1682 1970 IIvi-

132 2018 229 2045 rum
267 2009 340 2045 aut
379 2002 683 2051 decurionum,
726 2001 801 2057 qui
847 2002 913 2043 sui
956 2001 1177 2056 municipii
1219 2000 1377 2044 finibus
1422 2009 1683 2051 coercentur,

133 2075 219 2117 ulla
252 2075 307 2117 sit
343 2075 388 2116 in
421 2075 526 2118 alios
554 2074 793 2131 municipes
823 2074 1036 2130 potestas?
1089 2072 1178 2116 Sed
1205 2081 1254 2116 ut
1284 2074 1389 2116 haec
1416 2073 1684 2130 praetermit-

133 2155 286 2197 tamus,
317 2154 506 2189 extrema
534 2147 580 2189 in
606 2147 690 2189 hoc
719 2147 856 2202 capite
889 2153 989 2188 sunt
1018 2146 1145 2189 haec:
1181 2149 1263 2194 Qui
1283 2153 1395 2188 tutor
1415 2149 1537 2198 Mac)
1555 2149 1685 2199 l(ege)

133 2221 256 2261 datus
291 2222 390 2269 erit,
431 2222 466 2260 is
502 2222 542 2260 ei
577 2222 649 2260 cui
683 2222 804 2260 datus
842 2222 941 2268 erit,
984 2234 1062 2272 quo
1101 2235 1151 2260 ne
1184 2219 1233 2259 ab
1259 2222 1365 2260 iusto
1391 2226 1526 2260 tutore
1555 2221 1684 2259 tutela

133 2292 308 2343 (njbeat,
339 2298 424 2332 tam
454 2295 585 2333 iustus
612 2298 724 2333 tutor
752 2297 833 2332 esto
862 2306 985 2344 quam
1013 2293 1051 2331 si
1075 2294 1110 2332 is
1140 2293 1180 2334 C.
1210 2294 1257 2332 R.
1290 2299 1329 2332 et
1355 2293 1564 2344 adgnata-v
1584 2305 1684 2344 pro-

133 2366 273 2404 ximus
304 2365 344 2406 C.
382 2365 431 2406 R.
463 2370 576 2404 tutor
605 2370 712 2405 esset.
774 2363 891 2405 Hinc
930 2363 1092 2405 iustum
1132 2370 1338 2413 tutorem,
1379 2363 1496 2418 quod
1529 2378 1686 2406 nomen

134 2449 221 2477 non
259 2435 433 2478 memini
467 2450 535 2477 me
572 2435 687 2492 apud
726 2436 831 2478 alios
867 2435 974 2477 iuris
1004 2435 1187 2478 Romani
1223 2443 1419 2478 auctores
1452 2435 1684 2485 invenisse,

135 2522 233 2549 eum
265 2507 550 2550 existimatum
581 2523 675 2551 esse
711 2508 940 2558 discimus,
982 2508 1018 2550 si
1055 2508 1124 2550 cui
1166 2508 1250 2550 civi
1276 2507 1468 2550 Romano
1501 2515 1684 2564 agnatus

134 2580 356 2636 proximus
386 2580 493 2623 civis
521 2580 742 2623 Romanus
775 2587 891 2622 tutor
917 2588 1043 2630 esset,
1071 2581 1139 2622 cui
1162 2581 1256 2622 iure
1279 2587 1500 2634 aequatur,
1529 2579 1603 2635 qui
1632 2594 1686 2622 ex

135 2652 217 2695 hac
245 2653 342 2709 lege
372 2651 662 2709 municipibus
684 2651 976 2709 Salpensanis,
1009 2652 1099 2695 sive
1129 2653 1245 2695 cives
1272 2659 1371 2694 sunt
1395 2651 1485 2695 sive
1504 2651 1685 2694 Latinae

138 2723 400 2766 condicionis
443 2727 601 2782 (neque
636 2725 750 2767 enim
784 2725 866 2767 hoc
900 2724 1180 2779 discernitur)
1214 2739 1238 2765 a
1266 2723 1557 2780 municipibus
1589 2724 1685 2767 Sal-

137 2796 338 2851 pensanis
367 2797 437 2839 vel
464 2797 637 2840 decreto
665 2796 948 2839 decurionum
978 2804 1094 2839 tutor
1122 2797 1260 2838 datur.
1309 2795 1455 2850 Quare
1476 2811 1574 2839 cum
1598 2797 1685 2839 duo

141 2867 225 2909 sint
252 2867 298 2910 in
322 2867 437 2912 iusto
469 2876 623 2920 tutore,
654 2876 702 2912 ut
727 2876 769 2911 et
795 2869 867 2911 cui
897 2868 1036 2918 datur,
1064 2868 1117 2911 sit
1142 2868 1248 2911 civis
1268 2867 1487 2913 Romanus
1511 2876 1552 2912 et
1571 2876 1687 2913 tutor
