1846 3100
219 137 299 181 352
633 141 687 173 De
712 142 957 184 propagatione
983 142 1128 175 civitatis
1149 142 1337 177 Romanae.

216 248 323 298 finit,
355 240 603 290 censoribus
631 247 816 303 denique
844 248 1092 291 mandatum
1118 264 1213 292 esse
1231 251 1394 304 scribit,
1423 260 1472 296 ut
1498 269 1607 311 quos
1632 255 1764 312 recipi

216 335 300 362 non
331 320 532 376 placeret,
562 320 606 361 in
641 320 800 377 oppida
838 321 1120 363 remitterent:
1165 324 1234 365 cui
1265 324 1327 366 rei
1365 341 1518 379 magna
1548 326 1658 370 fides
1689 326 1766 370 ad-

215 393 360 435 iicitur
405 408 456 435 ex
487 393 554 444 iis,
594 408 703 449 quae
733 392 829 449 lege
866 393 978 435 Iulia
1007 409 1082 449 per
1110 394 1276 437 Italiam
1310 397 1505 441 instituta
1532 413 1628 442 esse
1655 399 1767 441 infra

216 466 423 508 dicemus.
478 466 623 521 Atque
664 465 709 507 in
748 465 828 507 hac
865 481 1070 508 censurae
1111 469 1365 512 necessitate
1406 470 1604 514 interitus
1634 471 1765 514 totius

214 539 344 581 huius
373 538 479 581 iuris
512 538 766 580 continetur.
820 538 931 580 Nam
959 548 1184 595 postquam
1217 541 1337 584 Sulla
1365 557 1589 586 censuram
1616 552 1764 586 sustu-

214 612 276 662 lit,
314 611 515 667 quoniam
549 610 693 652 nullus
731 625 886 653 census
918 611 1140 667 agebatur,
1180 628 1232 656 ne
1261 614 1304 656 in
1339 615 1550 658 civitatem
1589 616 1762 672 quidem

214 684 398 741 amplius
438 684 583 726 Latini
629 684 851 725 transferri
890 692 1088 740 poterant
1126 686 1336 742 periitque
1372 695 1509 730 totum
1541 687 1610 730 ius
1646 687 1766 731 nulla

213 758 309 814 lege
336 772 446 799 nova
472 757 568 806 lata,
599 757 717 799 nulla
745 748 902 799 iniuria
929 756 1203 800 Latinorum:
1236 758 1312 802 ubi
1339 759 1536 802 restituta
1560 759 1614 803 ab
1633 760 1763 803 Pom-

213 830 309 886 peio
347 845 530 872 censura
561 829 790 879 convaluit,
830 830 1032 872 continuo
1069 845 1267 873 censores
1299 831 1352 874 de
1385 832 1554 876 Latinis
1583 833 1627 876 in
1657 833 1762 876 civi-

213 910 342 945 tatem
379 902 635 958 recipiendis
674 901 886 944 dissidere
927 910 1158 958 coeperunt
1197 905 1271 960 (cf.
1301 919 1430 960 supra
1461 920 1502 961 p.
1533 905 1620 961 38),
1657 906 1762 949 dum

212 975 383 1018 tandem
401 976 646 1031 quicunque
664 975 707 1016 in
723 973 844 1016 Italia
862 975 1032 1017 fuerant
1051 975 1231 1019 Latinae
1256 977 1533 1028 condicionis,
1551 978 1594 1019 in
1612 978 1760 1021 civita-

210 1056 295 1091 tem
317 1048 475 1105 recepti
501 1055 613 1090 sunt.
643 1046 731 1101 Qui
750 1055 890 1090 autem
921 1055 1039 1089 extra
1058 1048 1223 1090 Italiam
1243 1057 1362 1092 erant
1385 1049 1544 1102 Latini,
1566 1058 1760 1107 poterant

210 1121 271 1163 illi
299 1121 472 1176 quidem
504 1121 649 1162 multis
675 1119 815 1162 modis
845 1119 899 1161 ad
926 1120 1140 1162 civitatem
1166 1122 1390 1177 pervenire
1412 1137 1697 1180 magnamque
1715 1124 1758 1166 in

210 1210 260 1236 ea
303 1209 348 1236 re
395 1194 686 1236 Romanorum
729 1192 1025 1235 liberalitatem
1069 1193 1204 1236 fuisse
1243 1195 1424 1245 scimus3
1472 1195 1577 1238 haec
1616 1203 1757 1239 autem

209 1267 315 1310 ratio
344 1267 387 1309 in
417 1266 569 1309 urbem
596 1264 810 1322 migrandi
832 1272 920 1308 tota
944 1264 1159 1322 pendebat
1186 1281 1238 1308 ex
1265 1267 1531 1323 imperatore,
1553 1268 1609 1310 ad
1629 1283 1757 1323 quem

210 1340 376 1383 sublata
412 1355 594 1382 censura
628 1347 818 1396 potestas
857 1339 1051 1381 censoria
1088 1347 1352 1395 pervenerat,
1386 1355 1472 1396 qua
1507 1341 1756 1398 singillatim

207 1427 490 1469 quoscunque
515 1413 559 1455 in
591 1412 742 1455 urbem
771 1412 1056 1454 admittendos
1089 1427 1182 1455 esse
1212 1419 1394 1468 putaret,
1424 1412 1552 1455 simul
1579 1413 1623 1456 in
1648 1413 1755 1456 civi-

207 1492 335 1528 tatem
365 1485 603 1528 Romanam
630 1486 819 1542 recipere
847 1485 1016 1527 licebat.

319 1558 464 1614 Atque
503 1558 573 1601 hic
603 1558 778 1614 quidem
809 1557 976 1600 Latinis
1016 1557 1070 1600 ad
1103 1558 1317 1600 civitatem
1347 1559 1583 1602 Romanam
1612 1557 1752 1600 aditus

204 1628 378 1685 patebat
414 1631 458 1672 in
487 1630 638 1673 urbem
668 1631 850 1673 Romam
880 1629 1212 1682 transeuntibus,
1246 1631 1323 1672 sed
1349 1630 1523 1687 patebat
1551 1631 1678 1673 etiam
1708 1631 1751 1673 in

204 1703 341 1759 patria
369 1703 653 1746 manentibus.
703 1703 799 1746 Non
829 1702 967 1745 dicam
999 1702 1052 1744 de
1081 1703 1280 1759 praemiis
1316 1703 1524 1746 Serviliae
1550 1703 1753 1746 aliarum-

207 1790 290 1831 que
316 1776 462 1832 legum
497 1774 609 1831 (Cic.
637 1791 678 1833 p.
713 1776 836 1819 Balb.
867 1776 954 1831 24),
988 1790 1098 1831 quae
1130 1775 1196 1826 iis,
1232 1776 1306 1832 qui
1344 1776 1479 1818 civem
1509 1775 1752 1819 Romanum

206 1848 543 1905 repetundarum
575 1849 944 1899 condemnassent,
970 1848 1184 1891 civitatem
1210 1848 1518 1905 largiebantur,
1541 1848 1617 1891 sed
1634 1847 1750 1904 quod

205 1928 352 1976 postea
398 1921 442 1963 in
487 1921 662 1964 coloniis
711 1920 1040 1976 civitatibusque
1086 1920 1255 1963 Latinis
1299 1920 1610 1963 constituendis
1657 1920 1750 1963 fieri

203 1993 416 2044 videmus,
456 2002 505 2035 ut
545 1994 618 2050 qui
655 1994 699 2036 in
735 2009 905 2050 quoque
935 1992 1093 2050 oppido
1131 1993 1216 2034 sint
1251 1993 1488 2049 principes,
1518 1992 1549 2034 ii
1578 1992 1749 2036 civitate

207 2065 399 2108 Romana
432 2066 657 2116 donentur,
688 2082 774 2123 qua
802 2067 856 2109 de
887 2082 933 2108 re
962 2066 1149 2108 diximus
1179 2066 1223 2107 in
1252 2072 1463 2108 comment
1491 2065 1708 2122 epigraph.
1727 2065 1750 2108 I

201 2152 243 2193 p.
277 2138 357 2181 308
389 2145 431 2180 et
463 2153 595 2195 supra
630 2154 670 2195 p.
705 2139 800 2189 277,
841 2138 958 2181 idem
996 2139 1080 2181 iam
1121 2137 1306 2192 antiquis
1347 2137 1611 2194 temporibus
1652 2144 1748 2180 ante

202 2211 341 2267 legem
373 2211 529 2254 Iuliam
553 2212 877 2254 consuetudinis
905 2212 999 2254 fuit.
1042 2210 1152 2253 Nam
1183 2211 1298 2266 quod
1332 2209 1528 2252 dictatori
1557 2207 1747 2260 Caesari,

202 2299 298 2326 cum
328 2283 500 2326 Novum
527 2282 722 2335 Comum,
753 2284 898 2326 Latini
927 2284 1034 2326 iuris
1061 2283 1282 2332 coloniam,
1310 2282 1526 2334 conderet,
1551 2282 1648 2339 lege
1670 2282 1746 2325 da-

200 2363 292 2398 tum
332 2371 426 2398 esse
464 2356 638 2407 scimus,
675 2364 724 2398 ut
760 2357 1016 2413 quingentos
1051 2356 1168 2398 cives
1195 2355 1411 2397 Romanos
1440 2355 1611 2405 faceret,
1642 2369 1746 2397 num

200 2444 349 2471 recens
375 2437 479 2472 tune
507 2429 729 2472 inventum
761 2445 855 2472 esse
882 2428 1156 2486 putabimus?
1202 2428 1275 2470 An
1307 2442 1423 2478 vero,
1452 2427 1568 2482 quod
1596 2426 1641 2468 in
1670 2441 1745 2470 ve-

199 2508 288 2543 tere
321 2517 436 2544 more
475 2510 601 2553 esset,
635 2518 887 2545 concessum
914 2517 1008 2544 esse
1039 2499 1367 2544 arbitrabimur?
1422 2498 1522 2553 Quo
1552 2499 1623 2542 ille
1654 2513 1744 2540 am-

199 2573 352 2616 bitiose
383 2581 588 2625 uteretur,
620 2582 669 2617 ut
695 2574 890 2631 pluribus
918 2589 1046 2630 quam
1074 2573 1235 2624 liceret,
1259 2572 1474 2616 civitatem
1494 2571 1742 2628 impertiret,

198 2647 275 2688 sed
305 2647 400 2703 ipsa
429 2648 697 2691 consuetudo
732 2654 822 2690 erat
860 2647 1046 2702 antiqua,
1078 2646 1208 2701 idque
1244 2661 1294 2688 eo
1322 2645 1459 2701 magis
1491 2651 1742 2694 statuemus,

196 2720 312 2777 quod
341 2720 385 2762 in
419 2727 586 2763 veteres
615 2719 799 2763 colonias
831 2718 1007 2761 Latinas
1036 2718 1192 2760 multos
1221 2724 1386 2760 constat
1411 2717 1619 2773 ascriptos
1646 2730 1740 2759 esse

197 2792 312 2835 cives
348 2793 578 2844 Romanos,
617 2809 670 2835 ex
704 2793 809 2848 ipsa!
826 2790 932 2834 urbe
964 2791 1030 2834 vel
1062 2805 1114 2833 ex
1144 2790 1388 2847 municipiis
1419 2789 1588 2832 civitate
1617 2802 1741 2844 prae-

195 2864 296 2907 ditis
331 2866 550 2916 oriundos,
579 2866 654 2923 qui
686 2867 722 2908 si
750 2864 916 2922 copiam
946 2879 1082 2907 novae
1119 2863 1309 2906 coloniae
1341 2862 1542 2919 pristinae
1570 2861 1740 2919 inopiae
