1846 3100
588 131 643 163 De
671 129 784 163 Gallia
809 130 1041 162 Romanorum
1073 128 1258 170 provincia.
1643 122 1696 166 89

149 243 194 285 in
222 257 322 285 eum
353 241 453 284 odio
482 242 684 283 incensus
718 244 856 287 esset,
896 250 1023 292 agere
1058 236 1197 292 coepit
1227 251 1277 279 ea
1304 251 1412 291 quae
1443 234 1571 290 paulo
1601 239 1698 276 ante

150 314 344 371 exposita
373 320 486 356 sunt.
544 312 661 354 Hinc
691 317 788 352 nata
816 316 880 352 est
907 309 980 350 illa
1009 308 1223 351 dissensio
1255 308 1394 350 civilis
1425 313 1544 364 (nam
1571 307 1698 348 etiam

149 385 382 443 Pompeius
411 385 572 440 insigni
600 382 885 426 inconstantia
914 380 1090 424 Caesari
1118 380 1338 423 adversari
1366 379 1549 435 coepit),
1590 393 1698 433 quae

149 466 379 516 postquam
407 456 715 513 rempublicam
744 454 967 504 distraxit,
997 453 1170 496 tandem
1198 453 1242 494 in
1272 452 1458 502 bellum,
1489 465 1574 507 quo
1604 450 1700 492 uni-

153 531 267 574 versi
292 530 459 587 imperii
487 528 670 572 Romani
698 528 836 570 forma
863 532 1025 568 mutata
1055 534 1142 574 est,
1184 524 1337 581 erupit.
1395 524 1519 578 Quae
1552 522 1701 577 singil-

150 604 269 646 latim
299 601 511 660 persequi,
538 600 739 656 quoniam
759 599 998 643 Galliarum
1028 605 1194 640 tantum
1213 597 1435 640 historiam
1458 595 1701 644 scribimus,

154 676 209 718 ab
236 675 318 717 hoc
345 675 441 717 loco
471 673 657 715 alienum
684 679 760 714 est.

265 747 364 789 Hoc
401 753 566 789 certum
604 752 669 803 est
707 744 805 787 cum
839 759 949 786 anno
983 743 1036 786 49
1081 743 1242 786 bellum
1284 742 1409 785 civile
1450 746 1702 796 erumperet,

156 819 387 863 Caesarem
417 819 495 861 rite
526 834 578 860 ex
608 816 780 873 legibus
811 831 917 872 quas
944 831 997 858 ex
1027 816 1251 859 consulatu
1280 821 1503 869 acceperat
1529 811 1703 869 provin-

153 893 255 943 cias,
289 891 475 935 Galliam
503 897 727 945 utramque
757 903 857 932 cum
884 887 1056 943 Illyrico
1088 887 1338 930 obtinuisse.
1393 886 1503 928 Nam
1531 891 1704 927 senatus

155 979 251 1007 cum
283 962 575 1006 revocandum
605 962 753 1017 utique
786 958 1015 1003 Caesarem
1051 974 1143 1001 esse
1175 959 1415 1009 statuisset,
1458 958 1706 1000 decreverat

155 1037 226 1079 ille
253 1035 427 1091 quidem
458 1049 754 1083 successores,
783 1034 837 1075 L.
866 1032 1107 1075 Domitium
1139 1031 1490 1081 Ahenobarbum,
1522 1029 1621 1072 anni
1651 1028 1703 1071 54

156 1109 389 1158 consulem,
419 1106 566 1163 (Caes.
596 1107 695 1150 bell.
727 1107 808 1149 civ.
834 1107 879 1156 I,
918 1107 964 1156 63
1009 1104 1102 1147 Cio.
1139 1105 1262 1161 epist.
1289 1104 1427 1154 XVI,
1470 1104 1540 1153 123
1586 1100 1705 1144 Suet.

157 1180 283 1224 Caes.
311 1180 364 1223 34
401 1186 442 1222 et
476 1179 576 1222 Ner.
613 1179 659 1234 2)
695 1186 736 1221 et
771 1178 834 1220 M.
867 1176 1125 1220 Considium
1162 1177 1429 1226 Nonianum,
1469 1182 1706 1232 praetorem

157 1254 257 1296 anni
287 1252 341 1296 52
377 1252 559 1307 (Ascon.
588 1251 634 1293 in
662 1251 812 1293 Milon.
845 1266 886 1306 p.
915 1250 967 1292 55
998 1248 1154 1300 Orell.;
1195 1246 1290 1291 Cic.
1319 1249 1441 1304 epist.
1468 1247 1603 1298 XVI,
1636 1247 1706 1297 123

158 1326 213 1367 ad
249 1327 338 1366 Att.
366 1324 501 1373 VIII,
546 1325 618 1373 11,
660 1323 752 1376 13),
799 1337 982 1378 quorum
1027 1322 1099 1364 ille
1143 1321 1330 1364 Galliam
1369 1320 1706 1369 Narbonensem,

159 1405 327 1441 auctam
353 1395 597 1438 recentibus
624 1394 762 1445 bellis,
794 1395 864 1436 hic
881 1392 1144 1450 Cisalpinam
1171 1400 1353 1450 regeret,
1389 1393 1466 1435 sed
1485 1408 1581 1435 cum
1606 1392 1708 1434 huic

158 1469 530 1513 senatusconsulto
582 1468 645 1510 Μ.
686 1467 902 1509 Antonius
955 1473 997 1508 et
1046 1465 1102 1519 Q.
1142 1464 1323 1508 Cassius
1371 1464 1532 1507 tribuni
1571 1464 1707 1520 plebis

157 1541 498 1585 intercessissent
522 1555 571 1582 ac
592 1539 634 1581 vi
657 1539 860 1595 prohibiti
883 1538 1190 1595 profugissent,
1220 1552 1318 1579 cum
1336 1536 1545 1593 probabili
1566 1536 1709 1591 aliqua

162 1614 303 1671 specie
324 1611 498 1662 Caesar,
529 1611 736 1668 quicquid
763 1627 816 1653 ex
836 1626 886 1653 eo
906 1611 990 1660 die,
1021 1625 1106 1666 quo
1128 1609 1287 1651 tribuni
1306 1609 1535 1665 fugissent,
1566 1615 1708 1650 actum

159 1692 293 1736 esset,
329 1685 409 1726 rite
436 1699 487 1726 ac
514 1684 686 1740 legibus
715 1691 858 1726 actum
890 1698 984 1725 esse
1012 1681 1195 1738 negabat
1231 1679 1344 1738 (Cic.
1373 1668 1429 1724 ad
1455 1682 1545 1723 Att.
1565 1681 1652 1731 XI,
1681 1683 1706 1726 7

160 1758 294 1813 init.),
330 1764 379 1799 ut
406 1756 499 1812 ipse
529 1771 582 1798 ex
611 1756 708 1812 lege
741 1753 942 1798 Cornelia
970 1762 1134 1805 vetere,
1170 1769 1278 1809 quae
1307 1754 1471 1796 tamdiu
1496 1768 1709 1809 quemque

160 1829 406 1886 provinciae
430 1843 630 1884 praeesse
657 1828 844 1878 iubebat,
876 1828 980 1868 dum
1011 1841 1237 1869 successor
1260 1826 1419 1868 missus
1446 1835 1572 1875 esset,
1599 1825 1709 1881 legi-

162 1902 264 1943 time
305 1900 470 1944 Gallias
508 1901 690 1942 retinere
728 1900 960 1942 videretur.
1025 1899 1192 1954 Quare,
1232 1899 1314 1945 ubi,
1347 1898 1579 1954 provinciis
1617 1897 1708 1940 suis

162 1974 321 2017 relictis
359 1974 400 2015 in
431 1973 598 2015 Italiam
626 1972 804 2022 invasit,
842 1973 1007 2028 legatos
1035 1972 1208 2027 reliquit
1238 1971 1299 2013 M.
1329 1970 1548 2012 Licinium
1579 1968 1710 2012 Cras-

163 2061 274 2096 sum,
300 2046 369 2088 III
394 2045 476 2087 viri
505 2044 655 2094 filium,
684 2044 728 2086 in
748 2042 967 2100 Cisalpina
994 2043 1136 2087 Gallia
1161 2043 1298 2099 (App.
1318 2042 1416 2085 bell.
1437 2043 1520 2085 civ.
1537 2043 1595 2092 ΙΙ,
1623 2042 1710 2096 41),

163 2118 405 2175 complures
433 2118 538 2160 alios
569 2117 614 2158 in
643 2116 940 2171 Transalpina,
974 2116 1018 2158 in
1045 2115 1202 2171 quibus
1230 2115 1413 2158 maxime
1445 2115 1503 2157 D.
1532 2115 1710 2164 Brutus,

164 2189 216 2233 C.
233 2189 489 2240 Trebonius,
523 2187 574 2232 C.
594 2189 758 2231 Fabius
785 2189 1071 2230 nominantur.
1131 2187 1200 2231 Cf.
1219 2185 1458 2230 Comment.
1490 2186 1710 2243 epigraph.

163 2262 261 2304 Vol.
285 2261 330 2304 Π
360 2277 399 2318 p.
428 2262 523 2305 224.
591 2259 680 2303 Sed
710 2268 936 2317 postquam
967 2261 1178 2316 superatis
1207 2261 1251 2302 in
1277 2259 1489 2315 Hispania
1515 2258 1711 2315 Pompeii

162 2333 316 2388 legatis
355 2333 608 2376 dictaturam
643 2333 830 2389 accepit,
875 2339 1102 2389 antequam
1133 2333 1188 2375 ad
1221 2331 1384 2374 bellum
1413 2331 1711 2373 Pharsalicum

162 2406 526 2462 proficisceretur,
565 2421 721 2448 novam
749 2405 1086 2462 provinciarum,
1114 2420 1222 2461 quas
1251 2412 1354 2446 tunc
1385 2402 1568 2453 tenebat,
1599 2402 1710 2443 divi-

166 2477 328 2519 sionem
354 2477 556 2533 suscepit,
588 2478 642 2521 de
669 2493 755 2534 qua
785 2478 847 2520 sic
876 2478 1008 2519 refert
1035 2476 1150 2533 App.
1178 2476 1278 2519 bell.
1308 2476 1389 2518 civ.
1417 2475 1476 2525 II,
1507 2475 1582 2517 48:
1621 2476 1710 2528 ἠγε-

158 2550 308 2603 .μονιάς
343 2564 386 2589 τε
424 2549 465 2593 ἐς
496 2550 544 2590 τὰ
574 2549 671 2605 ἔθνη
702 2549 975 2605 περιέπεμπεν
1007 2551 1031 2604 ἢ
1064 2549 1325 2604 ἐνήλλαττεν,
1366 2548 1433 2602 ἐφ
1465 2548 1613 2588 ἑαυτοῦ
1646 2560 1713 2586 κα-

161 2620 370 2700 ξαλέγων,
410 2620 451 2665 ἐς
483 2621 553 2675 μὲν
576 2621 751 2677 Ἰβηρίαν
781 2620 947 2677 Μάρκον
977 2620 1173 2672 Λέπιδον,
1213 2619 1253 2664 ἐς
1285 2619 1380 2660 δὲ
1357 2619 1450 2660 „ltus
1434 2620 1542 2660 -λιαν
1574 2616 1711 2659 Αὖλον

161 2685 370 2747 Αλβῖνον,
411 2691 451 2736 ἐς
483 2692 528 2732 δὲ
556 2691 702 2748 Σαρδὼ
734 2691 904 2738 Σέξστον
936 2692 1210 2740 Πεδουκαῖον,
1245 2691 1286 2736 ἐς
1317 2692 1362 2732 δὲ
1389 2691 1459 2745 τὴν
1491 2689 1713 2743 νεόληπτον

167 2762 368 2804 Γαλατίαν
411 2763 569 2816 Δέκμον
611 2762 809 2818 Βροῦτον.
878 2763 949 2806 De
987 2762 1145 2818 quibus
1183 2762 1327 2805 verbis
1364 2776 1449 2804 non
1489 2761 1612 2804 facile
1651 2767 1716 2803 est

168 2841 367 2887 statuere,
384 2834 461 2877 sed
482 2834 610 2877 credo
628 2841 769 2877 tamen
790 2835 1032 2878 etiamnunc
1050 2834 1165 2892 quod
1184 2835 1229 2877 in'
1247 2840 1474 2877 comment.
1495 2831 1716 2891 epigraph.
