1846 3100
190 128 244 171 60
643 134 697 166 De
722 133 835 167 Gallia
857 135 1094 169 Romanorum
1115 137 1296 180 provincia.

188 239 406 284 Antonius
428 242 589 285 bellum
606 243 741 299 gessit
755 243 801 285 in
817 241 973 295 Gallia,
1001 259 1106 287 num
1123 243 1309 289 Catilina
1322 247 1367 289 in
1384 263 1477 292 eam
1491 248 1735 292 invaserat?

188 311 369 356 Minime
403 329 519 366 vero.
581 314 671 358 Sed
701 314 887 359 Catilina
925 317 1098 372 quidem
1137 318 1250 362 circa
1279 320 1486 364 Faesulas
1519 320 1736 371 haerebat,

188 387 307 427 modo
335 387 394 427 ad
419 387 581 438 urbem,
620 390 738 430 modo
773 391 818 429 in
851 391 1036 430 Gullt'am
1065 404 1202 431 versus
1231 398 1369 433 castra
1399 393 1581 434 movebat
1611 392 1736 448 (Sall.

192 454 287 500 Cat.
319 457 408 513 56),
443 459 615 502 tandem
641 460 685 502 in
715 475 820 517 agro
839 461 1095 504 Pistoriensi
1123 462 1331 513 consedit,
1359 464 1404 505 in
1433 479 1519 520 quo
1547 471 1738 507 extrema

189 545 337 587 pugna
365 530 535 573 accidit.
592 531 825 588 Nunquam
851 533 986 589 igitur
1013 549 1093 577 nec
1118 533 1304 577 Catilina
1336 550 1428 578 eam
1454 551 1564 592 quae
1595 535 1737 580 Gallia

190 599 412 658 Cisalpina
428 609 604 659 putatur
622 618 733 654 esse,
763 604 905 661 attigit
921 620 1001 648 nec
1016 607 1248 657 Antonius,
1265 613 1311 649 ut
1329 615 1544 665 appareat,
1573 608 1624 652 C.
1641 609 1736 652 An-

189 673 370 724 tonium,
403 674 472 716 cui
500 674 686 718 Galliam
716 677 998 720 communiter
1027 694 1126 721 cum
1152 677 1361 722 Cicerone
1397 680 1611 724 decretam
1641 695 1735 724 esse

188 746 431 796 docuimus,
461 747 505 789 in
520 747 645 790 Italia
673 754 814 791 tamen
842 749 937 806 ipsa
965 750 1167 794 habuisse
1195 751 1423 808 imperium
1446 753 1736 809 rationemque

187 818 281 861 eius
305 819 508 875 regionis,
539 820 707 875 qualem
725 827 821 863 ante
838 821 892 863 L.
910 821 1056 865 Sullae
1081 829 1261 866 aetatem
1291 824 1426 867 fuisse
1458 825 1736 876 ostendimus,

187 906 272 933 non
303 905 399 934 esse
429 898 634 934 mutatam
667 899 762 949 post
794 907 906 935 eum.
970 893 1262 938 Veruntamen
1289 911 1342 939 ne
1385 896 1481 952 quis
1509 896 1590 939 hoc
1619 897 1736 952 quod

187 963 242 1005 de
268 962 435 1006 Galliae
449 964 681 1020 Italiaeque
713 964 872 1008 finibus
900 981 1077 1022 prorsus
1108 968 1300 1011 confusis
1331 968 1663 1025 disputavimus,
1691 969 1736 1011 in

187 1050 238 1077 eo
264 1042 451 1086 tantum,
491 1036 565 1092 qui
601 1038 744 1095 ipsum
781 1038 1049 1080 consulatum
1091 1047 1279 1095 gereret,
1317 1040 1511 1083 accidere
1544 1042 1736 1097 potuisse

187 1108 400 1164 opinetur,
433 1109 598 1151 accedit.
627 1111 750 1153 tertia
779 1126 862 1160 res,
891 1126 1020 1166 quam
1051 1126 1182 1167 supra
1211 1127 1264 1154 ex
1279 1112 1436 1155 Dionis
1462 1113 1604 1157 verbis
1634 1115 1736 1157 effe-

188 1181 338 1223 cimus.
404 1181 575 1225 Etenim
615 1183 811 1239 deposuit
845 1181 998 1226 Cicero
1029 1199 1156 1240 quam
1197 1199 1295 1227 cum
1324 1186 1514 1229 Antonio
1545 1201 1736 1231 commu-

185 1253 349 1296 nicarat
378 1254 639 1308 provinciam
668 1255 803 1312 (Plut.
832 1254 927 1298 Cic.
961 1256 1034 1307 123
1067 1254 1159 1299 Cic.
1189 1257 1302 1299 Phil.
1322 1257 1408 1308 XI,
1443 1258 1527 1312 10),
1557 1274 1736 1315 eamque

185 1326 363 1368 Metello
392 1327 579 1383 praetori
609 1327 921 1370 decernendam
955 1329 1133 1372 curavit.
1188 1329 1311 1372 Idem
1350 1345 1476 1387 saepe
1509 1338 1634 1374 antea
1665 1332 1736 1375 alii

186 1398 390 1448 fecerant,
430 1399 540 1440 illud
566 1415 701 1441 unum
730 1399 872 1442 minus
899 1401 1028 1442 fuerit
1058 1401 1277 1453 usitatum,
1309 1403 1425 1458 quod
1455 1403 1548 1460 ipse
1577 1404 1653 1447 ubi
1681 1404 1736 1447 de

186 1486 236 1513 ea
267 1486 313 1529 re
338 1471 561 1528 gloriatur,
590 1473 696 1514 solet
723 1473 896 1524 addere,
928 1473 1045 1530 quod
1074 1473 1328 1517 instructam
1355 1483 1629 1531 ornatamque
1659 1476 1735 1519 de-

184 1540 341 1599 posuit.
381 1543 654 1600 Quamquam
685 1545 766 1588 tale
797 1546 922 1589 etiam
949 1546 1191 1602 exemplum
1220 1547 1263 1588 in
1281 1546 1334 1588 L.
1352 1547 1520 1590 Licinio
1533 1548 1736 1599 Lucullo,

185 1616 258 1671 qui
289 1615 535 1658 Sardiniam
566 1617 822 1674 repudiavit,
854 1618 1021 1675 reperio
1051 1618 1158 1673 (Dio
1186 1619 1416 1671 XXXVI,
1444 1620 1532 1675 40).
1591 1619 1736 1664 Causa

185 1694 326 1730 autem
356 1703 443 1744 qua
474 1688 728 1732 movebatur
754 1705 852 1733 cum
881 1691 954 1732 illa
990 1698 1100 1740 erat,
1138 1706 1246 1746 quae
1285 1691 1339 1735 ab
1365 1692 1508 1734 Dione
1545 1692 1734 1743 affertur,

185 1774 296 1815 quae
325 1760 370 1802 in
399 1760 536 1817 ipsius
565 1762 683 1804 urbis
715 1763 943 1806 securitate
975 1763 1112 1818 posita
1134 1770 1237 1814 erat,
1269 1770 1359 1805 tum
1390 1764 1496 1807 aliae
1524 1764 1735 1821 quaedam

186 1832 423 1883 interiores,
455 1848 562 1889 quas
590 1835 807 1891 praeclare
840 1834 1052 1891 significat
1079 1836 1123 1877 in
1151 1835 1331 1892 epistola
1350 1836 1406 1879 ad
1423 1835 1478 1890 Q.
1494 1836 1733 1887 Metellum,

187 1904 256 1946 cui
283 1905 514 1962 imperium
542 1921 669 1948 suum
698 1907 848 1957 cessit,
886 1907 1044 1963 scripta
1072 1907 1215 1963 (epist.
1242 1908 1320 1958 IV,
1357 1907 1426 1960 2):
1473 1911 1560 1963 Ego
1599 1912 1637 1950 sz·
1660 1911 1734 1950 hoc

186 1978 321 2018 dicam
356 1992 418 2018 me
448 1984 522 2019 tua
558 1994 684 2019 causa
714 1983 1035 2032 praetermisisse
1057 1983 1317 2034 provinciam
1330 2011 1341 2029 ‚
1381 1980 1457 2021 tibi
1490 1983 1573 2034 ayne
1608 1983 1735 2022 levior

188 2051 327 2090 videar
356 2065 451 2099 esse3
480 2066 591 2091 meae
619 2054 727 2092 enim
757 2054 938 2092 rationes
966 2054 1026 2092 ita
1055 2055 1244 2093 tulerunt
1272 2060 1394 2107 atque
1421 2056 1509 2093 eius
1532 2055 1614 2093 mei
1640 2067 1734 2093 con-

185 2123 273 2163 silii
318 2124 514 2162 maiorem
556 2125 601 2163 in
648 2125 730 2164 dies
767 2126 952 2178 singulos
982 2126 1186 2177 fructum
1233 2127 1561 2178 voluptatemque
1605 2127 1734 2178 capio.

191 2195 303 2234 Illud
331 2195 420 2234 dico
448 2209 531 2244 me,
568 2201 615 2235 ut
645 2198 832 2249 primum
876 2198 920 2236 in
950 2199 1138 2236 contione
1167 2199 1432 2248 provinciam
1471 2198 1733 2250 deposuerim,

185 2267 325 2308 statim
352 2266 691 2319 quemadmodum
719 2281 808 2307 eam
837 2267 914 2308 tibi
940 2269 1144 2308 traderem
1170 2270 1353 2321 cogitare
1381 2269 1562 2320 coepisse.
1617 2267 1737 2307 Nihil

190 2338 279 2378 dico
307 2338 355 2378 de
381 2340 593 2378 sortitione
610 2345 765 2389 vestra3
798 2345 962 2379 tantum
994 2346 1031 2379 te
1061 2341 1266 2392 suspicari
1289 2342 1392 2388 volo,
1416 2340 1526 2379 m'ln‘l
1551 2341 1596 2379 in
1626 2353 1673 2379 ea
1690 2353 1734 2378 re

180 2423 257 2462 per
285 2411 483 2462 collegam
512 2423 647 2450 meum
675 2425 737 2450 me
767 2412 962 2451 insciente
979 2425 1056 2451 esse
1069 2412 1259 2464 factum.
1289 2410 1576 2466 Intelligimus
1602 2409 1735 2465 igitur

185 2495 238 2524 ex
270 2481 507 2524 certissimo
540 2482 783 2524 testimonio
814 2497 965 2524 verum
1003 2496 1096 2524 esse
1127 2482 1244 2538 quod
1274 2482 1363 2525 Dio
1394 2481 1608 2539 significat
1635 2481 1734 2524 Me-

183 2553 335 2596 tellum
361 2569 447 2596 non
470 2554 515 2596 in
545 2569 698 2611 agrum
726 2554 855 2596 modo
875 2553 1097 2604 Picenum,
1131 2554 1208 2596 sed
1232 2554 1278 2596 in
1307 2554 1444 2610 ipsam
1471 2554 1734 2611 provinciam

187 2624 374 2669 Galliam
406 2623 671 2682 Cisalpinam
697 2626 877 2668 missum
907 2640 1001 2668 csse
1031 2626 1325 2682 proconsulari
1351 2627 1530 2683 imperio
1561 2626 1732 2669 eodem-

186 2713 271 2754 que
299 2699 504 2748 exercitu,
539 2699 612 2754 qui
643 2696 842 2741 Ciceroni
873 2697 1070 2740 decretus
1101 2705 1202 2749 erat,
1243 2699 1513 2741 instructum.
1569 2697 1659 2741 Sed
1688 2698 1733 2740 in

185 2769 298 2813 bello
338 2778 480 2814 tamen
520 2769 769 2814 Catilinario
806 2769 1010 2812 Metellus
1056 2770 1193 2826 ipsam
1233 2769 1420 2814 Galliam
1463 2785 1549 2812 non
1594 2770 1731 2827 magis

186 2842 328 2898 attigit
358 2858 488 2899 quam
515 2842 757 2893 Antonius3
787 2840 1012 2884 obsidebat
1039 2842 1153 2884 enim
1184 2841 1310 2893 viam,
1340 2857 1426 2899 qua
1453 2856 1507 2884 ex
1535 2842 1659 2885 Italia
1687 2842 1733 2884 in
