1846 3100
189 155 271 198 350
603 160 658 193 De
685 162 930 204 propagatione
957 162 1102 196 civitatis
1128 164 1316 199 Romanae.

190 265 258 307 dis
287 266 473 322 impares
499 267 662 318 fierent,
695 268 850 311 deinde
879 285 933 312 ne
962 270 1068 313 urbs
1102 271 1197 328 ipsa
1227 272 1563 330 alienigenarum
1589 278 1734 320 multi-

189 338 339 381 tudine
381 339 676 395 compleretur.
735 340 955 397 Improbat
994 343 1040 384 id
1084 341 1256 395 Cicero,
1300 360 1382 387 non
1422 354 1507 390 tam
1549 363 1640 391 eam
1678 350 1734 392 ob

188 424 382 460 causam,
423 419 471 453 ut
506 413 676 468 opinor,
717 413 834 468 quod
874 415 1191 474 multitudinem
1231 417 1403 460 urbium
1435 420 1528 462 aliis
1557 428 1733 465 naturae

185 481 323 537 ipsius
352 483 591 526 rationibus
622 486 690 527 vel
718 487 867 542 augeri
893 487 962 528 vel
987 488 1120 529 minui
1152 489 1408 546 legibusque
1438 507 1591 548 parum
1618 493 1662 535 in
1684 508 1734 536 ea

186 571 232 597 re
265 557 412 612 profici
442 557 721 609 intellexerat,
751 575 879 615 quam
915 560 1044 615 quod,
1077 575 1175 603 cum
1203 562 1355 605 urbem
1387 565 1732 619 commigratione

186 629 378 684 gentium
410 637 451 671 et
478 630 671 672 extitisse
703 639 745 673 et.
775 632 963 674 crevisse
993 633 1172 684 videret,
1192 635 1414 690 antiquum
1437 637 1552 679 hunc
1570 653 1730 680 morem

184 701 339 757 deponi
371 702 564 744 nolebat:
599 703 674 744 sed
703 718 959 759 quacunque
987 705 1040 747 de
1078 721 1208 749 causa
1235 707 1515 763 improbabat,
1546 709 1628 753 hoc
1655 711 1730 767 ap-

181 782 323 830 paret,
354 790 463 830 quae
499 775 617 828 leges
649 775 703 817 de
734 776 972 831 peregrinis
1002 777 1109 820 urbe
1138 779 1416 835 prohibendis
1448 782 1630 838 scriptae
1661 798 1730 825 es-

184 854 291 896 sent,
322 846 428 888 nihil
456 861 632 903 prorsus
660 847 715 890 ad
743 847 825 890 hoc
850 848 1094 892 Latinitatis
1124 851 1206 902 ius,
1228 845 1351 908 ⁴quod
1370 854 1596 910 perspicuo
1615 855 1729 898 Livii

181 919 425 962 testimonio
459 919 788 970 demonstratur,
817 921 1089 977 pertinuisse.
1145 923 1393 967 Potuissent
1423 941 1522 969 sane
1549 942 1599 969 eo
1629 942 1728 984 per-

181 992 315 1034 tinere
345 992 502 1034 alterae
532 992 666 1048 leges,
694 992 852 1048 quibus
885 994 959 1049 qui
989 995 1105 1038 cives
1133 1012 1217 1038 non
1240 1005 1395 1047 essent,
1427 999 1597 1049 civitate
1626 1015 1727 1056 pro-

180 1063 458 1106 hibebantur:
497 1065 572 1106 sed
606 1080 679 1107 eae
711 1080 790 1107 nec
819 1066 966 1121 quales
998 1067 1171 1118 fuerint,
1203 1069 1398 1120 traditur,
1435 1086 1527 1122 nec,
1564 1073 1599 1114 si
1629 1087 1727 1129 pro-

179 1136 441 1179 babilitatem
482 1137 602 1192 sequi
641 1137 854 1189 volemus,
896 1138 1097 1181 videntur
1141 1142 1412 1196 pertinuisse.
1467 1144 1641 1197 Quibus
1690 1146 1725 1187 si

177 1209 422 1251 Latinitatis
445 1209 527 1259 ius,
548 1210 663 1264 quod
683 1210 918 1266 antiquitus
945 1212 1164 1254 conditum
1184 1221 1286 1263 erat,
1306 1222 1420 1257 esset
1439 1215 1723 1266 immutatum,

176 1295 316 1323 nonne
344 1290 483 1324 tantae
502 1283 563 1324 rei
586 1283 700 1339 apud
725 1284 950 1339 scriptores
972 1285 1228 1340 reperiretur
1246 1286 1525 1342 significatio?
1553 1289 1724 1331 Deinde

175 1369 322 1396 earum
350 1355 621 1411 praecipuam
648 1356 776 1398 latam
797 1371 890 1398 esse
914 1357 971 1397 ait
989 1356 1041 1398 ab
1065 1358 1389 1413 sapientissimis
1413 1360 1662 1403 consulibus
1683 1369 1724 1403 et

173 1428 301 1470 latam
322 1443 372 1470 eo
390 1435 594 1484 tempore,
618 1443 701 1483 quo
722 1436 896 1485 propter
918 1429 1051 1485 ipsam
1079 1429 1291 1472 civitatem
1313 1433 1545 1475 maximum
1561 1433 1722 1476 bellum

173 1500 432 1542 immineret:
464 1500 681 1556 quomodo
697 1501 829 1558 igitur
853 1509 926 1544 aut
943 1501 1004 1543 illi
1027 1503 1232 1545 mutando
1249 1498 1342 1546 iure
1361 1505 1611 1548 stultissime
1630 1506 1722 1548 ani-

174 1587 266 1615 mos
285 1573 496 1615 sociorum
523 1573 855 1615 commovissent
877 1581 951 1616 aut
968 1575 1003 1616 si
1028 1582 1168 1617 tamen
1188 1577 1532 1628 commovissent,
1553 1576 1720 1628 Cicero,

172 1646 245 1700 qui
262 1652 451 1701 tempore
467 1645 668 1687 remotior
684 1645 814 1687 totius
831 1646 892 1688 rei
907 1646 1137 1689 decursum
1153 1649 1524 1704 contemplaretur,
1539 1650 1722 1707 probare

171 1718 215 1759 id
231 1717 404 1774 posset?
422 1717 540 1759 Nihil
554 1717 687 1773 igitur
699 1733 752 1760 ne
765 1718 808 1760 in
824 1719 906 1761 hoc
921 1719 1094 1773 quidem
1109 1720 1240 1762 altero
1254 1720 1399 1776 legum
1417 1736 1573 1778 genere
1585 1723 1722 1766 fuisse

170 1790 330 1841 iudico,
349 1790 432 1831 nisi
447 1789 563 1844 quod
584 1797 656 1831 aut
675 1789 728 1832 ad
746 1791 921 1833 fraudes
939 1806 1046 1847 quas
1063 1792 1319 1849 multiplices
1335 1793 1379 1835 in
1396 1809 1446 1836 ea
1465 1809 1511 1836 re
1530 1803 1719 1838 versatas

171 1877 266 1904 esse
294 1877 347 1904 ex
373 1862 440 1912 iis,
466 1877 574 1918 quae
605 1877 736 1919 supra
754 1863 865 1905 dicta
893 1871 1005 1914 sunt,
1035 1875 1223 1921 apparet,
1252 1866 1461 1909 tollendas
1486 1874 1560 1909 aut
1577 1867 1632 1909 ad
1654 1881 1717 1918 ea,

169 1950 278 1990 quae
309 1934 443 1977 dubia
473 1935 517 1976 in
545 1934 638 1976 iure
666 1943 821 1985 essent,
843 1937 1035 1978 severius
1059 1937 1289 1981 sancienda
1306 1939 1556 1995 pertineret3
1583 1940 1717 1991 velut,

171 2008 207 2049 si
237 2008 355 2063 quod
385 2007 514 2064 paulo
542 2014 639 2049 ante
663 2009 897 2059 attulimus,
927 2015 1196 2059 statueretur,
1216 2026 1282 2060 ne,
1308 2011 1553 2067 quicunque
1571 2012 1716 2055 Latini

170 2080 331 2123 Romae
372 2080 578 2122 collocare
616 2079 877 2122 domicilium
916 2096 966 2123 ac
997 2070 1134 2123 censu
1163 2082 1218 2123 ad
1248 2082 1463 2125 civitatem
1491 2085 1715 2140 pervenire

171 2152 341 2201 vellent,
376 2152 510 2209 recipi
550 2153 698 2207 utique
735 2153 779 2194 in
817 2153 968 2195 urbem
998 2168 1350 2204 omnes-necesse
1378 2163 1504 2206 esset,
1535 2171 1616 2199 nec
1645 2156 1714 2199 ius

167 2224 307 2280 ipsum
338 2225 582 2267 Latinitatis
613 2224 859 2267 mutabatur
878 2216 930 2267 ¹et
960 2226 1151 2268 severius
1171 2225 1224 2268 de
1245 2227 1415 2270 civitate
1433 2228 1715 2283 impertienda

170 2298 454 2340 sanciebatur.
520 2298 691 2354 Legum
739 2306 880 2340 autem
932 2298 1121 2348 illarum,
1162 2313 1267 2353 quas
1314 2297 1467 2342 Cicero
1509 2300 1711 2350 nominat,

166 2369 304 2425 prima
331 2377 420 2423 erat
451 2370 513 2412 M.
541 2371 655 2412 Iunii
682 2370 833 2420 Penni,
861 2370 959 2412 trib.
983 2370 1119 2424 plebis
1145 2387 1241 2412 ann.
1264 2372 1342 2414 1526
1361 2370 1473 2432 (Cic.
1494 2373 1617 2414 Brut.
1637 2372 1710 2422 28;

164 2441 281 2484 Fest.
315 2457 348 2484 s.
378 2457 419 2485 v.
450 2442 650 2499 republ),
691 2443 744 2485 de
781 2458 867 2498 qua
905 2442 1010 2484 nihil
1037 2443 1222 2485 traditur
1251 2444 1335 2486 nisi
1366 2442 1416 2486 C.
1449 2443 1709 2494 Gracchum,

164 2515 237 2569 qui
281 2515 366 2556 iam
406 2522 496 2557 tum
542 2515 753 2558 sociorum
792 2516 1041 2558 Italicorum
1081 2530 1161 2571 ope
1202 2517 1509 2573 rempublicam
1548 2517 1709 2571 agitare

165 2588 396 2638 statuisset,
434 2588 595 2630 frustra
631 2588 853 2639 restitisse,
892 2589 1023 2630 altera
1063 2603 1115 2629 ex
1155 2588 1227 2630 Sc.
1257 2589 1344 2630 lata
1372 2589 1425 2631 ab
1455 2590 1508 2631 L.
1538 2589 1708 2631 Licinio

162 2667 203 2701 et
232 2659 285 2712 Q.
313 2660 476 2710 Mucio,
508 2675 595 2703 cos.
627 2677 722 2703 ann.
753 2661 820 2710 95,
851 2675 936 2717 quo
966 2667 1154 2716 tempore
1182 2661 1267 2703 iam
1296 2662 1350 2704 de
1377 2662 1548 2704 civitate
1579 2661 1707 2704 sociis

161 2732 303 2774 danda
333 2732 607 2775 vehementer
638 2733 892 2784 certabatur,
925 2748 974 2775 eo
1001 2733 1174 2775 videtur
1199 2740 1428 2788 spectasse,
1458 2741 1506 2776 ut
1527 2734 1704 2789 quinon

160 2813 303 2847 essent
346 2805 461 2847 cives
502 2820 694 2862 quosque
733 2806 824 2848 fieri
864 2805 1035 2862 legibus
1077 2820 1162 2847 non
1197 2806 1363 2856 liceret,
1403 2821 1502 2849 cum
1538 2806 1704 2862 reliquo

157 2877 250 2920 iure
281 2877 479 2929 civitatis,
510 2885 601 2920 tum
635 2880 850 2936 suffragiis
886 2877 1075 2921 ferendis
1110 2877 1449 2935 prohiberentur,
1479 2879 1595 2921 unde
1625 2893 1704 2921 no·
