1846 3100
556 157 610 188 De
635 158 808 188 dictat-oris
836 156 992 189 Caesaris
1018 156 1217 188 honoribus.
1577 152 1659 196 233

109 268 360 313 nistrabant.
404 266 493 310 Sed
519 267 601 309 hoc
628 266 807 308 militurn
832 265 1128 322 appellatione,
1154 271 1364 320 quatenus
1381 266 1433 308 iis
1451 272 1659 322 praeerat,

109 341 421 398 usurpabatur,
467 339 520 381 ab
562 338 737 394 reliquis
779 337 946 380 civibus
992 353 1075 380 non
1117 337 1204 378 fere
1248 336 1539 388 tribuebatur,
1582 353 1660 380 nec

109 429 369 469 quemquam
397 427 475 469 pro
501 419 696 468 praetore
725 418 800 452 aut
824 410 1094 466 proconsule,
1123 424 1220 451 cum
1246 410 1510 466 provinciam
1535 417 1659 466 atque

110 486 344 528 exercitum
380 491 570 542 regeret,
614 490 779 539 praeter
812 498 902 524 rem
932 482 1157 524 militarem
1186 482 1245 523 ita
1271 483 1535 524 nominatum
1566 496 1660 524 esse

109 558 364 600 invenimus.
410 558 560 612 Itaque
579 554 741 597 Caesar
769 570 854 610 quo
885 563 1075 610 tempore
1098 569 1149 596 ex
1173 562 1374 610 praetura
1390 554 1660 597 Lusitaniam

109 629 231 677 rexit,
249 630 435 686 primum
453 629 494 671 in
512 628 733 684 provincia
750 643 828 669 sua
843 628 1072 683 imperator
1088 627 1183 676 fuit,
1200 634 1248 668 ut
1267 627 1535 669 consulatum
1551 628 1659 683 peti-

111 709 234 744 turus
265 701 475 751 decessit,
507 716 606 742 eum
634 700 806 741 titulum
833 699 995 749 amisit,
1030 714 1127 741 cum
1156 700 1377 742 consulatu
1406 700 1568 756 recepit
1596 708 1660 742 te-

111 775 290 830 nuitque
321 775 426 817 dum
452 773 657 816 exercitui
683 773 890 828 praefuit,
934 772 1008 814 sed
1040 772 1334 828 deposuisset,
1374 773 1430 823 si,
1469 772 1515 813 id
1544 773 1659 827 quod

110 863 195 890 non
227 848 388 890 factum
417 854 502 895 cst,
532 846 676 902 ipsum
701 845 914 887 exercitus
941 844 1271 900 provinciaeque
1301 845 1528 901 imperium
1555 845 1660 887 ami-

113 921 251 962 sisset.
309 920 509 962 Alterum
545 918 803 974 imperatorii
839 917 1022 959 nominis
1062 931 1200 973 genus
1236 917 1427 959 nascitur
1465 918 1567 959 item
1606 917 1660 960 ab

112 992 324 1042 exercitu,
364 991 438 1047 qui
474 1006 519 1033 re
553 989 661 1032 bene
698 1001 819 1047 gesta
846 1005 967 1039 eum,
1010 989 1084 1045 qui
1116 1005 1212 1031 cum
1242 989 1446 1046 auspiciis
1477 997 1659 1046 praeest,

111 1065 295 1121 appellat
331 1065 652 1121 imperatorem,
692 1062 768 1105 sed
806 1063 994 1104 nascitur
1033 1063 1091 1104 ita
1133 1061 1185 1104 ab
1224 1062 1414 1104 exercitu
1453 1063 1567 1113 solo,
1610 1070 1659 1104 ut

111 1144 284 1180 senatus
315 1137 549 1194 populique
578 1136 720 1177 nullae
753 1135 797 1176 in
829 1150 878 1177 eo
910 1143 1050 1191 partes
1083 1135 1179 1178 sint.
1244 1135 1334 1176 Nec
1370 1149 1469 1176 vero
1507 1150 1659 1191 perpe—

110 1217 233 1252 tuum
272 1217 357 1259 est,
401 1209 476 1251 sed
516 1209 712 1265 deposito
751 1215 849 1264 post
880 1207 1143 1264 triumphum
1183 1209 1300 1262 (nam
1326 1207 1363 1248 is
1390 1206 1659 1262 imperatoris

110 1282 434 1339 appellationem
473 1282 593 1337 sequi
633 1282 757 1334 solet)
800 1280 978 1337 imperio
1017 1279 1236 1322 amittitur.
1300 1279 1445 1320 Huius
1489 1278 1659 1334 generis

112 1355 306 1410 exempla
328 1355 463 1396 multa
488 1369 540 1395 ex
566 1354 774 1396 libertatis
799 1361 988 1408 tempore
1013 1352 1154 1394 attulit
1172 1351 1351 1393 Eckhel.
1368 1351 1478 1393 VIII
1503 1367 1545 1407 p.
1565 1351 1659 1401 344,

111 1442 164 1468 ex
190 1426 348 1481 quibus
377 1426 542 1467 nullum
573 1433 658 1476 est,
698 1440 795 1467 cum
831 1425 928 1480 quis
959 1424 1130 1480 saepius
1163 1423 1391 1479 imperator
1420 1423 1659 1478 appellatus

112 1514 206 1541 esse
233 1498 453 1548 videatur,
485 1507 654 1554 praeter
685 1498 737 1539 L.
771 1496 958 1546 Sullam,
989 1497 1063 1552 qui
1096 1511 1193 1537 cum
1225 1495 1508 1545 Archelaum,
1546 1495 1660 1552 regis

111 1570 374 1613 Mithridatis
405 1570 574 1620 ducem,
605 1569 767 1625 duplici
796 1569 959 1626 proelio
989 1568 1268 1617 contudisset,
1303 1567 1385 1609 hoc
1413 1568 1579 1617 meruit,
1610 1575 1658 1610 ut

110 1643 155 1684 in
196 1643 381 1685 nummis
421 1646 644 1695 imperator
682 1645 832 1682 iterum
871 1649 1098 1684 vocaretur
1143 1639 1343 1692 (Eekhel.
1382 1639 1421 1682 V
1466 1656 1505 1695 p.
1545 1639 1656 1694 190).

115 1714 266 1769 Neque
292 1714 374 1756 hoc
399 1714 453 1756 ab
480 1729 647 1763 norma,
677 1729 805 1769 quam
833 1715 1005 1770 exponit
1020 1713 1107 1755 Dio
1126 1711 1248 1755 Cass.
1266 1712 1368 1762 LX,
1386 1712 1453 1762 21,
1483 1712 1658 1762 recedit,

112 1786 187 1842 qui
217 1786 293 1828 ubi
323 1784 556 1828 Claudium
587 1783 817 1828 Caesarem
849 1801 902 1828 ex
932 1801 1018 1827 una
1048 1785 1228 1827 victoria
1257 1785 1311 1827 de
1342 1785 1558 1827 Britannis
1590 1800 1659 1827 re-

110 1859 197 1900 lata
235 1858 406 1915 saepius
444 1859 743 1914 imperatorem
775 1859 1032 1915 appellatum
1064 1873 1158 1900 esse
1189 1858 1339 1906 refert,
1380 1872 1539 1899 morem
1568 1873 1658 1900 ma-

110 1930 249 1972 iorum
285 1930 490 1973 violatum
530 1945 624 1972 esse
665 1930 831 1980 scribit3
874 1945 1013 1985 neque
1050 1930 1163 1971 enim
1199 1944 1251 1970 ex
1286 1944 1373 1970 uno
1408 1929 1521 1971 bello
1559 1929 1658 1986 plus

111 2018 239 2058 quam
281 2003 411 2046 semel
448 2003 533 2045 dici
569 2003 710 2045 licere.
768 2003 864 2044 Non
896 2011 981 2044 tam
1012 2002 1175 2045 bellum
1208 2001 1427 2055 (πόλεμον)
1460 2001 1662 2058 intelligit

112 2091 242 2131 quam
277 2075 519 2124 victoriam3
563 2090 659 2116 nam
694 2076 738 2116 in
768 2091 855 2117 uno
883 2075 996 2117 bello
1028 2075 1063 2116 si
1093 2074 1236 2130 plures
1268 2074 1471 2116 victoriae
1502 2074 1659 2116 relatae

113 2155 269 2198 essent,
295 2162 380 2189 non
410 2148 541 2189 semel
569 2155 747 2197 tantum,
779 2148 855 2190 sed
881 2147 1052 2204 saepius
1078 2147 1346 2203 imperatoris
1371 2161 1525 2188 nomen
1550 2146 1661 2189 asci-

113 2228 206 2261 tum
237 2234 331 2262 esse
357 2220 595 2262 certissima
614 2228 655 2262 et
671 2220 863 2276 Augusti
886 2226 927 2261 et
946 2219 1125 2261 aliorum
1144 2219 1448 2275 imperatorum
1469 2218 1662 2274 exempla

114 2291 358 2334 ostendunt.
407 2291 701 2334 Veruntamen
729 2292 774 2333 in
799 2291 994 2334 libertate
1023 2305 1121 2333 cum
1149 2291 1297 2333 brevia
1323 2290 1413 2332 fere
1440 2297 1558 2332 erant
1581 2290 1661 2331 im-

112 2363 244 2420 peria,
271 2378 366 2405 raro
392 2364 551 2405 factum
579 2370 657 2413 est,
684 2371 733 2406 ut
758 2363 979 2420 repetendi
1003 2363 1184 2405 nominis
1210 2363 1470 2419 imperatorii
1494 2362 1662 2405 occasio

115 2436 309 2487 daretur,
350 2442 393 2477 at
425 2443 650 2491 postquam
686 2436 902 2492 principes
940 2442 1194 2491 perpetuum
1227 2435 1455 2491 imperium
1486 2449 1662 2489 accepe-

113 2514 233 2557 runt,
271 2507 382 2549 hanc
417 2507 623 2550 rationem
656 2507 805 2550 initam
834 2523 928 2550 esse
958 2514 1141 2554 constat,
1180 2515 1229 2549 ut
1257 2507 1453 2562 quotiens
1484 2506 1664 2549 victoria

115 2586 417 2635 reportaretur,
435 2580 589 2622 totiens
607 2595 752 2623 novus
763 2580 1031 2637 imperatoris
1051 2579 1202 2621 titulus
1222 2579 1517 2621 ascisceretur.
1554 2577 1662 2620 Ter-

117 2651 223 2693 tium
261 2651 443 2707 denique
483 2667 621 2708 genus
655 2660 720 2695 est
750 2653 856 2694 illud
886 2652 1003 2707 quod
1034 2651 1122 2693 Dio
1147 2650 1329 2699 XLIII,
1374 2650 1427 2692 44
1468 2665 1578 2693 anno
1608 2650 1661 2692 45

114 2722 358 2765 institutum
373 2738 467 2766 esse
484 2724 555 2774 ait,
572 2739 668 2767 cum
685 2722 861 2767 Caesari
879 2725 1072 2766 confecto
1092 2722 1202 2765 bello
1221 2722 1498 2778 Hispaniensi
1515 2722 1662 2764 datum

116 2801 194 2850 est,
224 2803 272 2836 ut
299 2795 571 2851 praenomine
597 2796 866 2852 imperatoris
894 2803 1098 2838 uteretur.
1151 2794 1247 2836 Hoc
1272 2794 1373 2836 item
1400 2801 1549 2850 postea
1567 2794 1661 2836 Au-

118 2872 273 2923 gustus
292 2866 456 2918 habuit,
483 2867 557 2925 qui
574 2868 789 2926 quomodo
807 2883 906 2910 cum
922 2866 1195 2926 imperatorio
1214 2865 1383 2909 nomine
1402 2881 1455 2909 ex
1472 2866 1661 2909 victoriis
