1846 3100
212 137 295 180 342
633 139 687 170 De
711 138 960 180 propagatione
986 138 1131 170 civitatis
1154 138 1343 171 Romanae.

211 264 262 292 ea
294 249 364 291 vel
395 248 449 291 de
479 247 650 290 civitate
678 246 872 288 Romana
901 246 971 288 vel
997 245 1050 288 de
1077 243 1197 289 aditu
1226 254 1400 291 senatus
1429 248 1626 300 Romani,
1645 249 1762 305 quod

210 320 296 363 huc
324 320 536 377 pertinere
567 318 778 368 videatur,
809 318 1002 360 doceant.
1050 318 1151 371 Qua
1175 319 1217 360 in
1246 320 1495 375 quaestione
1529 321 1762 364 dolendum

212 398 290 442 est,
320 392 438 448 quod
469 391 646 434 Tacitus
675 391 718 431 in
757 389 930 432 Claudii
968 390 1160 432 oratione
1187 391 1295 433 nihil
1322 392 1439 447 quod
1467 408 1546 436 nos
1573 393 1761 444 adiuvet,

210 464 353 507 affertz
381 464 455 519 qui
486 463 686 519 quoniam
719 463 801 505 hoc
831 463 1122 505 demonstrare
1147 464 1254 513 vult,
1272 464 1316 505 in
1333 465 1555 520 republica
1570 464 1764 508 Romana

211 536 285 591 qui
319 535 450 578 armis
481 536 584 578 victi
621 535 665 577 in
699 535 925 591 imperium
963 535 1275 591 pervenissent,
1308 537 1510 592 paulatim
1538 536 1594 579 ad
1623 537 1765 579 omnia

210 608 306 650 iura
337 622 569 662 omnesque
600 607 782 650 honores
815 623 910 650 esse
932 607 1158 658 admissos,
1187 623 1272 650 non
1300 623 1436 651 unum
1452 608 1533 651 hoc
1553 609 1764 652 honorum

211 679 280 722 ius
315 680 531 735 quomodo
576 686 861 736 propagatum
906 679 978 730 sit,
1019 679 1303 736 persequitur,
1346 681 1422 722 sed
1458 681 1596 737 ipsam
1636 681 1763 723 etiam

215 752 430 795 civitatem
477 751 602 794 victis
650 752 819 808 populis
868 751 1125 808 impertitam
1168 760 1481 795 commemorat.
1543 753 1616 796 Ad
1657 753 1764 795 illud

211 824 426 881 pertinent
454 838 564 879 quae
593 823 722 866 habet
750 824 876 866 haec:
919 826 1053 878 Neque
1081 828 1189 865 enim
1218 827 1363 877 ignoro
1395 827 1519 866 Iulios
1549 825 1664 876 Alba,
1692 827 1760 868 Co-

211 899 437 938 runcanios
482 898 687 947 Camerio,
732 899 894 937 Porcios
943 898 1135 944 Tusculo,
1180 902 1219 936 ct
1256 912 1306 936 ne
1345 903 1482 938 vetera
1521 903 1764 947 scrutemur,

212 971 389 1011 Etruria
422 971 695 1021 Lucaniaque
724 975 765 1009 et
796 971 912 1009 omni
939 970 1065 1009 ltalia
1096 971 1142 1008 in
1171 975 1358 1009 senatum
1389 971 1552 1025 accitos,
1581 969 1637 1011 ad
1659 968 1765 1011 civi·-

212 1048 342 1083 tatem
370 1041 617 1090 Romanam,
648 1055 755 1095 quae
791 1046 1130 1094 consequuntur:
1167 1047 1370 1094 postremo
1407 1043 1536 1094 ipsam
1567 1042 1623 1083 ad
1647 1043 1766 1094 Alpes

203 1119 456 1167 promotam,
495 1119 545 1152 ut
581 1127 664 1153 non
698 1114 813 1153 modo
856 1114 1018 1166 singuli
1051 1115 1221 1164 viritim,
1260 1114 1330 1153 sed
1364 1120 1687 1167 terrae‚r3·entes
1721 1115 1766 1153 in

212 1200 360 1226 nomen
390 1190 577 1226 nostrum
607 1187 886 1225 coalescerent.
942 1187 1062 1225 Tunc
1097 1186 1228 1225 solida
1264 1186 1374 1225 domi
1408 1187 1519 1238 quies
1549 1192 1588 1226 et
1622 1186 1765 1226 adver-

213 1273 281 1299 sus
321 1265 493 1298 externa
526 1259 766 1313 floruimus,
796 1270 889 1296 cum
934 1258 1234 1309 Transpadani
1270 1260 1316 1297 in
1357 1259 1562 1298 civitatem
1605 1259 1766 1310 recepti,

215 1345 307 1370 cum
338 1332 465 1383 specie
497 1330 769 1370 deductarum
794 1342 870 1381 per
906 1327 1037 1369 orbem
1069 1335 1202 1368 terrae
1240 1331 1447 1381 legionum
1480 1330 1634 1370 additis
1665 1343 1766 1382 pro-

211 1404 456 1442 vincialium
487 1402 752 1442 validissimis
769 1401 888 1452 fesso
920 1401 1090 1452 imperio
1119 1401 1356 1442 subventum
1384 1407 1452 1444 est.
1508 1400 1578 1443 Ex
1608 1400 1766 1456 quibus

215 1488 324 1529 quae
355 1473 409 1514 de
438 1472 532 1514 iure
561 1472 774 1514 honorum
806 1477 919 1520 sunt,
950 1471 1057 1515 nihil
1086 1479 1160 1513 aut
1198 1473 1299 1514 novi
1331 1480 1404 1515 aut
1430 1471 1547 1528 quod
1577 1471 1632 1513 ad
1661 1470 1766 1513 haec

214 1554 409 1602 tempora
435 1545 660 1600 pertineat,
687 1544 886 1586 afferunt.
938 1542 1028 1586 Sed
1060 1543 1310 1586 dictatorem
1346 1543 1575 1587 Caesarem
1604 1551 1768 1587 constat

213 1634 349 1661 unum
377 1617 562 1660 maxime
590 1617 644 1659 de
675 1617 846 1660 civitate
867 1617 1061 1659 Romana
1090 1617 1269 1659 fecisse:
1299 1616 1632 1674 Transpadanos
1653 1617 1766 1660 enim

213 1706 374 1741 omnes,
402 1690 429 1732 i.
450 1705 485 1732 e.
516 1705 589 1732 eos
618 1690 764 1732 Italiae
793 1689 971 1739 incolas,
1002 1690 1076 1744 qui
1106 1690 1203 1745 lege
1236 1689 1347 1732 Iulia
1376 1690 1515 1745 iisque
1534 1705 1644 1747 quae
1664 1705 1766 1732 con-

217 1770 389 1806 secutae
432 1769 532 1804 sunt
574 1762 746 1818 legibus
788 1761 981 1803 nondum
1025 1761 1140 1803 cives
1178 1762 1278 1803 faeti
1324 1770 1443 1804 erant
1484 1764 1590 1820 (qua
1627 1762 1681 1805 de
1720 1777 1766 1805 re

218 1852 348 1893 supra
378 1852 420 1893 p.
454 1835 506 1877 30
546 1834 770 1889 diximus),
809 1833 854 1874 in
894 1833 1108 1875 civitatem
1144 1835 1361 1876 transtulit
1400 1835 1508 1890 (Dio
1533 1834 1662 1884 XLI,
1693 1833 1765 1888 36)

216 1909 286 1952 vel
328 1908 558 1951 transferre
602 1906 754 1962 coepit.
821 1905 932 1947 Nam
974 1907 1175 1961 quoniam
1216 1906 1407 1957 Tacitus,
1450 1922 1536 1963 quo
1577 1915 1767 1964 tempore

216 1980 514 2038 Transpadani
558 1979 873 2034 reciperentur,
916 1978 1095 2020 solidam
1141 1978 1257 2020 domi
1295 1979 1482 2035 quietem
1519 1980 1655 2022 fuisse
1693 1980 1765 2030 ait,

216 2054 471 2109 Augustum
508 2051 652 2107 potius
689 2065 818 2106 quam
859 2048 1090 2092 Caesarem
1130 2051 1215 2093 dici
1257 2051 1454 2094 existimo
1486 2061 1612 2108 atque
1641 2052 1763 2094 illum

216 2125 333 2181 quod
360 2130 482 2180 pater
508 2123 795 2172 inchoaverat,
828 2137 1163 2165 consummasse.
1203 2123 1264 2165 Hi
1295 2131 1437 2166 autem
1468 2123 1765 2181 Transpadani

216 2212 320 2239 num
353 2195 555 2251 optimam
587 2194 814 2244 civitatem,
847 2210 933 2250 qua
962 2194 1031 2236 ius
1062 2194 1271 2236 honorum
1304 2196 1614 2247 continebatur,
1644 2210 1765 2238 acce-

216 2268 400 2325 perunt?
450 2267 666 2309 Videntur
696 2274 822 2308 certe.
881 2264 992 2308 Cum
1024 2267 1135 2308 enim
1175 2265 1336 2310 Caesar
1370 2269 1468 2311 ideo
1498 2268 1680 2311 maxime
1711 2267 1764 2310 iis

217 2340 431 2382 civitatem
460 2339 719 2388 conciliaret,
750 2344 798 2379 ut
834 2353 957 2380 suam
992 2338 1035 2379 in
1070 2339 1291 2394 republica
1324 2341 1556 2397 potentiam
1588 2347 1766 2396 augeret

216 2419 342 2467 atque
384 2412 428 2453 in
469 2419 620 2454 senatu
660 2409 929 2465 comitiisque
972 2418 1113 2452 certos
1149 2410 1324 2454 haberet
1358 2413 1538 2463 amicos,
1575 2411 1659 2454 nisi
1695 2411 1764 2453 ius

215 2484 426 2526 honorum
457 2484 709 2534 addidisset,
741 2483 857 2538 quod
888 2482 1073 2525 maxime
1105 2484 1311 2534 voluerat,
1339 2500 1422 2526 non
1451 2492 1564 2527 esset
1589 2498 1763 2526 assecu-

215 2564 299 2598 tus.
339 2556 534 2605 Accedit,
564 2555 678 2612 quod
697 2553 902 2611 Augusto
935 2555 1182 2611 imperante,
1211 2557 1284 2611 qui
1303 2557 1392 2599 fere
1414 2557 1544 2613 patris
1571 2555 1765 2597 instituta

220 2636 427 2671 executus
455 2635 531 2677 est,
567 2627 900 2683 Transpadanos
929 2642 1075 2669 omnes
1109 2628 1154 2669 in
1186 2628 1346 2670 curiam
1382 2627 1592 2670 admissos
1628 2626 1763 2669 fuisse

219 2715 350 2756 supra
385 2700 626 2742 docuimus.
679 2699 784 2741 Erat
820 2706 962 2742 autem
1000 2699 1171 2742 omnino
1202 2698 1364 2742 Caesar
1394 2700 1438 2741 in
1469 2700 1627 2755 optimo
1657 2699 1763 2741 civi-

214 2772 312 2815 tatis
345 2787 503 2829 genere
534 2772 735 2814 donando
766 2771 1092 2814 liberalissimus
1124 2787 1257 2827 eaque
1286 2787 1331 2814 re
1361 2772 1651 2814 Romanorum
1670 2771 1762 2813 ani-

219 2859 311 2887 mos
338 2859 424 2887 non
451 2844 604 2886 leviter
629 2844 870 2886 commovit.
919 2843 1074 2897 Quare·
1095 2842 1328 2886 Suetonius
1358 2842 1482 2886 Caes.
1510 2858 1544 2885 c.
1574 2843 1627 2886 76
1652 2843 1763 2885 inter
