1846 3100
533 156 587 188 De
614 154 861 198 propagatione
889 153 1036 185 civitatis
1063 151 1251 184 Romanae.
1587 148 1667 190 345

117 267 224 310 nihil
248 267 386 324 magis
417 264 642 314 efficiebat,
670 270 718 306 ut
748 262 931 319 proximi
964 261 1177 303 civitatem
1210 260 1446 303 Romanam
1476 275 1571 303 esse
1603 260 1668 302 vi-

119 341 340 384 derentur:
385 339 466 381 hoc
501 336 700 386 contenti,
735 336 814 378 etsi
852 350 997 377 omnes
1038 334 1250 377 civitatem
1280 333 1595 390 potentiamque
1625 333 1668 375 in

119 411 340 470 republica
369 409 744 466 concupiscebant,
773 422 993 463 nunquam
1021 413 1162 448 tamen
1200 406 1255 448 ad
1284 422 1401 448 arma
1429 406 1666 448 descende-

118 492 233 535 runt,
258 499 476 540 nunquam
505 482 558 525 ab
586 481 765 538 imperio
794 480 1082 522 desciverunt.
1129 478 1274 535 Atque
1299 478 1465 521 Latinis
1493 478 1667 534 quidem

118 556 333 614 quomodo
366 563 531 598 tantum
562 554 654 596 dari
682 553 882 610 potuerit,
911 551 1178 607 intelligitur.
1222 551 1394 593 Etenim
1428 551 1464 592 si
1497 551 1564 600 iis,
1594 551 1668 606 qui

119 628 385 671 domicilium
426 627 470 668 in
509 626 675 668 colonia
711 641 789 667 sua
824 625 1055 667 retinerent
1084 638 1163 666 nec
1191 623 1352 666 Romae
1383 639 1461 680 per
1491 638 1668 666 censum

119 702 165 743 in
193 700 331 743 tribus
365 699 674 756 pervenissent,
705 705 844 740 tamen
874 697 917 738 in
945 696 1051 738 urbe
1086 696 1448 738 commorantibus
1477 711 1563 738 una
1592 697 1668 738 tri-

119 774 216 823 bus,
246 773 290 815 in
317 788 402 828 qua
434 771 688 827 suffragium
708 771 883 820 ferrent,
903 769 1186 826 aperiebatur,
1211 776 1544 811 consentaneum
1565 776 1668 818 erat,

119 853 188 897 ut,
230 846 265 888 si
309 845 456 888 relicta
496 844 661 887 colonia
700 842 1001 897 translatisque
1042 839 1239 883 omnibus
1284 840 1438 897 opibus
1477 841 1522 882 in
1561 840 1669 883 urbe

121 918 430 967 consedissent,
466 917 561 974 ipsa
598 917 755 973 optima
788 915 936 957 civitas
977 920 1157 971 pateret:
1191 928 1289 956 cum
1319 914 1495 970 reliquis
1527 921 1669 956 autem

122 991 249 1034 sociis
288 991 419 1032 ullam
456 989 627 1031 omnino
661 988 963 1044 suffragiorum
993 994 1157 1043 partem
1188 987 1539 1029 communicatam
1574 1001 1669 1029 esse

120 1079 200 1106 nec
237 1063 423 1120 legimus
461 1078 644 1118 usquam
679 1076 771 1110 nec,
817 1060 852 1102 si
892 1059 1114 1116 municipii
1150 1059 1411 1110 Malacitani,
1450 1059 1506 1100 ad
1544 1059 1668 1101 cuius

121 1136 291 1179 comitia
319 1135 534 1192 peregrini
562 1134 680 1176 nullo
714 1133 842 1175 modo
871 1131 1217 1182 admittebantur,
1249 1131 1571 1173 similitudinem
1600 1147 1668 1174 se-

120 1223 316 1265 quamur,
342 1206 563 1265 probabile
595 1214 671 1249 est.
718 1205 891 1259 Quibus
919 1201 1017 1247 cum
1041 1204 1115 1246 illa
1136 1204 1437 1260 suffragiorum
1457 1205 1669 1260 quaedam

118 1281 245 1338 quasi
274 1280 515 1323 communio
547 1280 719 1322 occlusa
751 1286 876 1328 esset,
908 1277 1122 1333 quomodo
1152 1277 1265 1318 hunc
1293 1276 1546 1318 facillimum
1577 1277 1670 1319 adi-

119 1362 226 1403 tum,
259 1367 346 1409 quo
381 1352 523 1394 omnia
555 1350 695 1393 subito
723 1350 906 1393 civitatis
938 1350 1153 1392 Romanae
1182 1349 1277 1391 iura
1303 1349 1670 1405 impertiebantur,

120 1425 309 1482 patuisse
339 1423 615 1481 putabimus?
654 1423 745 1465 Nec
775 1430 901 1472 certe,
929 1422 964 1464 si
995 1422 1094 1463 olim
1120 1421 1282 1464 Italicis
1317 1422 1455 1472 sociis,
1487 1438 1670 1478 quorum

119 1497 294 1540 foedera
310 1497 442 1547 varia,
460 1496 698 1553 partimque
721 1502 832 1537 certe
860 1495 1032 1537 minime
1055 1509 1191 1550 aequa
1205 1502 1337 1544 erant,
1355 1501 1519 1537 tantum
1539 1495 1671 1538 daba-

119 1579 202 1621 tur,
231 1576 460 1627 postquam
480 1584 605 1625 saepe
623 1568 891 1623 aequissimis
910 1567 1156 1609 foederibus
1183 1566 1409 1623 imperium
1431 1567 1671 1610 Romanum

119 1650 239 1685 extra
259 1642 425 1684 Italiam
447 1648 732 1698 propagatum
754 1648 831 1690 est,
857 1640 923 1683 his
946 1638 1267 1696 provinciarum
1289 1639 1417 1682 sociis
1442 1654 1528 1682 non
1555 1640 1671 1682 idem

120 1715 249 1758 tribui
279 1714 429 1756 debuit
457 1713 784 1768 necessarioque
814 1727 863 1754 eo
891 1713 1183 1762 deveniemus,
1217 1719 1263 1754 ut
1293 1719 1455 1768 partem
1487 1712 1672 1768 aliquam

123 1787 424 1843 suffragiorum
445 1801 543 1828 cum
562 1785 760 1827 omnibus
782 1785 907 1827 sociis
935 1786 1287 1827 communicatam
1308 1800 1402 1827 esse
1422 1792 1672 1834 statuamus,

121 1860 166 1901 id
177 1860 294 1916 quod
309 1874 394 1901 non
410 1865 574 1900 tantum
589 1873 686 1900 cum
701 1858 813 1899 omni
833 1859 1088 1914 scriptorum
1102 1858 1366 1907 auctoritate,
1381 1872 1528 1899 verum
1547 1857 1672 1900 etiam

124 1947 222 1974 cum
238 1931 334 1988 ipso
353 1946 470 1973 more
483 1930 677 1974 Romano
700 1931 873 1973 videtur
891 1945 1096 1986 pugnare.
1127 1929 1217 1972 Nec
1234 1944 1336 1972 vero
1353 1930 1424 1971 illa
1449 1930 1591 1986 opinio
1608 1931 1673 1972 ni-

122 2004 227 2046 titur
241 2004 324 2046 nisi
342 2019 473 2060 prava
490 2003 608 2046 Livii
623 2003 983 2059 interpretatione.
1015 2001 1150 2058 Apud
1165 2017 1293 2057 quem
1314 2017 1423 2057 quae
1443 2009 1560 2044 sunt:
1583 2006 1674 2044 Mo-

122 2082 274 2118 verunt
285 2083 472 2117 senatum
486 2084 525 2117 et
538 2079 760 2129 legationes
775 2078 926 2115 socium
947 2077 1098 2115 Latini
1109 2077 1299 2124 nominis,
1313 2074 1372 2116 ita
1386 2074 1613 2131 explicant,
1626 2083 1674 2117 ut

123 2162 208 2190 non
221 2147 347 2190 modo
364 2147 558 2198 Latinos,
578 2162 728 2190 verum
743 2147 868 2189 etiam
885 2146 1073 2201 reliquos
1094 2147 1231 2189 socios
1249 2146 1302 2189 ad
1322 2154 1514 2189 senatum
1530 2147 1673 2190 adisse

124 2219 378 2269 existiment,
417 2220 540 2274 eique
571 2219 759 2276 opinioni
788 2226 837 2260 ut
863 2218 1192 2274 patrocinentur,
1223 2219 1405 2260 afferunt
1432 2218 1526 2269 hoc,
1555 2219 1672 2274 quod

124 2298 220 2348 post
256 2291 525 2341 Latinorum,
566 2291 639 2347 qui
671 2291 851 2333 Romam
892 2291 1139 2347 migrarant,
1175 2291 1373 2332 iniuriam
1416 2305 1672 2333 commemo-

122 2370 271 2407 rantur
298 2379 323 2405 a
350 2363 479 2406 Livio
518 2363 776 2405 Samnitium
810 2362 1175 2418 Pelignorumque
1204 2363 1415 2419 querelae,
1447 2363 1672 2419 qui—quat-

123 2443 220 2478 tuor
253 2436 370 2478 milia
403 2435 661 2478 familiarum
689 2436 743 2478 ab
773 2452 818 2479 se
851 2436 1086 2491 Fregellas,
1115 2435 1142 2476 i.
1175 2450 1210 2477 e.
1240 2436 1284 2476 in
1313 2435 1523 2478 coloniam
1550 2435 1672 2477 Lati-

123 2523 242 2558 nam,
293 2507 498 2549 transisse
543 2507 758 2550 dixerunt.
828 2508 966 2562 Quasi
1018 2523 1141 2557 vero,
1187 2522 1286 2549 cum
1332 2507 1511 2549 Latinos
1559 2507 1671 2549 solos

124 2580 400 2629 nominasset,
442 2586 658 2634 tamquam
690 2581 974 2637 supplementi
1008 2580 1101 2622 loco
1129 2579 1284 2621 Livius
1314 2579 1575 2635 reliquorum
1603 2594 1672 2622 so-

125 2652 286 2695 ciorum
316 2651 475 2693 similes
505 2652 700 2707 querelas
729 2667 1060 2695 commemorare
1091 2666 1176 2694 non
1206 2651 1392 2708 potuerit
1417 2666 1467 2694 ac
1496 2666 1672 2694 necesse

126 2725 193 2775 sit,
229 2739 327 2766 cum
354 2722 569 2765 sociorum
597 2723 797 2766 iniuriam
823 2725 883 2767 ita
898 2724 1128 2780 adiungat:
1160 2725 1368 2776 Fregellas
1384 2737 1538 2776 quoque
1554 2725 1673 2765 milia

125 2803 320 2851 quattuor
346 2797 624 2848 familiarum
658 2799 850 2837 transisse
884 2797 933 2837 ab
961 2812 999 2837 se
1035 2798 1239 2837 Sanmites
1267 2797 1506 2848 pelignique
1537 2810 1672 2847 quere-

125 2869 289 2919 bantur,
312 2882 385 2909 eos
409 2866 536 2909 etiam
552 2865 604 2910 ab
624 2867 744 2910 initio
774 2868 1041 2918 narrationis,
1061 2882 1145 2923 quo
1164 2874 1298 2908 totum
1319 2866 1378 2908 rei
1395 2866 1518 2922 quasi
1536 2881 1673 2922 genus
