1846 3100
189 133 268 176 186
531 138 586 170 De
612 137 725 170 Gallia
749 139 981 172 Romanorum
1007 142 1180 183 provincia
1206 144 1388 185 appendix.

184 244 314 287 rebus
340 245 470 288 iidem
496 252 731 303 praeerant,
758 247 970 298 consules,
999 255 1228 304 praetores,
1253 259 1517 306 quaestores,
1541 254 1615 309 qui
1638 255 1730 311 pari

183 317 276 359 iure
303 317 451 361 civiles
480 326 521 361 et
550 319 753 361 militares
784 334 853 361 res
880 320 1243 373 administrarent,
1288 339 1426 380 neque
1458 325 1541 382 ipsi
1570 326 1730 370 tribuni

182 389 342 445 plebis,
385 398 596 446 quatenus
630 407 776 434 eorum
807 400 995 448 potestas
1023 393 1282 450 pertinebat,
1324 411 1349 437 a
1378 412 1423 439 re
1452 398 1623 441 militari
1653 399 1729 442 ab-

182 462 423 506 horrebant.
485 463 601 505 Num
629 463 763 518 igitur
793 464 1008 520 duplicem
1041 467 1164 522 quasi
1195 482 1421 523 personam
1451 471 1730 527 magistratus

181 534 413 590 gerebant?
467 535 579 589 Quis
609 536 692 578 hoc
718 551 907 591 unquam
937 538 1133 581 audivit?
1183 548 1256 582 aut
1285 542 1500 596 quomodo
1529 543 1620 586 fieri
1651 559 1729 601 po-

181 607 317 649 terat?
371 606 495 661 Quae
531 623 600 650 res
642 609 825 651 maxime
864 610 999 653 civilis
1037 627 1063 654 a
1095 611 1219 654 nobis
1255 614 1540 665 existimatur,
1582 614 1652 657 ius
1689 623 1730 658 et

179 679 353 730 iudicia,
386 695 526 723 nonne
556 696 632 738 pro
662 681 839 738 imperio
872 684 1101 726 exercitam
1128 700 1222 727 esse
1250 687 1442 728 constat?
1498 686 1622 740 Quae
1655 702 1728 730 co—

180 752 299 795 mitia
323 753 593 796 sanctissima
613 753 826 797 habentur
851 771 1143 812 summamque
1165 758 1356 800 omnium
1379 774 1522 801 rerum
1542 766 1728 816 potesta-

181 832 266 868 tem
297 825 476 876 habent,
509 827 745 870 centuriata
773 843 914 870 nonne
943 829 1114 871 militari
1145 830 1306 872 ratione
1334 838 1375 873 et
1404 830 1599 874 instit-uta
1629 839 1729 874 sunt

180 905 222 940 et
250 906 459 954 perpetuo
487 898 725 941 habentur?
783 899 902 952 Quid
933 901 1089 957 igitur,
1131 917 1313 957 quaeso,
1354 903 1560 946 interesse
1587 911 1728 960 potest

179 971 290 1013 inter
318 986 385 1013 res
417 971 617 1013 militares
649 979 690 1014 et
719 971 867 1014 civiles
898 972 941 1014 in
972 972 1078 1016 urbe
1105 974 1275 1016 Roma?
1328 975 1464 1018 Extra
1489 991 1589 1018 vero
1615 984 1655 1018 et
1684 976 1727 1018 in

178 1042 303 1084 Italia
341 1050 382 1084 et
419 1043 463 1084 in
492 1044 724 1099 provinciis
757 1045 898 1087 omnia
928 1053 1028 1087 sunt
1057 1046 1182 1102 plena
1210 1047 1400 1103 imperii3
1445 1049 1587 1090 omnia
1615 1049 1728 1090 enim

179 1114 307 1157 armis
350 1122 474 1171 capta
509 1124 609 1158 sunt
638 1123 764 1172 atque
793 1119 921 1160 armis
949 1119 1186 1161 retinentur
1196 1135 1207 1169 ;
1254 1119 1328 1174 qui
1356 1127 1584 1175 praesunt,
1629 1135 1727 1162 cum

179 1187 352 1230 cohorte
397 1203 475 1230 sua
521 1189 669 1230 militia
704 1189 960 1245 funguntur.
1045 1191 1251 1234 Labentis
1293 1191 1464 1234 demum
1505 1207 1555 1234 ac
1594 1207 1726 1249 prope

180 1260 415 1302 corruentis
455 1260 623 1317 imperii
652 1261 834 1303 Romani
871 1263 1113 1304 institutum
1151 1264 1257 1313 fuit,
1300 1271 1349 1306 ut
1386 1279 1455 1307 res
1496 1264 1644 1307 civiles
1673 1263 1726 1307 ab

178 1332 434 1374 militaribus
466 1333 796 1389 seiungerentur
820 1342 946 1390 atque
975 1335 1045 1377 alii
1072 1335 1172 1385 illis,
1203 1336 1272 1378 alii
1299 1336 1366 1379 his
1393 1337 1726 1393 imponerentur.

178 1405 299 1459 Quid
329 1405 463 1461 igitur
493 1406 587 1448 vult
613 1406 693 1448 sibi
723 1422 860 1449 annus
890 1407 1115 1450 militaris?
1164 1409 1270 1465 quid
1296 1410 1464 1452 civilis?
1514 1409 1725 1465 siquidem

177 1477 285 1520 illud
327 1478 556 1520 discrimen
594 1479 799 1522 Romanis
838 1480 1036 1536 ignotum
1076 1481 1170 1523 fuit.
1237 1481 1448 1525 Novimus
1490 1483 1637 1531 etiam,
1681 1482 1726 1524 in

178 1550 437 1605 quibusdam
470 1550 598 1593 rebus
628 1552 798 1608 proprie
827 1552 959 1595 sacris
990 1569 1151 1596 morem
1179 1555 1316 1596 fuisse
1343 1555 1647 1604 Romanorum,
1678 1562 1727 1597 ut

177 1638 335 1665 annum
365 1623 586 1666 diversum
616 1623 670 1666 ab
700 1625 870 1680 vulgari
899 1634 1192 1680 sequerentur.
1257 1627 1389 1670 Velut
1426 1627 1568 1670 omnia
1598 1627 1724 1671 soda-

175 1695 277 1738 licia
306 1703 470 1738 constat
497 1695 548 1737 ab
580 1711 630 1738 eo
661 1696 752 1746 die,
789 1711 875 1751 quo
905 1712 1011 1753 quos
1041 1700 1269 1755 magistros
1301 1706 1495 1742 crearent
1523 1699 1724 1756 magiste-

176 1768 288 1810 rium
328 1767 506 1818 inirent,
549 1784 683 1811 annos
723 1785 972 1813 numerasse
1007 1771 1177 1827 lateque
1214 1779 1327 1828 patet
1359 1772 1430 1814 ille
1456 1787 1578 1815 usus.
1635 1770 1724 1825 Qui

177 1848 316 1883 tamen
351 1847 613 1896 quantopere
647 1840 699 1883 ab
731 1858 842 1884 anno
871 1843 1043 1885 militari
1072 1843 1308 1900 discrepet,
1354 1844 1427 1886 vix
1457 1851 1597 1900 potest
1627 1859 1722 1886 esse

176 1911 422 1955 obscurum.
479 1914 650 1956 Etenim
680 1929 771 1956 eam
798 1913 852 1956 ob
882 1930 1067 1965 causam,
1097 1916 1199 1971 quia
1224 1916 1338 1971 apud
1368 1915 1585 1958 Romanos
1613 1924 1722 1958 tem-

176 2000 257 2041 pus
290 2001 342 2027 ex
375 2001 524 2027 eorum
552 1986 626 2041 qui
657 1987 811 2042 cuique
839 1987 901 2029 rei
932 1996 1165 2043 praeerant,
1195 1988 1441 2031 nominibus
1468 1988 1722 2032 numeraba-

175 2064 258 2107 tur,
289 2057 494 2100 sodalicia
518 2058 572 2100 ab
600 2059 683 2109 die,
711 2074 796 2114 quo
819 2060 1011 2116 magistri
1036 2060 1204 2110 inirent,
1236 2075 1369 2103 annos
1390 2060 1576 2116 incipere
1597 2075 1722 2117 opor·

174 2130 302 2172 tebat.
369 2130 610 2173 Dissimilia
649 2132 773 2173 etiam
813 2132 1012 2174 videntur
1049 2147 1165 2182 esse,
1208 2133 1324 2188 quod
1366 2132 1495 2174 aedes
1534 2132 1578 2174 in
1615 2133 1723 2175 urbe

174 2201 312 2244 Roma
351 2217 403 2244 ex
443 2201 536 2246 Cal.
562 2203 686 2246 Iuliis
726 2205 814 2246 fere
850 2203 1102 2246 locabantur
1140 2202 1281 2257 (Suet.
1311 2204 1408 2247 Tib.
1434 2204 1507 2259 35)
1537 2212 1580 2247 et
1606 2204 1723 2260 quod

175 2289 375 2318 censores
401 2291 454 2318 ex
472 2276 624 2319 Idibus
643 2276 809 2318 Martiis
836 2276 1062 2332 vectigalia
1081 2275 1300 2318 locabant:
1332 2292 1385 2319 ex
1408 2277 1566 2332 quibus
1592 2276 1722 2319 rebus

173 2362 284 2402 quae
321 2348 437 2403 apud
466 2363 544 2391 nos
574 2363 745 2404 quoque
776 2363 873 2390 cum
908 2348 1122 2390 communi
1152 2363 1263 2390 anno
1294 2348 1559 2405 discrepant,
1598 2365 1722 2392 nemo

175 2426 288 2461 certe
319 2419 373 2462 de
400 2435 512 2463 nova
541 2420 744 2477 temporis
774 2419 1027 2462 numerandi
1056 2419 1218 2461 ratione
1249 2420 1434 2476 colliget.

287 2491 451 2533 Mirum
472 2492 607 2549 igitur
628 2507 723 2534 esse
747 2492 956 2540 videatur,
981 2491 1017 2533 si
1035 2491 1159 2533 aliam
1184 2492 1282 2534 anni
1302 2493 1508 2535 rationem
1527 2493 1572 2535 in
1591 2492 1721 2536 rebus

174 2563 428 2606 militaribus
457 2564 638 2607 Romani
671 2564 807 2606 secuti
836 2564 933 2612 sint,
968 2564 1094 2605 aliam
1122 2564 1166 2605 in
1197 2564 1326 2607 rebus
1358 2564 1578 2615 civilibus,
1619 2565 1721 2608 alie-

173 2650 361 2690 numque
388 2651 413 2678 a
437 2650 554 2678 more
575 2635 880 2683 Romanorum,
911 2636 1070 2692 quippe
1099 2636 1173 2691 qui
1202 2651 1415 2692 nusquam
1442 2637 1501 2679 ita
1528 2635 1722 2678 militiam

174 2707 450 2749 seiunxerint.
524 2708 584 2750 At
623 2723 738 2769 quae
773 2707 902 2750 huius
942 2715 1029 2750 tam
1069 2708 1332 2751 admirabilis
1372 2709 1434 2750 rei
1472 2715 1723 2764 argumenta

173 2779 440 2822 afferuntur?
496 2780 692 2822 Primum
732 2780 1046 2822 Mommsenius
1094 2780 1196 2823 citat
1238 2781 1560 2837 inscriptionem
1604 2780 1720 2836 apud

173 2850 370 2894 Henzen.
391 2867 433 2894 n.
452 2852 576 2903 6752,
594 2867 702 2909 quae
717 2852 798 2895 hoc
814 2851 942 2895 habet
957 2860 1271 2909 argumentum.
1313 2853 1441 2896 Anno
1460 2853 1539 2896 203
1557 2868 1599 2908 p.
1618 2851 1720 2895 Chr.
