1846 3100
186 115 263 158 194
528 117 582 148 De
610 115 722 149 Gallia
746 116 981 147 Romanorum
1002 115 1175 157 provincia
1200 117 1382 158 appendix.

183 227 350 284 perium
381 225 670 283 inciperetur?
713 223 825 266 Nam
845 222 938 266 Cal.
957 223 1137 267 Martias
1165 230 1408 280 expectatae
1435 241 1531 269 esse
1556 233 1732 284 propter

184 297 407 342 Ciceronis
444 297 599 347 verba,
642 311 750 352 quae
790 296 1040 347 citavimus,
1081 297 1324 340 existimare
1361 313 1447 340 non
1484 299 1597 342 licet.
1658 299 1731 342 An

183 387 286 414 vero
323 386 416 414 eam
453 371 593 427 legem
630 369 766 411 fuisse
804 375 1065 419 statuemus,
1108 375 1156 410 ut
1192 383 1277 424 quo
1315 369 1384 412 die
1421 371 1582 427 perlata
1619 377 1733 414 esset

182 443 275 493 leX,
325 442 378 486 ab
427 457 477 485 eo
515 441 748 498 Pompeius
795 441 1023 498 imperium
1058 441 1293 498 inciperet?
1345 443 1490 497 Atque
1530 442 1577 484 id
1615 442 1732 486 haud

183 515 315 558 dubie
343 514 603 557 Plutarchus
633 514 784 570 Pomp.
828 528 863 555 c.
893 513 946 556 ‘26
981 513 1163 564 indicat,
1205 514 1279 569 qui
1315 529 1400 570 quo
1439 514 1508 556 die
1548 514 1731 571 populus

182 588 324 644 legem
355 587 581 636 sanxisset,
614 601 664 628 eo
690 586 786 642 ipso
815 585 937 627 illum
965 592 1110 627 narrat
1138 593 1269 628 noctu
1297 586 1342 628 in
1371 586 1522 629 urbem
1549 586 1731 633 intrasse

182 660 475 717 postridieque
510 659 706 701 contione
745 657 888 700 habita
920 665 1169 714 apparatum
1208 657 1309 700 belli
1339 658 1543 714 coepisse.
1602 657 1732 700 Simi-

182 733 364 788 literque
401 731 455 774 de
494 732 590 788 lege
621 731 800 774 Manilia
836 729 1170 773 existimandum
1197 737 1283 780 est,
1324 745 1411 786 qua
1435 730 1599 787 perlata
1630 744 1732 772 con-

183 804 302 846 tinuo
328 803 559 861 Pompeius
586 804 630 846 in
657 818 790 846 novas
819 802 1059 859 provincias
1089 803 1307 858 profectus
1332 802 1493 845 bellum
1523 801 1732 845 adversus

183 876 478 918 Mithridatem
521 875 817 918 administrare
860 876 1011 932 coepit.
1084 875 1154 917 De
1190 873 1388 917 Caesaris
1434 874 1614 932 imperio
1664 875 1734 917 hic

184 949 471 1006 disputamus,
503 948 571 990 III
600 948 682 990 viri
708 957 851 990 autem
879 947 1140 1004 reipublicae
1168 946 1507 998 constituendae,
1535 947 1610 1002 qui
1638 955 1734 1003 post

188 1037 287 1063 eum
317 1019 653 1064 extraordinario
680 1020 858 1077 imperio
888 1020 1010 1077 potiti
1041 1028 1154 1069 sunt,
1180 1034 1265 1062 non
1294 1019 1432 1075 magis
1460 1018 1565 1075 quin
1582 1019 1732 1062 eodem

184 1093 277 1143 die,
318 1108 403 1149 quo
434 1093 504 1134 lex
533 1092 648 1135 Titia
679 1092 732 1135 de
762 1093 814 1135 iis
846 1093 1007 1149 perlata
1034 1100 1111 1142 est,
1154 1091 1326 1134 inierint
1352 1098 1495 1148 potest
1532 1090 1732 1134 dubitari.

184 1163 252 1207 Cf.
295 1163 535 1207 Comment.
576 1165 794 1222 epigraph.
822 1165 846 1207 Ι
879 1180 920 1221 p.
955 1165 1018 1208 17.
1091 1163 1190 1217 Qua
1232 1163 1346 1205 enim
1385 1163 1468 1206 alia
1506 1163 1560 1205 de
1604 1179 1732 1206 causa

182 1237 295 1279 diem
328 1253 365 1279 a.
394 1237 436 1278 d.
461 1236 499 1279 V
533 1234 626 1278 Cal.
655 1237 789 1287 Dec.,
819 1236 935 1279 unde
963 1236 1009 1278 id
1040 1243 1239 1292 coeptum
1269 1250 1363 1278 esse
1398 1242 1573 1286 constat,
1605 1244 1731 1292 puta-

182 1324 278 1351 mus
309 1324 403 1351 esse
433 1308 645 1350 electum?
695 1308 811 1350 Num
839 1323 957 1358 casu,
989 1309 1112 1350 cuius
1144 1307 1261 1349 nulla
1287 1307 1424 1363 possit
1448 1308 1554 1350 ratio
1577 1308 1731 1351 reddi?

181 1381 314 1431 Nam,
365 1381 449 1422 nisi
495 1381 649 1436 quovis
689 1380 758 1422 die
794 1387 909 1423 recte
949 1380 1176 1436 imperium
1219 1395 1347 1422 suum
1382 1379 1514 1436 incipi
1553 1380 1731 1423 arbitra-

183 1461 331 1495 rentur
359 1452 534 1503 IIIviri,
577 1459 626 1494 ut
663 1452 914 1508 occupanda
941 1452 1066 1495 Italia
1091 1460 1217 1508 atque
1244 1451 1352 1494 urbe
1383 1451 1588 1496 militibus
1615 1453 1732 1496 obsi-

182 1525 324 1567 denda
361 1532 505 1581 aperte
544 1540 691 1567 omnes
731 1524 992 1582 reipublicae
1030 1525 1150 1582 leges
1188 1525 1418 1576 violarant,
1461 1526 1520 1568 ita
1557 1526 1733 1581 triginta

182 1597 371 1652 quinque
402 1597 495 1639 dies
524 1596 708 1653 amplius
737 1603 961 1653 expectare
989 1604 1204 1653 poterant,
1249 1598 1354 1641 dum
1385 1596 1477 1642 Cal.
1508 1598 1732 1642 Ianuariae

181 1668 471 1711 advenissent.
530 1666 598 1711 Ac
627 1675 792 1711 constat
821 1684 875 1711 ex
902 1669 1099 1726 diligenti
1128 1685 1285 1721 rerum,
1317 1686 1425 1726 quae
1455 1679 1559 1714 tunc
1587 1679 1733 1727 gestae

182 1748 302 1791 sunt,
356 1740 596 1784 narratione
637 1740 805 1783 circiter
850 1757 886 1783 a.
923 1740 965 1782 d.
1002 1741 1044 1784 V
1083 1739 1175 1785 Cal.
1211 1743 1322 1786 Nov.
1362 1744 1548 1787 IIIviros
1581 1742 1732 1786 urbem

180 1813 363 1856 intrasse
404 1814 631 1870 legemque
662 1813 818 1855 Titiam
858 1828 953 1856 esse
989 1814 1130 1857 latam.
1196 1815 1396 1872 Denique
1432 1831 1524 1859 rem
1562 1815 1732 1858 conficit

183 1885 410 1942 Appianus
440 1885 538 1928 bell.
567 1886 648 1929 civ.
676 1886 756 1936 IV,
787 1887 827 1935 7,
861 1886 934 1941 qui
962 1893 1190 1942 postquam
1216 1903 1302 1930 uno
1333 1889 1402 1930 die
1431 1889 1501 1931 lex
1533 1887 1588 1930 de
1618 1902 1730 1930 novo

182 1957 360 2014 imperio
391 1958 691 2000 constituendo
719 1958 880 2013 perlata
910 1967 988 2007 est,
1021 1959 1262 2015 insequenti
1290 1968 1413 2003 nocte
1439 1960 1606 2003 tabulas
1632 1975 1732 2015 pro-

184 2029 426 2085 scriptionis
466 2029 708 2086 propositas
751 2045 844 2072 esse
883 2038 1045 2081 narrat,
1084 2032 1128 2073 in
1158 2033 1315 2087 quibus
1342 2032 1494 2075 IIIviri
1521 2031 1623 2074 novi
1651 2031 1732 2074 im·

181 2102 288 2158 perii
327 2117 482 2144 nomen
523 2101 743 2143 ascribunt
779 2109 820 2143 et
857 2117 932 2158 pro
968 2110 1176 2159 potestate
1212 2104 1293 2147 sibi
1327 2104 1537 2160 permissa
1567 2119 1611 2147 se
1636 2104 1732 2147 illas

183 2174 337 2216 caedes
373 2174 514 2216 facere
554 2173 817 2229 profitentur.
877 2172 1028 2217 Altera
1066 2176 1332 2218 consuetudo
1363 2176 1556 2219 Romana
1596 2191 1649 2218 ex
1682 2191 1733 2219 ea

182 2260 311 2301 quam
336 2245 465 2288 modo
495 2245 685 2287 diximus
713 2246 991 2301 consequitur
1020 2262 1152 2303 prope
1182 2248 1439 2290 necessario.
1492 2248 1663 2291 Etenim
1693 2249 1729 2292 si

184 2325 412 2373 antequam
438 2317 621 2360 alicuius
646 2317 813 2372 imperii
841 2317 934 2360 dies
960 2318 1138 2369 exisset,
1181 2320 1250 2361 vel
1279 2319 1394 2362 idem
1428 2328 1734 2377 prorogaretur

183 2389 252 2431 vel
284 2404 444 2431 novum
475 2389 744 2439 adficeretur,
775 2404 861 2431 non
892 2391 1210 2445 expectabatur,
1244 2391 1347 2433 dum
1377 2392 1532 2448 prioris
1563 2400 1730 2450 tempus

183 2461 476 2516 praeterisset,
516 2461 593 2504 sed
633 2461 834 2504 continuo
873 2461 926 2504 ab
962 2463 1031 2504 die
1070 2478 1206 2506 novae
1242 2463 1353 2519 legis
1391 2465 1634 2521 prorogatio
1663 2465 1731 2508 vel

182 2547 343 2575 novum
369 2533 597 2590 imperium
621 2533 917 2590 incipiebatur.
964 2534 1017 2576 Id
1043 2543 1186 2590 aperte
1211 2535 1500 2593 intelligemus
1525 2537 1571 2578 in
1595 2536 1730 2579 dicta-

183 2604 287 2646 toris
321 2603 518 2648 Caesaris
545 2605 793 2655 honoribus,
813 2605 876 2648 de
905 2605 1064 2661 quibus
1093 2607 1302 2663 proxima,
1336 2623 1444 2664 quae
1475 2608 1729 2664 insequitur,

182 2682 328 2717 nostra
356 2678 652 2720 commentatio
681 2684 766 2726 est,
799 2677 843 2718 in
872 2692 1000 2732 quem
1030 2693 1127 2721 cum
1158 2679 1230 2721 alii
1258 2695 1387 2736 super
1414 2680 1517 2723 alios
1545 2680 1728 2722 honores

183 2747 518 2800 cumularentur,
551 2764 770 2805 nunquam
801 2748 903 2790 dum
934 2750 1090 2793 veteris
1121 2750 1294 2794 honoris
1327 2751 1419 2794 dies
1449 2751 1620 2801 exisset,
1650 2765 1728 2793 no-

183 2833 285 2860 vum
309 2820 502 2872 dilatum,
531 2822 607 2865 scd
634 2822 748 2864 hunc
772 2821 973 2864 continuo
1000 2822 1153 2865 initum
1180 2838 1275 2866 esse
1302 2823 1543 2866 docuimus.
1583 2823 1728 2866 Idem-
