1846 3100
0 2682 18 2782 ,1

570 156 624 188 De
658 155 770 189 Gallia
794 156 1028 188 Romanorum
1062 155 1245 199 provincia.
1599 153 1677 196 125

135 265 326 324 Augusti
359 274 462 318 erat,
491 282 571 310 nec
601 267 738 324 magis
769 283 879 309 anno
916 267 964 310 12
994 283 1035 324 p.
1063 265 1181 317 Chr„
1210 281 1295 322 quo
1324 272 1365 308 et
1396 264 1679 307 Germanicus

136 340 405 383 consulatum
441 340 601 382 Romae
645 340 810 396 peregit
852 347 891 381 et
920 339 1122 382 Tiberius
1159 355 1210 381 ex
1239 338 1473 381 Pannoniis
1504 338 1679 380 Delma·
1726 372 1730 377 .

134 413 276 469 tisque
306 412 597 469 triumphavit.
651 412 771 466 Quid
801 413 914 455 enim
943 412 1146 454 attinebat
1166 412 1207 452 in
1231 426 1365 452 unum
1392 425 1549 452 annum
1574 408 1680 451 Gal-

135 485 214 528 lias
243 485 396 541 legatis
425 485 606 536 tradere,
641 500 747 540 quas
779 493 820 527 et
849 484 1099 527 absentibus
1129 483 1304 525 Tiberio
1335 489 1376 525 et
1407 481 1679 531 Germanico,

136 573 235 601 cum
261 558 408 600 nullus
436 565 538 600 tunc
570 574 595 600 a
622 557 815 600 barbaris
848 565 987 603 metus
1017 563 1143 607 esset,
1177 556 1279 598 satis
1306 562 1420 598 recte
1449 554 1503 596 ab
1533 569 1680 596 eorum

134 631 288 688 legatis
317 630 498 673 obtineri
525 630 653 673 sciret
682 637 722 672 et
747 631 939 686 proxime
970 636 1076 671 totas
1104 627 1361 671 Germanico
1385 628 1553 670 tradere
1580 641 1680 668 eon-

138 703 375 746 stituisset?
431 702 644 744 Nimirum
687 710 836 745 exacto
879 702 1104 745 consulatu
1140 701 1444 744 Germanicum
1486 714 1596 741 anno
1631 699 1680 740 13

135 791 177 832 p.
205 775 308 818 Chr.
347 775 390 817 in
424 773 588 818 Gallias
623 775 802 817 missum
834 790 928 824 esse
962 790 1014 816 ex
1047 774 1284 816 certissimo
1314 771 1507 814 Suetonii
1541 770 1681 827 Calig.

138 863 173 891 c.
203 849 228 892 8
269 848 508 891 testimonio
548 854 725 890 constat.
785 848 865 889 Illo
903 848 1015 889 enim
1053 861 1161 888 anno
1191 846 1421 901 Augustus
1465 843 1682 899 cumipse

137 921 360 978 imperium
381 921 578 976 quintum
600 921 642 961 in
663 920 812 962 decem
834 935 966 962 annos
987 918 1261 975 suscepisset,
1291 917 1526 966 Tiberium,
1554 930 1681 971 quem

137 994 219 1035 iam
248 1001 373 1035 antea
398 992 627 1035 tribunicia
655 999 864 1049 potestate
892 999 931 1034 et
954 991 1247 1048 proconsulari
1268 990 1445 1046 imperio
1465 996 1504 1030 et
1524 1003 1683 1036 earum,

139 1081 246 1122 quas
276 1067 369 1122 ipse
397 1065 586 1115 haberet,
614 1073 655 1107 et
679 1065 983 1107 senatoriarum
1006 1064 1324 1120 provinciarum
1343 1068 1524 1111 ornarat,
1556 1075 1685 1116 supra

140 1137 386 1181 Germanici
416 1145 667 1195 potestatem
700 1138 856 1180 clatum
887 1137 967 1179 sibi
998 1137 1078 1193 ipsi
1110 1151 1285 1192 prorsus
1315 1134 1525 1190 aequavit.
1587 1132 1684 1174 Hoc

139 1217 226 1261 est,
273 1210 390 1266 quod
431 1210 536 1252 Tac.
578 1210 734 1252 Annal.
765 1210 809 1260 Ι,
850 1210 874 1252 3
916 1210 974 1251 ait
1012 1209 1235 1251 Tiberium
1274 1207 1482 1262 collegam
1519 1204 1685 1261 imperii

139 1290 404 1340 assumptum
442 1298 558 1333 esse,
599 1289 641 1324 et
670 1281 790 1324 Suet.
818 1282 915 1325 Tib.
947 1282 1059 1325 0021
1104 1297 1154 1322 ac
1192 1295 1276 1321 non
1314 1282 1443 1320 multo
1480 1285 1571 1332 post
1601 1280 1687 1330 lege

134 1370 210 1409 per
243 1358 423 1397 consules
449 1358 552 1403 lata,
581 1362 630 1395 ut
650 1357 890 1408 provincias
918 1371 1010 1395 cum
1044 1356 1229 1408 Augusto
1258 1355 1528 1394 communiter
1557 1352 1686 1401 admi-

139 1431 350 1477 nistraret,
381 1435 422 1469 et
450 1427 697 1484 plenissime
725 1427 837 1470 Vell.
865 1427 924 1476 ΙΙ,
963 1427 1032 1469 121
1066 1433 1106 1466 et
1134 1432 1300 1467 senatus
1323 1427 1577 1478 popul-usque
1605 1425 1685 1464 lto-

140 1514 300 1551 manus,
327 1503 565 1555 postulante
591 1506 714 1553 patre
745 1502 841 1550 eius,
873 1506 921 1540 ut
951 1512 1125 1551 aequum
1151 1500 1272 1538 eiius
1301 1499 1347 1536 in
1379 1496 1564 1536 omnibus
1589 1510 1685 1548 pro-

138 1576 285 1615 vinciis
312 1573 630 1625 exercitibusque
655 1577 753 1612 esset
777 1586 900 1624 quam
923 1577 1013 1611 erat
1029 1571 1121 1623 ipsi,
1149 1571 1305 1609 decreto
1328 1570 1559 1620 complexus
1578 1574 1686 1609 esset.

141 1645 294 1702 Longe
336 1645 441 1687 haec
482 1651 669 1701 potestas
714 1643 909 1699 superior
951 1649 1040 1684 erat
1080 1650 1207 1697 atque
1249 1648 1290 1682 et
1323 1639 1525 1682 Tiberius
1566 1645 1689 1681 antea

140 1717 348 1760 habuerat
386 1724 428 1759 et
456 1715 741 1759 Germanicus
782 1715 957 1772 accepit.
1019 1714 1105 1756 Hic
1134 1714 1247 1755 enim
1282 1712 1361 1754 etsi
1391 1712 1489 1768 plus
1519 1710 1688 1753 valebat

141 1805 269 1845 quam
306 1789 380 1844 qui
422 1789 577 1843 cuique
615 1787 858 1844 provinciae
901 1787 970 1828 vel
1006 1801 1030 1827 a
1069 1792 1218 1828 senatu
1248 1784 1316 1826 vel
1348 1783 1402 1825 ab
1433 1782 1687 1839 imperatore

141 1862 300 1904 missus
329 1868 543 1917 praeerat,
579 1874 661 1901 non
680 1860 821 1901 minus
839 1866 979 1901 tamen
997 1858 1088 1914 ipse
1111 1864 1199 1899 erat
1218 1856 1483 1912 imperatoris
1505 1855 1688 1911 legatus,

142 1934 340 1976 mandata
377 1933 430 1975 ab
469 1948 519 1975 eo
554 1932 809 1988 accipiebat,
856 1931 1040 1987 denique
1073 1930 1111 1972 ei
1141 1929 1328 1985 parebat.
1392 1927 1453 1968 At
1483 1925 1685 1967 Tiberius

88 2002 91 2004 ’
142 2007 358 2062 deinceps,
389 2005 490 2061 quia
521 2004 685 2060 collega
713 2004 878 2060 imperii
909 2011 1010 2053 erat,
1041 2002 1323 2044 communiter
1353 2015 1450 2042 cum
1483 1999 1687 2054 Augusto

142 2078 342 2121 mandata
379 2077 508 2120 dabat
542 2076 702 2132 quique
737 2076 997 2118 exercitibus
1032 2080 1276 2131 praeerant,
1318 2073 1403 2114 iam
1431 2072 1561 2129 legati
1592 2072 1687 2114 Au-

143 2149 260 2206 gusti
297 2156 338 2192 et
371 2149 535 2191 Tiberii
571 2148 650 2190 rite
685 2147 1030 2204 appellabantur,
1072 2162 1150 2189 nec
1184 2146 1218 2188 si
1257 2145 1330 2201 qui
1371 2145 1430 2187 ita
1474 2145 1688 2193 dicuntur,

142 2237 319 2264 necesse
356 2229 421 2263 est
458 2220 584 2263 etiam
618 2227 717 2276 post
753 2227 931 2262 mortem
962 2219 1152 2275 Augusti
1188 2217 1431 2274 provincias
1462 2216 1689 2266 tenuerint,

147 2294 223 2336 sed
261 2294 355 2350 ipso
394 2307 504 2335 anno
538 2293 586 2334 13
622 2292 704 2333 hoc
740 2292 979 2348 legitimum
1014 2306 1163 2334 eorum
1194 2298 1283 2333 erat
1314 2304 1482 2331 nomen.
1544 2288 1690 2341 Quare

147 2364 197 2407 C.
226 2361 496 2408 Ummidium
526 2363 818 2418 Quadratum,
849 2365 923 2420 qui
954 2364 1069 2420 apud
1100 2363 1356 2406 Mommsen.
1389 2361 1523 2403 Inscr.
1554 2360 1690 2415 Neap.

146 2453 187 2479 n.
216 2438 324 2481 4234
365 2443 567 2494 quaestor
602 2436 690 2478 divi
728 2436 921 2492 Augusti
955 2444 995 2478 et
1031 2435 1098 2478 Ti.
1127 2434 1325 2478 Caesaris
1356 2434 1473 2488 Aug.
1505 2432 1691 2488 appella-

146 2516 236 2559 tur,
274 2524 359 2551 non
384 2523 560 2551 necesse
590 2515 655 2550 est
685 2523 795 2550 anno
830 2509 878 2551 14
913 2515 1186 2564 quaesturam
1217 2506 1428 2563 gessisse,
1471 2504 1546 2545 sed
1576 2510 1691 2545 recte

141 2574 311 2624 ⁴etiamsi
331 2596 442 2623 anno
464 2581 510 2623 13
532 2587 695 2622 tantum
713 2580 934 2636 gessisset,
958 2581 1017 2623 ita
1033 2579 1329 2636 appellaretur.
1375 2577 1561 2618 Prorsus
1580 2576 1691 2617 enim

149 2653 284 2696 simile
314 2659 380 2697 est
407 2653 456 2695 P.
486 2651 735 2696 Dolabellae
766 2652 1023 2708 exemplum,
1048 2651 1163 2707 quod
1191 2665 1320 2706 supra
1343 2665 1383 2705 p.
1415 2648 1492 2690 114
1517 2648 1691 2689 allatum

148 2732 226 2767 est.
324 2724 425 2778 Qua
477 2725 638 2767 ratione
693 2739 791 2766 cum
843 2724 1074 2780 Augustus
1124 2722 1347 2764 Tiberium
1399 2735 1543 2762 secum
1596 2719 1692 2775 ipso

149 2803 452 2852 exaequasset,
493 2796 634 2839 eidem
664 2795 968 2839 Germanicum
987 2795 1223 2852 opposuit,
1258 2793 1303 2835 id
1334 2792 1450 2847 quod
1480 2791 1693 2847 significat

149 2868 251 2910 Tac.
282 2869 436 2911 Annal.
462 2869 497 2919 I,
529 2869 567 2918 3,
597 2875 657 2918 ut,
688 2868 851 2910 etiamsi
878 2868 1050 2910 aliunde
1080 2868 1133 2908 de
1160 2880 1292 2915 anno,
1321 2879 1406 2920 quo
1421 2864 1507 2907 -hic
1536 2863 1692 2907 Galliis
