1846 3100
538 121 593 154 De
619 120 731 154 Gallia
756 121 990 154 Romanorum
1013 120 1186 163 provincia
1211 121 1394 162 appendix.
1657 119 1730 161 181

185 232 279 275 vult
317 247 369 274 ex
398 230 620 281 omnibus,
649 230 724 286 qui
752 235 847 272 ante
879 229 1065 285 quinque
1093 243 1225 272 annos
1253 229 1458 272 honorem
1486 230 1736 286 gessissent,

187 312 297 348 sorte
328 304 486 347 electos
513 318 608 346 esse
643 302 960 360 provinciarum
994 308 1200 355 rectores,
1237 302 1340 359 petit
1371 302 1644 345 Hofmannus
1683 317 1735 345 ex

185 393 236 420 eo
275 377 392 433 quod
426 391 536 419 anno
567 376 616 418 51
650 373 804 417 Cicero
833 381 874 416 et
904 374 966 415 M.
1003 374 1187 416 Bibulus
1214 375 1458 430 provincias
1490 375 1735 418 consulares

183 456 462 507 acceperunt,
501 464 600 491 cum
637 455 698 490 tot
729 447 975 490 consulares
1005 446 1257 503 praeteritos
1294 462 1388 490 esse
1419 447 1488 497 ait,
1518 455 1623 503 quot
1651 446 1736 490 nisi

185 529 312 572 sorte,
340 521 561 578 praeteriri
590 519 827 575 nequirent.
887 519 947 562 At
981 526 1027 562 ut
1056 533 1204 561 eorum
1229 534 1433 562 numerus
1459 520 1735 570 minueretur,

188 602 362 637 senatus
393 593 600 643 decrerat,
627 607 680 634 ne
710 592 1008 634 admitteretur
1035 591 1091 634 ad
1121 592 1399 643 sortiendum,
1431 592 1514 634 nisi
1536 592 1611 648 qui
1635 607 1734 648 pro-

190 666 374 710 vinciam
424 665 615 708 nondum
661 664 865 706 rexisset:
918 678 1048 719 quare
1087 679 1140 706 ne
1176 664 1231 706 ad
1264 664 1531 707 consularem
1560 664 1736 720 quidem

185 738 469 796 provinciam,
507 737 581 794 qui
607 737 691 778 iam
718 736 972 792 praetoriam
996 736 1225 787 habuerat,
1254 736 1468 780 admissus
1499 744 1576 780 est.
1621 735 1734 796 (Cic.

185 812 308 867 epist.
334 811 401 861 II,
444 811 516 861 15,
546 810 593 860 43
623 809 678 852 ad
704 809 794 851 Att.
826 808 912 859 VI,
958 810 1006 860 6,
1048 811 1107 864 3).
1164 809 1261 852 Hac
1287 809 1449 851 ratione
1478 824 1650 860 eorum,
1680 809 1734 852 ad

185 899 294 941 quos
335 883 581 940 provinciae
622 882 843 939 pervenire
883 887 1079 938 possent,
1116 895 1321 924 numerus
1353 881 1412 924 ita
1445 881 1734 932 minuebatur,

188 963 236 998 ut
263 953 472 999 Cicerone
501 962 543 998 et
567 953 725 997 Bibulo
754 954 966 1010 eligendo¹
988 954 1148 996 nemini
1186 954 1297 996 fierit
1332 954 1488 997 iniuria
1524 954 1669 1009 idque,
1699 954 1734 996 si

184 1029 387 1078 omnium,
415 1027 490 1084 qui
521 1035 624 1069 tunc
655 1033 786 1077 erant,
817 1026 1145 1084 magistratuum
1174 1026 1305 1068 vitam
1326 1042 1375 1069 ac
1397 1026 1581 1070 rationes
1610 1028 1734 1084 plane

184 1107 429 1157 perspectas
470 1099 753 1150 haberemus,
795 1099 996 1156 persequi
1029 1099 1155 1141 etiam
1192 1098 1236 1140 in
1274 1099 1457 1156 singulis
1495 1114 1733 1156 possemus.

184 1172 312 1215 Nunc
341 1188 449 1228 quae
478 1172 579 1215 olim
609 1172 663 1215 de
693 1171 1008 1228 provinciarum
1046 1172 1127 1214 hac
1155 1172 1373 1214 sortitione
1403 1172 1734 1228 disputavimus,

185 1260 284 1288 cum
314 1245 456 1287 denuo
495 1244 843 1295 examinarimus,
882 1244 1106 1287 verissima
1128 1239 1229 1287 'esse
1264 1243 1639 1301 deprehendimus,
1668 1245 1734 1287 ni-

185 1318 340 1360 mirum
379 1318 464 1359 duo
505 1317 611 1360 haec
637 1333 732 1360 esse
764 1317 1016 1367 observata,
1056 1324 1104 1359 ut
1134 1332 1187 1359 ex
1214 1316 1362 1359 ordine
1393 1332 1622 1368 annorum,
1649 1332 1734 1373 quo

191 1390 373 1446 quisque
402 1389 471 1432 vel
490 1397 733 1446 praeturam
761 1389 829 1432 vel
858 1390 1126 1432 consulatum
1143 1390 1363 1446 gessisset,
1391 1389 1447 1431 ad
1470 1389 1735 1432 sortiendum

185 1462 492 1512 admitteretur,
523 1462 678 1504 deinde
696 1470 743 1504 ut
760 1470 820 1505 tot
839 1462 1164 1505 admitterentur
1187 1469 1292 1518 quot
1308 1468 1451 1505 essent
1477 1462 1733 1518 provinciae.

185 1534 358 1588 Quibus
389 1534 559 1577 duabus
592 1535 722 1577 rebus
753 1534 1098 1578 demonstrandis
1130 1549 1229 1577 cum
1260 1540 1384 1584 tunc,
1416 1535 1534 1590 quod
1563 1541 1734 1591 apertae

184 1607 433 1650 viderentur
463 1622 580 1657 esse,
611 1607 882 1663 supersederi
912 1622 1039 1664 posse
1070 1606 1279 1663 putarim,
1318 1598 1403 1650 iam
1429 1606 1618 1650 breviter
1646 1608 1733 1650 duo

185 1686 438 1736 argumenta
465 1680 701 1722 certissima
728 1679 922 1729 afferam,
954 1679 1139 1735 primum
1169 1679 1524 1722 consuetudinem
1551 1679 1733 1737 impera-

185 1759 328 1794 torum
365 1751 681 1802 Romanorum,
715 1751 796 1794 sub
834 1751 991 1807 quibus
1034 1757 1233 1793 revocata
1271 1751 1367 1808 lege
1399 1752 1606 1809 Pompeia
1635 1767 1734 1795 cum

184 1824 294 1866 inter
314 1823 518 1866 honorem
535 1831 576 1866 et
598 1823 710 1866 inter
738 1823 1000 1880 provinciam
1029 1823 1217 1879 quinque
1237 1824 1306 1866 vel
1325 1824 1472 1867 decem
1496 1825 1566 1867 vel
1587 1825 1734 1881 plures

185 1895 283 1938 anni
313 1896 581 1947 interessent,
611 1897 725 1939 hunc
754 1903 921 1939 constat
948 1911 1107 1938 morem
1134 1896 1283 1946 fuisse,
1317 1896 1371 1938 de
1401 1911 1486 1952 quo
1510 1897 1635 1953 plura
1665 1897 1732 1939 di-

185 1983 280 2011 cere
309 1969 460 2011 inutile
487 1977 575 2020 est,
614 1968 942 2019 deinde-illam,
984 1983 1093 2024 quae
1133 1983 1258 2025 saepe
1287 1969 1414 2011 citata
1442 1975 1530 2020 est,
1560 1976 1732 2012 senatus

184 2040 484 2083 auctoritatem
526 2041 642 2098 apud
680 2040 771 2084 Cic.
802 2041 924 2097 epist.
950 2041 1086 2091 VIII,
1128 2041 1174 2091 8,
1205 2041 1244 2083 8.
1296 2041 1363 2083 Ea
1399 2041 1604 2084 iubentur
1633 2057 1732 2098 pro-

184 2112 351 2155 vincias
383 2114 541 2165 sortiri,
577 2114 759 2170 primum
794 2114 846 2164 ii,
888 2127 996 2169 quos
1024 2128 1076 2155 ex
1106 2111 1152 2155 S.
1170 2111 1220 2155 C.
1251 2113 1360 2155 mitti
1386 2120 1612 2170 oporteret,
1641 2120 1733 2157 tum

144 2234 146 2236 ,
184 2185 248 2226 uti
292 2186 495 2242 quodque
539 2187 769 2243 collegium
805 2187 991 2243 primum
1035 2192 1278 2242 praetorum
1324 2186 1500 2236 fuisset,
1546 2185 1732 2243 denique

186 2258 374 2314 proximi
401 2259 610 2315 cuiusque
631 2259 798 2315 collegii
822 2248 895 2313 qui
913 2263 1129 2314 praetores
1151 2258 1355 2300 fuissent:
1377 2257 1492 2300 unde
1518 2258 1582 2301 uti
1595 2259 1731 2314 quod-

183 2345 268 2385 que
297 2331 526 2387 collegium
555 2338 690 2375 aetate
721 2330 1033 2380 antecessisset,
1062 2331 1121 2373 ita
1150 2346 1203 2373 ex
1233 2345 1282 2372 eo
1310 2330 1383 2386 qui
1411 2329 1606 2373 nondum
1633 2346 1731 2388 pro-

186 2401 349 2445 vincias
379 2403 614 2453 rexissent,
642 2403 802 2460 primos
830 2403 885 2445 ad
917 2403 1183 2445 sortiendum
1211 2417 1306 2445 esse
1335 2402 1546 2445 admissos
1575 2403 1731 2446 intelli-

186 2473 342 2529 gimus.
396 2475 602 2518 Extrema
629 2482 772 2519 autem
799 2490 909 2531 quae
940 2482 1052 2525 sunt,
1079 2482 1128 2517 ut
1160 2490 1212 2517 ex
1236 2474 1528 2517 vetustissimo
1560 2489 1731 2531 quoque

143 2566 146 2574 1
186 2544 367 2600 collegio
403 2545 684 2602 eligerentur,
725 2550 863 2602 quoad
898 2551 932 2588 z's
961 2562 1157 2588 numerus
1195 2546 1365 2599 effectus
1397 2553 1503 2597 esset,
1531 2561 1647 2600 quem
1677 2549 1735 2588 ad

185 2631 403 2658 numerum
433 2619 478 2658 in
503 2621 740 2671 provincias
770 2622 884 2661 mitte·
906 2624 1117 2673 oporteret,
1148 2632 1285 2660 nonne
1309 2617 1486 2660 totidem
1503 2618 1640 2661 fuisse
1657 2619 1731 2674 qui

187 2687 456 2739 sortirentur,
488 2695 591 2744 quot
618 2697 761 2732 essent
775 2691 1034 2748 provinciae,
1051 2690 1268 2733 luculente
1287 2690 1611 2733 demonstrant?
1640 2687 1731 2734 Sed

187 2773 264 2802 cur
291 2774 402 2802 anno
434 2760 487 2804 49
518 2761 654 2804 sortiti
686 2770 786 2805 sunt
809 2763 1052 2820 provincias
1088 2763 1332 2806 consulares
1359 2761 1414 2804 L.
1441 2761 1660 2806 Domitius
1690 2769 1731 2806 et

188 2830 243 2885 Q.
260 2831 463 2875 Metellus
482 2830 639 2889 Scipio,
669 2848 850 2890 quorum
877 2842 1029 2878 neuter
1049 2832 1386 2891 quinquennium
1411 2840 1510 2891 post
1534 2834 1729 2879 exactum
