1846 3100
11 2270 23 2286 ,-
0 1974 32 2254 «wrm—32:0⁸1.
15 1932 18 1934 ⁴

584 144 639 176 De
665 143 779 177 Gallia
801 145 1034 177 Romanorum
1054 145 1238 188 provincia.
1628 145 1681 188 85

134 253 473 308 quinquennium
512 253 731 295 decretum
772 258 858 302 est,
897 251 1048 294 eodem
1088 252 1157 294 lex
1194 254 1287 310 ipsa
1317 255 1553 298 consularis
1583 256 1680 307 lata,

135 325 284 367 eodem
320 324 504 380 denique
538 323 620 366 Cn.
650 324 854 381 Pompeio
883 325 1213 380 quinquennalis
1243 326 1552 382 Hispaniarum
1582 343 1680 383 pro-

135 397 385 440 consulatus
415 397 598 438 delatus.

246 470 337 512 Iam
371 469 570 524 reliquas.
599 469 696 511 anni
736 469 789 510 50
830 484 866 510 a.
901 466 1005 510 Chr.
1046 468 1232 511 actiones
1269 470 1531 525 praeteribo,
1573 487 1682 527 quae

134 556 234 584 cum
265 542 479 597 utrimque
508 556 675 583 summa
702 541 744 582 vi
772 540 817 581 in
845 538 1083 582 Galliarum
1112 541 1427 584 successionem
1457 544 1682 586 incubuis-

135 620 250 664 sent,
289 613 434 656 elusae
472 619 572 655 sunt
611 612 820 668 imprimis
852 609 1054 654 Curionis
1091 613 1187 655 trib.
1217 613 1330 670 pleb.
1363 615 1681 666 intercessione,

133 685 243 728 hanc
270 685 527 742 aequitatem
557 683 859 742 praetexentis,
890 683 1007 739 quod
1028 684 1245 741 -Pompeio
1277 696 1318 728 et
1349 685 1523 729 Caesari
1554 687 1682 730 simul

134 758 346 800 exercitus
377 757 628 801 adimendos
661 771 1018 811 successoresque
1056 757 1350 800 decernendos
1380 774 1475 801 esse
1507 759 1680 802 diceret.

135 828 236 883 Qua
266 829 321 872 (le
351 845 396 872 re
426 830 488 872 sic
511 837 654 872 narrat
685 829 908 885 Appianus
939 829 1036 871 bell.
1068 830 1149 872 civ.
1168 830 1226 880 II,
1254 830 1321 880 ⁴27,
1351 831 1508 874 multos
1537 839 1684 874 contra

135 901 317 952 dixisse,
356 903 473 958 quod
509 903 705 959 iniquum
740 917 835 945 esse
873 907 1072 958 putarent
1101 902 1305 958 Pompeio
1334 896 1560 959 antequam
1589 904 1682 946 eius

135 981 304 1030 tempus
345 975 527 1026 exisset,
570 976 797 1032 imperium
834 981 1010 1030 propter
1050 974 1182 1016 solam
1225 975 1513 1031 suspicionem
1551 976 1683 1019 adimi

134 1046 424 1102 (ἐνισταμένων
454 1049 499 1089 δὲ
530 1050 710 1099 πολλῶν,
739 1051 794 1093 ὡς
821 1048 895 1088 οὐκ
921 1046 1006 1087 ἰ’σον
1037 1051 1094 1102 τῷ
1124 1048 1245 1102 μήπω
1272 1048 1339 1088 τὸν
1359 1048 1507 1103 χρόνον
1529 1048 1680 1102 ἐξήκειν

134 1122 193 1175 τῷ
221 1118 464 1176 Πομπηΐῳ),
505 1135 614 1176 quae
647 1120 805 1162 mentio
833 1134 929 1162 cum
960 1119 1073 1161 facta
1099 1125 1225 1169 esset,
1260 1119 1376 1161 idem
1407 1134 1444 1162 c.
1470 1120 1522 1178 28
1550 1120 1682 1163 Pom-

137 1190 281 1247 peium
311 1191 441 1234 tradit
469 1193 635 1235 senatui
666 1193 910 1249 scripsisse,
951 1206 996 1233 se
1022 1191 1220 1247 quidem,
1258 1190 1293 1232 si
1321 1191 1381 1233 ita
1411 1207 1434 1234 e
1462 1193 1683 1249 republica

134 1278 229 1305 esse
257 1263 488 1314 videretur,
518 1265 587 1307 vel
613 1272 709 1308 ante
738 1272 907 1320 tempus
935 1263 1107 1321 legibus
1131 1263 1412 1306 constitutum
1433 1272 1583 1322 sponte
1604 1282 1683 1309 sua

134 1334 430 1391 depositurum
477 1352 571 1379 esse
617 1337 859 1393 provincias
912 1337 958 1390 (ἃ
995 1337 1040 1378 δὲ
1082 1336 1190 1378 ἄκων
1236 1336 1314 1392 ἔφη
1358 1339 1520 1394 λαβεῖν,
1577 1339 1680 1380 ἑκὼν

93 1427 96 1429 >
135 1407 388 1463 ἀποθήσεται
420 1412 503 1454 τοῖς
533 1410 755 1465 ἀπολαβεῖν
783 1410 996 1460 θέλουσιν,
1038 1409 1112 1450 οὐκ
1145 1410 1358 1464 ἀναμένων
1391 1411 1484 1455 τοὺς
1510 1411 1684 1466 χρόνους

134 1479 227 1524 τοὺς
253 1480 534 1534 ὡρισμένους).
593 1481 756 1538 Dispar
791 1481 926 1537 igitur
963 1496 1093 1524 causa
1132 1487 1222 1523 erat
1249 1479 1448 1525 Caesaris
1479 1489 1521 1524 et
1552 1482 1682 1524 Pom-

132 1550 237 1606 peii:
269 1551 330 1593 illi
350 1553 460 1595 Idib.
478 1554 709 1596 Novembr.
738 1553 838 1596 anni
866 1553 919 1596 50
945 1553 1048 1595 exiit
1074 1555 1416 1610 proconsulatus,
1444 1554 1546 1596 huic
1574 1569 1682 1596 non-

134 1622 238 1664 dum
281 1624 396 1666 exiit.
477 1626 650 1675 Etenim
693 1641 804 1668 anno
845 1625 898 1668 52
942 1625 1148 1681 Pompeio
1194 1626 1365 1668 tertium
1413 1627 1683 1669 consulatum

134 1695 300 1749 gerenti
335 1696 430 1739 loco
461 1698 704 1754 provinciae
736 1713 788 1740 ex
819 1697 1044 1740 consulatu
1081 1696 1376 1740 decernendae
1404 1706 1682 1754 prorogatum

135 1773 224 1808 erat
248 1767 490 1823 imperium,
522 1777 569 1811 ut
596 1770 683 1812 Dio
711 1769 816 1819 XL,
845 1768 896 1812 44
925 1776 966 1811 et
996 1769 1049 1811 56
1082 1769 1244 1820 scribit,
1276 1769 1320 1811 in
1349 1770 1528 1812 alterum
1555 1770 1682 1826 quin-

135 1839 383 1893 quennium,
409 1846 457 1882 ut
474 1841 733 1884 Plutarchus
751 1842 902 1898 Pomp.
931 1857 966 1884 c.
986 1842 1038 1884 55
1066 1841 1110 1882 in
1136 1842 1463 1896 quadriennium
1488 1842 1680 1884 alterum.

135 1909 263 1953 Hanc
308 1911 619 1956 dissensionem
662 1930 716 1957 ne
758 1915 853 1970 quis
897 1914 1066 1956 inscitia
1108 1920 1182 1956 aut
1217 1913 1481 1970 negligentia
1506 1914 1681 1956 alterius

136 1982 275 2026 utrius
302 1990 436 2026 ortam
466 1999 560 2028 esse
587 1993 721 2042 putet,
747 1987 875 2043 paulo
903 1986 1030 2029 altius
1050 1986 1156 2028 haec
1175 2001 1345 2042 quoque
1363 2001 1432 2028 res
1451 1986 1683 2042 repetenda

137 2062 214 2097 est.
277 2055 447 2098 Etenim
486 2073 598 2100 anno
628 2058 681 2102 53
720 2073 818 2100 cum
856 2059 1013 2101 inultae
1052 2058 1409 2114 vehementesque
1450 2058 1681 2103 seditiones

137 2127 396 2179 extitissent,
435 2130 606 2172 tandem
636 2129 716 2173 Cn.
744 2131 978 2187 Pompeius
1015 2146 1051 2172 a.
1079 2130 1121 2172 d.
1149 2130 1190 2173 V
1219 2128 1311 2173 Cal.
1339 2131 1467 2173 Mart.
1501 2130 1681 2184 (Ascon.

137 2214 178 2254 p.
209 2199 260 2242 37
292 2198 449 2254 Orell.)
484 2202 601 2245 solus
634 2203 785 2245 consul
816 2209 984 2245 creatus
1015 2210 1093 2254 est,
1137 2202 1211 2258 qui
1240 2203 1425 2259 primum
1454 2203 1596 2258 legem
1627 2202 1681 2244 de

135 2270 307 2313 iudiciis
344 2273 504 2323 sanxit,
546 2289 631 2329 qua
668 2275 777 2317 Milo
815 2291 852 2317 a.
881 2274 922 2316 d.
952 2275 1017 2318 VI
1044 2275 1111 2317 Id.
1141 2275 1280 2331 April.
1318 2274 1499 2330 (Ascon.
1537 2290 1576 2330 p.
1609 2274 1682 2329 31)

138 2343 445 2387 condemnatus
483 2353 566 2397 est,
608 2353 698 2402 tum
738 2354 911 2389 senatus
940 2346 1149 2402 Pompeio
1186 2361 1264 2402 pro
1300 2346 1568 2388 restitutione
1598 2346 1682 2388 rei-

137 2415 334 2471 publicae
364 2423 406 2458 et
434 2417 543 2459 duas
571 2417 763 2473 legiones
790 2418 846 2459 ad
879 2433 972 2469 eas,
1015 2433 1121 2474 quas
1154 2418 1240 2461 iam
1268 2417 1471 2468 habebat,
1514 2417 1683 2461 addidit

138 2494 180 2528 et
203 2487 431 2543 imperium
449 2489 758 2545 Hispaniarum
783 2490 1049 2547 prorogavit,
1077 2490 1261 2546 denique
1286 2490 1358 2532 ille
1380 2505 1432 2531 ex
1449 2487 1540 2532 Cal.
1563 2488 1681 2530 Sext.

137 2558 195 2613 Q.
216 2559 439 2602 Metellum
464 2558 709 2618 Scipionem
735 2577 939 2617 generum
969 2577 1096 2604 suum
1126 2562 1333 2618 collegam
1362 2561 1536 2611 ascivit3
1567 2561 1683 2604 hunb

139 2631 251 2672 enim
280 2646 423 2673 rerum
455 2632 648 2675 ordinem
677 2640 873 2676 accurate
903 2633 1074 2690 singula
1102 2648 1316 2690 exponens
1337 2633 1562 2690 Appianus
1583 2632 1682 2674 bell.

139 2701 221 2744 civ.
246 2702 310 2753 Π,
351 2703 404 2745 24
441 2703 666 2759 significat.
725 2705 856 2748 Unde
884 2720 1030 2748 mense
1061 2706 1150 2749 fere
1179 2706 1296 2748 Maio
1327 2704 1395 2746 vel
1421 2705 1545 2746 Iunio
1574 2704 1683 2746 illud

140 2773 194 2817 de
227 2774 447 2830 provincia
480 2776 744 2832 proroganda
776 2783 947 2819 senatus
978 2778 1220 2820 consultum
1250 2778 1410 2820 factum
1437 2791 1532 2819 esse
1562 2775 1682 2818 colli-

141 2860 306 2902 gemus.
377 2847 447 2890 De
491 2847 628 2904 ipsius
671 2855 812 2891 autem
856 2850 1170 2906 prorogationis
1218 2856 1405 2905 tempore
1455 2847 1684 2904 dupliciter
