1846 3100
532 138 587 169 De
613 137 747 178 legibus
775 137 1039 180 municipalibus
1065 137 1272 179 Hispanicis.
1599 137 1680 181 279

131 257 214 292 ceto
241 264 422 303 quaeque
451 251 512 290 ita
543 250 798 288 manumissa
828 247 1004 288 liberave
1023 250 1145 299 (esse)
1170 250 1280 288 iussa
1303 250 1399 299 erit,
1437 249 1566 290 libera
1585 256 1680 299 esto,

132 325 199 364 uti
225 325 298 376 qui
324 328 488 374 optumo
519 323 612 361 iure
643 322 798 360 Latini
820 320 1006 360 libertini
1029 320 1149 360 liberi
1172 327 1271 360 sunt
1299 328 1436 365 erunt.
1482 321 1602 375 Quid
1629 338 1682 365 ex

132 394 198 436 his
226 394 425 443 efficitur,
455 392 540 434 nisi
558 392 737 434 Latinos
763 391 974 446 quosdam
1002 391 1240 447 municipes
1264 392 1400 435 fuisse
1420 393 1681 450 Salpensae‘?

133 465 250 521 Quot
277 465 457 514 fuerint,
498 479 623 506 nemo
661 471 800 519 potest
831 463 1092 519 intelligere,
1137 479 1276 519 neque
1315 465 1404 508 ulla
1442 466 1684 510 deducetur

131 538 380 588 necessitas,
404 544 453 579 ut
476 537 727 578 universum
756 535 1038 592 municipium
1065 544 1139 577 aut
1156 536 1388 579 Latinitate
1417 547 1491 581 aut
1511 539 1682 582 civitate

131 612 325 654 Romana
355 609 597 667 praeditum
635 609 770 650 fuisse
806 608 1112 650 existimemus.
1170 607 1382 661 Quamvis
1414 611 1526 653 enim
1555 614 1683 668 pauci

131 690 275 726 essent
303 682 462 732 Latini,
492 696 577 723 non
607 681 748 722 minus
779 680 832 722 iis
865 679 1214 736 prospiciendum
1245 689 1334 724 erat
1362 682 1458 738 lege
1488 699 1616 740 quam
1647 685 1683 727 si

134 756 201 799 vel
227 755 350 798 multi
381 762 524 797 essent
551 754 620 796 vel
648 767 778 809 prope
805 752 1010 794 universi.
1071 752 1187 794 Illud
1220 754 1346 797 etiam
1373 755 1681 807 animadverto,

131 828 247 885 quod
284 828 464 870 fortasse
502 826 630 868 alicui
665 826 710 867 in
748 832 934 866 mentem
966 824 1130 874 veniat,
1177 826 1294 880 quod
1322 826 1490 870 Latinis
1519 836 1684 872 tantum

130 901 400 958 permittatur
437 899 733 942 manumittere
775 897 891 953 apud
921 897 1084 939 IIviros
1125 912 1358 953 servosque
1389 914 1490 942 suos
1516 900 1683 942 Latini-

132 981 216 1017 tate
242 974 415 1023 donare,
443 987 527 1015 non
554 972 687 1027 sequi,
716 978 764 1013 ut
786 970 910 1012 [Iviri
934 969 1188 1026 Salpensani
1214 970 1377 1012 minore
1403 972 1497 1014 iure
1524 973 1684 1015 fuerint

131 1061 261 1102 quam
291 1045 472 1088 aliorum
502 1044 831 1100 municipiorum
863 1042 1154 1099 magistratus.
1214 1042 1380 1086 Dubito
1409 1045 1536 1095 enim,
1567 1046 1684 1100 quod

131 1125 282 1175 postea
317 1117 422 1159 iuris
461 1125 569 1166 erat,
614 1124 661 1158 ut
691 1116 818 1158 etiam
848 1115 964 1171 apud
993 1114 1272 1171 municipales
1307 1116 1519 1171 quosdam
1548 1118 1684 1174 magi-

134 1198 292 1233 stratus
319 1190 614 1232 manumittere
642 1189 792 1231 liceret
820 1189 946 1242 (Iust.
978 1185 1085 1229 Cod.
1115 1187 1224 1237 VH,
1265 1190 1275 1229 1
1292 1219 1304 1238 ,
1337 1188 1402 1240 4),
1438 1204 1541 1231 num
1570 1190 1684 1232 idem

131 1263 216 1305 iam
245 1263 326 1305 hoc
356 1270 545 1318 tempore
575 1261 718 1311 fuerit,
745 1276 844 1302 cum
872 1260 1023 1302 civitas
1044 1259 1236 1302 Romana
1266 1260 1310 1302 in
1338 1261 1497 1304 maiore
1524 1262 1684 1304 honore

133 1351 183 1378 ac
199 1335 386 1391 praemio
405 1341 539 1383 esset3
570 1333 704 1375 multa
723 1339 850 1383 certe,
876 1347 985 1388 quae
1011 1332 1286 1389 magistratus
1305 1333 1522 1377 Romanos
1547 1334 1685 1387 (velut

133 1408 244 1450 Plin.
275 1407 398 1463 epist.
427 1406 535 1456 VII,
582 1406 671 1460 16),
708 1406 826 1447 nulla
865 1406 1079 1461 exempla,
1121 1420 1230 1461 quae
1272 1406 1553 1462 municipales
1592 1421 1685 1449 eam

133 1488 385 1538 potestatem
413 1478 617 1521 habuisse
647 1477 887 1528 ostendant,
919 1477 1062 1519 afferri
1089 1485 1284 1533 possunt.
1336 1477 1482 1532 Quare
1510 1478 1572 1521 sic
1600 1486 1684 1521 sta—

133 1563 318 1604 tuemus,
353 1553 389 1595 si
415 1551 521 1594 civis
544 1551 765 1593 Romanus
784 1549 1018 1607 Salpensae
1046 1550 1115 1592 vel
1133 1550 1326 1593 Malacae
1359 1565 1531 1593 servum
1557 1566 1685 1594 suum

133 1626 325 1670 vindicta
360 1624 541 1666 liberare
572 1638 755 1679 eumque
785 1623 830 1664 in
859 1622 1078 1665 civitatem
1107 1637 1299 1665 asserere
1330 1623 1481 1676 vellet,
1521 1624 1684 1666 adeun-

134 1699 239 1741 dum
268 1698 404 1740 fuisse
434 1696 756 1753 proconsulem,
797 1695 832 1737 si
865 1694 939 1750 qui
967 1694 1152 1736 Latinus
1185 1702 1318 1745 esset,
1354 1695 1684 1746 manumitteret,

134 1771 209 1827 qui
238 1770 514 1812 Latinitatem
549 1776 715 1810 tantum
752 1781 879 1810 servo
916 1766 1134 1823 impertire
1167 1774 1334 1823 posset,
1374 1768 1563 1810 IIvirum
1592 1784 1686 1812 eam

134 1849 392 1900 potestatem
421 1841 571 1883 fuisse.

247 1914 480 1957 Difficilior
509 1920 575 1956 est
603 1913 710 1956 alter
737 1913 883 1962 locus,
913 1911 1022 1954 aeris
1051 1911 1298 1954 Malacitani
1327 1927 1419 1968 cap.
1449 1913 1569 1963 LIV,
1599 1928 1685 1969 quo

135 1986 453 2046 praescribitur,
482 2001 666 2042 quorum
693 1985 912 2027 hominum
943 1983 1126 2027 comitiis
1151 1985 1359 2027 rationem
1384 1983 1533 2028 haberi
1560 2000 1686 2042 opor-

137 2068 233 2104 teat.
295 2059 363 2103 Ibi
400 2059 507 2102 haec
544 2065 665 2100 sunt:
717 2061 800 2105 Qua·
835 2060 1002 2098 comitia
1038 2058 1183 2098 habere
1222 2058 1394 2108 debebit,
1433 2061 1468 2099 is
1499 2061 1685 2112 primum

136 2137 270 2184 Ilvir(
266 2148 307 2174 os
305 2138 346 2185 )‚
375 2136 449 2187 qui
475 2135 566 2173 iure
595 2131 773 2172 dicundo
793 2132 962 2182 praesi(
959 2145 988 2170 n
986 2135 1033 2180 st
1040 2160 1050 2179 ,
1081 2145 1133 2170 ea:
1161 2144 1206 2171 eo
1232 2145 1381 2184 genere
1411 2133 1687 2183 ingenuorum

137 2208 363 2256 hominum,
389 2207 436 2246 de
451 2220 529 2259 quo
547 2207 603 2257 lz(
598 2221 623 2245 a
622 2208 669 2255 )e
685 2205 726 2254 l(
725 2207 816 2256 ege)
833 2209 1002 2243 cautum
1022 2203 1432 2256 comprehensumque
1449 2209 1521 2253 est,
1545 2204 1688 2244 deinde

133 2281 325 2332 proximo
351 2292 505 2332 quoque
531 2283 709 2330 tempore
739 2276 900 2325 aediles,
932 2277 1026 2314 item
1054 2281 1283 2327 quaestores
1309 2289 1360 2314 ex
1384 2289 1427 2315 eo
1448 2289 1598 2328 genere
1624 2277 1688 2315 in-

135 2365 367 2404 genuorum
397 2351 622 2398 hominum,
658 2349 706 2388 de
735 2361 812 2401 quo
843 2348 964 2400 Mac)
993 2348 1123 2398 l(ege)
1151 2353 1322 2388 cautum
1353 2348 1689 2399 conprehensum-

139 2440 214 2477 que
242 2430 319 2472 est,
359 2423 563 2471 creando(
559 2436 577 2461 s
575 2426 599 2472 )
627 2427 793 2469 curato,
825 2420 923 2460 dum
952 2434 1004 2459 ne
1033 2421 1167 2459 cuiius
1196 2420 1354 2458 comitis
1382 2411 1588 2459 iationem
1616 2420 1689 2459 ha·

140 2497 240 2547 beat,
270 2498 344 2549 qui
368 2497 588 2536 IIviratum
614 2497 784 2545 pet(et)‚
821 2494 895 2546 qui
919 2493 1056 2532 minor
1084 2504 1292 2531 annorum
1319 2491 1449 2531 XXV
1465 2493 1545 2531 erit
1572 2493 1689 2544 quive

126 2572 256 2609 ‘intra
283 2568 611 2622 quinquennium
639 2568 685 2605 in
712 2580 756 2606 eo
785 2566 936 2606 honore
953 2564 1151 2616 suerint,
1191 2564 1286 2602 item
1325 2564 1400 2615 qui
1435 2563 1688 2604 aedilitatem

141 2645 451 2693 quaesturamve
473 2644 591 2692 petet,
622 2640 696 2690 qui
721 2640 858 2677 minor
888 2650 1011 2689 quum
1039 2637 1201 2684 annor(
1199 2648 1268 2673 um
1270 2638 1292 2684 )
1319 2636 1446 2676 XXV
1466 2637 1547 2675 erit
1572 2636 1689 2687 quive

141 2714 187 2753 in
216 2726 358 2752 earum
389 2726 471 2764 qua
501 2725 627 2751 causa
657 2712 747 2759 erit,
768 2714 939 2762 propter
966 2721 1088 2759 quam
1115 2708 1154 2747 si
1172 2707 1211 2748 G.
1233 2707 1283 2746 R.
1310 2711 1418 2755 esset,
1447 2708 1493 2746 in
1517 2720 1688 2747 numero

143 2785 408 2825 decurionum
436 2785 807 2837 conscriptorumve
834 2795 926 2822 eum
956 2795 1034 2821 esse
1059 2793 1143 2820 non
1175 2780 1325 2819 liceret.
1371 2777 1690 2820 Enumerantur

144 2855 226 2897 hoc
251 2855 345 2898 loco
375 2869 527 2897 causae
555 2862 776 2910 quattuor,
813 2853 858 2894 in
883 2851 1042 2908 quibus
1073 2850 1147 2905 qui
1179 2851 1286 2900 sint,
1326 2850 1511 2893 honores
1543 2856 1688 2907 petere
