<?xml version="1.0" encoding="UTF-8"?>
<!DOCTYPE html PUBLIC "-//W3C//DTD XHTML 1.0 Transitional//EN"
    "http://www.w3.org/TR/xhtml1/DTD/xhtml1-transitional.dtd">
<html xmlns="http://www.w3.org/1999/xhtml" xml:lang="en" lang="en">
 <head>
  <title>
</title>
<meta http-equiv="Content-Type" content="text/html;charset=utf-8" />
  <meta name='ocr-system' content='tesseract 3.04.00' />
  <meta name='ocr-capabilities' content='ocr_page ocr_carea ocr_par ocr_line ocrx_word'/>
</head>
<body>
  <div class='ocr_page' id='page_1' title='image "./studiaromanasive00zump_0186.png"; bbox 0 0 1846 3100; ppageno 0'>
   <div class='ocr_carea' id='block_1_1' title="bbox 183 142 1382 195">
    <p class='ocr_par' dir='ltr' id='par_1_1' title="bbox 183 142 1382 195">
     <span class='ocr_line' id='line_1_1' title="bbox 183 142 1382 195; baseline 0.007 -17"><span class='ocrx_word' id='word_1_1' title='bbox 183 142 260 187; x_wconf 83' lang='grc'><strong>174</strong></span> <span class='ocrx_word' id='word_1_2' title='bbox 526 149 579 181; x_wconf 88' lang='lat' dir='ltr'><strong>De</strong></span> <span class='ocrx_word' id='word_1_3' title='bbox 603 148 717 181; x_wconf 78' lang='lat' dir='ltr'><strong>Gallia</strong></span> <span class='ocrx_word' id='word_1_4' title='bbox 742 147 973 183; x_wconf 82' lang='lat' dir='ltr'><strong>Romanorum</strong></span> <span class='ocrx_word' id='word_1_5' title='bbox 1007 152 1180 194; x_wconf 76' lang='lat' dir='ltr'><strong>provincia</strong></span> <span class='ocrx_word' id='word_1_6' title='bbox 1203 153 1382 195; x_wconf 80' lang='lat' dir='ltr'><strong>appendix.</strong></span> 
     </span>
    </p>
   </div>
   <div class='ocr_carea' id='block_1_2' title="bbox 138 255 1722 2916">
    <p class='ocr_par' dir='ltr' id='par_1_2' title="bbox 138 255 1722 2916">
     <span class='ocr_line' id='line_1_2' title="bbox 178 255 1721 315; baseline 0.007 -19"><span class='ocrx_word' id='word_1_7' title='bbox 178 255 292 297; x_wconf 88' lang='lat' dir='ltr'><strong>tione</strong></span> <span class='ocrx_word' id='word_1_8' title='bbox 323 256 520 300; x_wconf 86' lang='lat' dir='ltr'><strong>efficitur.</strong></span> <span class='ocrx_word' id='word_1_9' title='bbox 579 257 750 299; x_wconf 77' lang='lat' dir='ltr'>Etenim</span> <span class='ocrx_word' id='word_1_10' title='bbox 778 257 1004 315; x_wconf 85' lang='lat' dir='ltr'><strong>Appianus</strong></span> <span class='ocrx_word' id='word_1_11' title='bbox 1039 259 1135 303; x_wconf 91' lang='lat' dir='ltr'><strong>bell.</strong></span> <span class='ocrx_word' id='word_1_12' title='bbox 1167 261 1246 304; x_wconf 84' lang='lat' dir='ltr'><strong>civ.</strong></span> <span class='ocrx_word' id='word_1_13' title='bbox 1274 262 1433 314; x_wconf 75' lang='lat' dir='ltr'><strong>II‚-·25‚</strong></span> <span class='ocrx_word' id='word_1_14' title='bbox 1465 278 1563 307; x_wconf 87' lang='lat' dir='ltr'><strong>cum</strong></span> <span class='ocrx_word' id='word_1_15' title='bbox 1592 265 1721 308; x_wconf 85' lang='lat' dir='ltr'><strong>ceteri</strong></span> 
     </span>
     <span class='ocr_line' id='line_1_3' title="bbox 178 329 1720 381; baseline 0.007 -12"><span class='ocrx_word' id='word_1_16' title='bbox 178 335 375 371; x_wconf 80' lang='lat' dir='ltr'>auctores</span> <span class='ocrx_word' id='word_1_17' title='bbox 402 330 455 370; x_wconf 86' lang='lat' dir='ltr'><strong>de</strong></span> <span class='ocrx_word' id='word_1_18' title='bbox 482 329 561 371; x_wconf 85' lang='lat' dir='ltr'><strong>hac</strong></span> <span class='ocrx_word' id='word_1_19' title='bbox 591 345 637 371; x_wconf 91' lang='lat' dir='ltr'><strong>re</strong></span> <span class='ocrx_word' id='word_1_20' title='bbox 663 337 843 381; x_wconf 86' lang='lat' dir='ltr'><strong>taceant,</strong></span> <span class='ocrx_word' id='word_1_21' title='bbox 873 329 1100 375; x_wconf 86' lang='lat' dir='ltr'><strong>Caesarem</strong></span> <span class='ocrx_word' id='word_1_22' title='bbox 1128 342 1269 377; x_wconf 85' lang='lat' dir='ltr'><strong>narrat</strong></span> <span class='ocrx_word' id='word_1_23' title='bbox 1292 350 1400 378; x_wconf 92' lang='lat' dir='ltr'><strong>anno</strong></span> <span class='ocrx_word' id='word_1_24' title='bbox 1427 336 1471 378; x_wconf 78' lang='lat'><strong>51</strong></span> <span class='ocrx_word' id='word_1_25' title='bbox 1498 335 1551 378; x_wconf 88' lang='lat' dir='ltr'><strong>ab</strong></span> <span class='ocrx_word' id='word_1_26' title='bbox 1570 344 1720 380; x_wconf 87' lang='lat' dir='ltr'><strong>senatu</strong></span> 
     </span>
     <span class='ocr_line' id='line_1_4' title="bbox 176 401 1720 467; baseline 0.007 -26"><span class='ocrx_word' id='word_1_27' title='bbox 176 401 358 456; x_wconf 89' lang='lat' dir='ltr'><strong>petisse,</strong></span> <span class='ocrx_word' id='word_1_28' title='bbox 392 409 441 443; x_wconf 92' lang='lat' dir='ltr'><strong>ut</strong></span> <span class='ocrx_word' id='word_1_29' title='bbox 472 401 553 444; x_wconf 90' lang='lat' dir='ltr'><strong>sibi</strong></span> <span class='ocrx_word' id='word_1_30' title='bbox 591 402 752 458; x_wconf 88' lang='lat' dir='ltr'><strong>aliquid</strong></span> <span class='ocrx_word' id='word_1_31' title='bbox 791 404 995 460; x_wconf 88' lang='lat' dir='ltr'><strong>temporis</strong></span> <span class='ocrx_word' id='word_1_32' title='bbox 1023 405 1077 447; x_wconf 87' lang='lat' dir='ltr'><strong>ad</strong></span> <span class='ocrx_word' id='word_1_33' title='bbox 1113 405 1449 462; x_wconf 84' lang='lat' dir='ltr'><strong>quinquennium</strong></span> <span class='ocrx_word' id='word_1_34' title='bbox 1477 409 1594 465; x_wconf 88' lang='lat' dir='ltr'><strong>quod</strong></span> <span class='ocrx_word' id='word_1_35' title='bbox 1622 409 1720 467; x_wconf 89' lang='lat' dir='ltr'><strong>lege</strong></span> 
     </span>
     <span class='ocr_line' id='line_1_5' title="bbox 177 471 1719 537; baseline 0.006 -24"><span class='ocrx_word' id='word_1_36' title='bbox 177 471 384 529; x_wconf 86' lang='lat' dir='ltr'><strong>Pompeia</strong></span> <span class='ocrx_word' id='word_1_37' title='bbox 425 474 594 516; x_wconf 78' lang='lat' dir='ltr'><strong>Licinia</strong></span> <span class='ocrx_word' id='word_1_38' title='bbox 625 474 827 526; x_wconf 87' lang='lat' dir='ltr'><strong>habebat,</strong></span> <span class='ocrx_word' id='word_1_39' title='bbox 871 476 1128 519; x_wconf 88' lang='lat' dir='ltr'><strong>adiiceretur</strong></span> <span class='ocrx_word' id='word_1_40' title='bbox 1157 480 1244 534; x_wconf 85' lang='grc' dir='ltr'>(τὴν</span> <span class='ocrx_word' id='word_1_41' title='bbox 1277 481 1425 535; x_wconf 83' lang='grc' dir='ltr'>βουλὴν</span> <span class='ocrx_word' id='word_1_42' title='bbox 1455 478 1544 536; x_wconf 66' lang='grc' dir='ltr'><strong>ᾔτει</strong></span> <span class='ocrx_word' id='word_1_43' title='bbox 1571 481 1719 537; x_wconf 83' lang='grc' dir='ltr'>χρόνον</span> 
     </span>
     <span class='ocr_line' id='line_1_6' title="bbox 177 544 1722 609; baseline 0.006 -23"><span class='ocrx_word' id='word_1_44' title='bbox 177 544 302 586; x_wconf 83' lang='grc' dir='ltr'>ἄλλον</span> <span class='ocrx_word' id='word_1_45' title='bbox 345 547 479 600; x_wconf 80' lang='grc' dir='ltr'>ὀλίγον</span> <span class='ocrx_word' id='word_1_46' title='bbox 521 547 563 592; x_wconf 84' lang='grc' dir='ltr'><strong>ἐς</strong></span> <span class='ocrx_word' id='word_1_47' title='bbox 598 549 668 602; x_wconf 84' lang='grc' dir='ltr'><strong>τὴν</strong></span> <span class='ocrx_word' id='word_1_48' title='bbox 710 551 921 603; x_wconf 78' lang='grc' dir='ltr'>παροῦσαν</span> <span class='ocrx_word' id='word_1_49' title='bbox 963 551 1001 590; x_wconf 82' lang='grc' dir='ltr'><strong>οἱ</strong></span> <span class='ocrx_word' id='word_1_50' title='bbox 1040 553 1110 605; x_wconf 81' lang='grc' dir='ltr'><strong>τῆς</strong></span> <span class='ocrx_word' id='word_1_51' title='bbox 1149 550 1349 598; x_wconf 82' lang='grc' dir='ltr'>Γαλατίας</span> <span class='ocrx_word' id='word_1_52' title='bbox 1377 554 1593 608; x_wconf 76' lang='grc' dir='ltr'>ἡγεμονίαν</span> <span class='ocrx_word' id='word_1_53' title='bbox 1623 554 1650 609; x_wconf 84' lang='grc' dir='ltr'>ἢ</span> <span class='ocrx_word' id='word_1_54' title='bbox 1681 554 1722 599; x_wconf 78' lang='grc' dir='ltr'><strong>ἐς</strong></span> 
     </span>
     <span class='ocr_line' id='line_1_7' title="bbox 177 617 1719 680; baseline 0.006 -22"><span class='ocrx_word' id='word_1_55' title='bbox 177 617 300 672; x_wconf 79' lang='grc' dir='ltr'>μέρος</span> <span class='ocrx_word' id='word_1_56' title='bbox 330 619 454 674; x_wconf 80' lang='grc' dir='ltr'>αὐτῆς</span> <span class='ocrx_word' id='word_1_57' title='bbox 481 620 720 676; x_wconf 80' lang='grc' dir='ltr'>ἐπιλαβεῖν).</span> <span class='ocrx_word' id='word_1_58' title='bbox 765 618 858 662; x_wconf 88' lang='lat' dir='ltr'><strong>Cur</strong></span> <span class='ocrx_word' id='word_1_59' title='bbox 882 621 964 663; x_wconf 90' lang='lat' dir='ltr'><strong>hoc</strong></span> <span class='ocrx_word' id='word_1_60' title='bbox 992 623 1195 678; x_wconf 82' lang='lat' dir='ltr'><strong>petebat?</strong></span> <span class='ocrx_word' id='word_1_61' title='bbox 1229 624 1344 680; x_wconf 91' lang='lat' dir='ltr'><strong>quod</strong></span> <span class='ocrx_word' id='word_1_62' title='bbox 1371 633 1436 667; x_wconf 86' lang='lat' dir='ltr'><strong>est</strong></span> <span class='ocrx_word' id='word_1_63' title='bbox 1463 625 1593 668; x_wconf 85' lang='lat' dir='ltr'><strong>breve</strong></span> <span class='ocrx_word' id='word_1_64' title='bbox 1611 625 1719 668; x_wconf 88' lang='lat' dir='ltr'><strong>illud</strong></span> 
     </span>
     <span class='ocr_line' id='line_1_8' title="bbox 174 691 1719 755; baseline 0.007 -25"><span class='ocrx_word' id='word_1_65' title='bbox 174 694 367 746; x_wconf 88' lang='lat' dir='ltr'><strong>tempus,</strong></span> <span class='ocrx_word' id='word_1_66' title='bbox 410 692 526 747; x_wconf 92' lang='lat' dir='ltr'><strong>quod</strong></span> <span class='ocrx_word' id='word_1_67' title='bbox 556 692 657 734; x_wconf 87' lang='lat' dir='ltr'><strong>addi</strong></span> <span class='ocrx_word' id='word_1_68' title='bbox 690 691 771 735; x_wconf 82' lang='lat' dir='ltr'>sibi</span> <span class='ocrx_word' id='word_1_69' title='bbox 801 692 998 736; x_wconf 79' lang='lat' dir='ltr'><strong>volebat?</strong></span> <span class='ocrx_word' id='word_1_70' title='bbox 1055 694 1267 738; x_wconf 88' lang='lat' dir='ltr'><strong>Nimirum</strong></span> <span class='ocrx_word' id='word_1_71' title='bbox 1303 697 1396 753; x_wconf 89' lang='lat' dir='ltr'><strong>ipso</strong></span> <span class='ocrx_word' id='word_1_72' title='bbox 1427 697 1500 740; x_wconf 92' lang='lat' dir='ltr'><strong>illo</strong></span> <span class='ocrx_word' id='word_1_73' title='bbox 1530 705 1719 755; x_wconf 90' lang='lat' dir='ltr'><strong>tempore</strong></span> 
     </span>
     <span class='ocr_line' id='line_1_9' title="bbox 174 760 1719 827; baseline 0.006 -24"><span class='ocrx_word' id='word_1_74' title='bbox 174 760 236 803; x_wconf 95' lang='lat' dir='ltr'><strong>M.</strong></span> <span class='ocrx_word' id='word_1_75' title='bbox 266 762 499 806; x_wconf 82' lang='lat' dir='ltr'><strong>Marcellus</strong></span> <span class='ocrx_word' id='word_1_76' title='bbox 531 765 681 807; x_wconf 90' lang='lat' dir='ltr'><strong>consul</strong></span> <span class='ocrx_word' id='word_1_77' title='bbox 709 763 836 822; x_wconf 80' lang='lat' dir='ltr'><strong>agere</strong></span> <span class='ocrx_word' id='word_1_78' title='bbox 864 775 1060 823; x_wconf 89' lang='lat' dir='ltr'><strong>coeperat</strong></span> <span class='ocrx_word' id='word_1_79' title='bbox 1088 768 1132 809; x_wconf 89' lang='lat' dir='ltr'><strong>in</strong></span> <span class='ocrx_word' id='word_1_80' title='bbox 1160 775 1322 819; x_wconf 89' lang='lat' dir='ltr'><strong>senatu,</strong></span> <span class='ocrx_word' id='word_1_81' title='bbox 1354 776 1400 811; x_wconf 89' lang='lat' dir='ltr'><strong>ut</strong></span> <span class='ocrx_word' id='word_1_82' title='bbox 1428 777 1524 812; x_wconf 91' lang='lat' dir='ltr'><strong>ante</strong></span> <span class='ocrx_word' id='word_1_83' title='bbox 1550 778 1719 827; x_wconf 88' lang='lat' dir='ltr'><strong>tempus</strong></span> 
     </span>
     <span class='ocr_line' id='line_1_10' title="bbox 176 831 1719 897; baseline 0.006 -22"><span class='ocrx_word' id='word_1_84' title='bbox 176 831 351 876; x_wconf 83' lang='lat' dir='ltr'><strong>Caesari</strong></span> <span class='ocrx_word' id='word_1_85' title='bbox 386 836 692 878; x_wconf 84' lang='lat' dir='ltr'><strong>succederetur</strong></span> <span class='ocrx_word' id='word_1_86' title='bbox 723 844 764 880; x_wconf 90' lang='lat' dir='ltr'><strong>et</strong></span> <span class='ocrx_word' id='word_1_87' title='bbox 793 854 846 881; x_wconf 92' lang='lat' dir='ltr'><strong>ne</strong></span> <span class='ocrx_word' id='word_1_88' title='bbox 871 838 1058 882; x_wconf 88' lang='lat' dir='ltr'><strong>absentis</strong></span> <span class='ocrx_word' id='word_1_89' title='bbox 1085 840 1129 882; x_wconf 88' lang='lat' dir='ltr'><strong>in</strong></span> <span class='ocrx_word' id='word_1_90' title='bbox 1151 841 1334 897; x_wconf 87' lang='lat' dir='ltr'><strong>petendo</strong></span> <span class='ocrx_word' id='word_1_91' title='bbox 1362 842 1587 885; x_wconf 84' lang='lat' dir='ltr'><strong>consulatu</strong></span> <span class='ocrx_word' id='word_1_92' title='bbox 1612 843 1719 886; x_wconf 83' lang='lat' dir='ltr'><strong>ratio</strong></span> 
     </span>
     <span class='ocr_line' id='line_1_11' title="bbox 173 905 1719 972; baseline 0.006 -24"><span class='ocrx_word' id='word_1_93' title='bbox 173 905 426 959; x_wconf 83' lang='lat' dir='ltr'><strong>haberetur,</strong></span> <span class='ocrx_word' id='word_1_94' title='bbox 456 916 681 965; x_wconf 89' lang='lat' dir='ltr'><strong>propterea</strong></span> <span class='ocrx_word' id='word_1_95' title='bbox 711 911 827 965; x_wconf 91' lang='lat' dir='ltr'><strong>quod</strong></span> <span class='ocrx_word' id='word_1_96' title='bbox 856 910 1108 955; x_wconf 86' lang='lat' dir='ltr'><strong>tribuniciae</strong></span> <span class='ocrx_word' id='word_1_97' title='bbox 1136 913 1222 970; x_wconf 90' lang='lat' dir='ltr'><strong>legi</strong></span> <span class='ocrx_word' id='word_1_98' title='bbox 1258 914 1488 971; x_wconf 88' lang='lat' dir='ltr'><strong>Pompeius</strong></span> <span class='ocrx_word' id='word_1_99' title='bbox 1517 915 1598 957; x_wconf 83' lang='lat' dir='ltr'><strong>alia</strong></span> <span class='ocrx_word' id='word_1_100' title='bbox 1622 915 1719 972; x_wconf 88' lang='lat' dir='ltr'><strong>lege</strong></span> 
     </span>
     <span class='ocr_line' id='line_1_12' title="bbox 174 978 1719 1045; baseline 0.006 -25"><span class='ocrx_word' id='word_1_101' title='bbox 174 978 228 1021; x_wconf 92' lang='lat' dir='ltr'><strong>de</strong></span> <span class='ocrx_word' id='word_1_102' title='bbox 256 980 348 1021; x_wconf 88' lang='lat' dir='ltr'><strong>iure</strong></span> <span class='ocrx_word' id='word_1_103' title='bbox 389 981 717 1037; x_wconf 79' lang='lat' dir='ltr'><strong>magistratuum</strong></span> <span class='ocrx_word' id='word_1_104' title='bbox 754 983 932 1027; x_wconf 87' lang='lat' dir='ltr'><strong>ferenda</strong></span> <span class='ocrx_word' id='word_1_105' title='bbox 960 985 1222 1042; x_wconf 88' lang='lat' dir='ltr'><strong>obrogasset.</strong></span> <span class='ocrx_word' id='word_1_106' title='bbox 1284 986 1414 1040; x_wconf 82' lang='lat' dir='ltr'><strong>Quod</strong></span> <span class='ocrx_word' id='word_1_107' title='bbox 1443 987 1519 1031; x_wconf 88' lang='lat' dir='ltr'><strong>ubi</strong></span> <span class='ocrx_word' id='word_1_108' title='bbox 1556 988 1719 1045; x_wconf 85' lang='lat' dir='ltr'><strong>accepit</strong></span> 
     </span>
     <span class='ocr_line' id='line_1_13' title="bbox 174 1049 1716 1114; baseline 0.006 -21"><span class='ocrx_word' id='word_1_109' title='bbox 174 1049 357 1102; x_wconf 87' lang='lat' dir='ltr'><strong>Caesar,</strong></span> <span class='ocrx_word' id='word_1_110' title='bbox 398 1053 596 1108; x_wconf 91' lang='lat' dir='ltr'><strong>quoniam</strong></span> <span class='ocrx_word' id='word_1_111' title='bbox 633 1056 878 1111; x_wconf 90' lang='lat' dir='ltr'><strong>provinciae</strong></span> <span class='ocrx_word' id='word_1_112' title='bbox 913 1059 1257 1114; x_wconf 84' lang='lat' dir='ltr'><strong>prorogationem</strong></span> <span class='ocrx_word' id='word_1_113' title='bbox 1294 1059 1386 1102; x_wconf 90' lang='lat' dir='ltr'><strong>iure</strong></span> <span class='ocrx_word' id='word_1_114' title='bbox 1424 1059 1597 1102; x_wconf 87' lang='lat' dir='ltr'><strong>defendi</strong></span> <span class='ocrx_word' id='word_1_115' title='bbox 1633 1075 1716 1101; x_wconf 89' lang='lat' dir='ltr'><strong>non</strong></span> 
     </span>
     <span class='ocr_line' id='line_1_14' title="bbox 176 1125 1717 1189; baseline 0.006 -24"><span class='ocrx_word' id='word_1_116' title='bbox 176 1138 303 1180; x_wconf 87' lang='lat' dir='ltr'><strong>posse</strong></span> <span class='ocrx_word' id='word_1_117' title='bbox 336 1125 533 1177; x_wconf 87' lang='lat' dir='ltr'><strong>videbat,</strong></span> <span class='ocrx_word' id='word_1_118' title='bbox 563 1141 588 1168; x_wconf 91' lang='lat' dir='ltr'><strong>a</strong></span> <span class='ocrx_word' id='word_1_119' title='bbox 619 1134 768 1170; x_wconf 89' lang='lat' dir='ltr'><strong>senatu</strong></span> <span class='ocrx_word' id='word_1_120' title='bbox 793 1128 1018 1186; x_wconf 87' lang='lat' dir='ltr'><strong>impetrare</strong></span> <span class='ocrx_word' id='word_1_121' title='bbox 1049 1131 1268 1188; x_wconf 88' lang='lat' dir='ltr'><strong>cupiebat,</strong></span> <span class='ocrx_word' id='word_1_122' title='bbox 1299 1133 1415 1188; x_wconf 89' lang='lat' dir='ltr'><strong>quod</strong></span> <span class='ocrx_word' id='word_1_123' title='bbox 1442 1141 1565 1175; x_wconf 80' lang='lat' dir='ltr'><strong>antea</strong></span> <span class='ocrx_word' id='word_1_124' title='bbox 1589 1147 1614 1174; x_wconf 91' lang='lat' dir='ltr'><strong>a</strong></span> <span class='ocrx_word' id='word_1_125' title='bbox 1639 1147 1717 1189; x_wconf 91' lang='lat' dir='ltr'><strong>po-</strong></span> 
     </span>
     <span class='ocr_line' id='line_1_15' title="bbox 175 1196 1717 1264; baseline 0.005 -26"><span class='ocrx_word' id='word_1_126' title='bbox 175 1196 277 1252; x_wconf 93' lang='lat' dir='ltr'><strong>pulo</strong></span> <span class='ocrx_word' id='word_1_127' title='bbox 309 1197 456 1240; x_wconf 85' lang='lat' dir='ltr'><strong>datum</strong></span> <span class='ocrx_word' id='word_1_128' title='bbox 489 1205 594 1250; x_wconf 89' lang='lat' dir='ltr'><strong>erat,</strong></span> <span class='ocrx_word' id='word_1_129' title='bbox 622 1199 823 1243; x_wconf 91' lang='lat' dir='ltr'><strong>nimirum</strong></span> <span class='ocrx_word' id='word_1_130' title='bbox 854 1208 901 1243; x_wconf 94' lang='lat' dir='ltr'><strong>ut</strong></span> <span class='ocrx_word' id='word_1_131' title='bbox 929 1203 1092 1245; x_wconf 89' lang='lat' dir='ltr'><strong>tamdiu</strong></span> <span class='ocrx_word' id='word_1_132' title='bbox 1120 1204 1345 1260; x_wconf 89' lang='lat' dir='ltr'><strong>imperium</strong></span> <span class='ocrx_word' id='word_1_133' title='bbox 1371 1204 1582 1264; x_wconf 88' lang='lat' dir='ltr'><strong>retineret,</strong></span> <span class='ocrx_word' id='word_1_134' title='bbox 1612 1203 1717 1246; x_wconf 88' lang='lat' dir='ltr'><strong>dum</strong></span> 
     </span>
     <span class='ocr_line' id='line_1_16' title="bbox 172 1270 1716 1332; baseline 0.005 -22"><span class='ocrx_word' id='word_1_135' title='bbox 172 1270 324 1311; x_wconf 91' lang='lat' dir='ltr'><strong>consul</strong></span> <span class='ocrx_word' id='word_1_136' title='bbox 363 1270 675 1327; x_wconf 83' lang='lat' dir='ltr'><strong>designaretur.</strong></span> <span class='ocrx_word' id='word_1_137' title='bbox 734 1272 826 1315; x_wconf 90' lang='lat' dir='ltr'><strong>Nec</strong></span> <span class='ocrx_word' id='word_1_138' title='bbox 863 1274 907 1316; x_wconf 93' lang='lat' dir='ltr'><strong>in</strong></span> <span class='ocrx_word' id='word_1_139' title='bbox 945 1275 1026 1318; x_wconf 90' lang='lat' dir='ltr'><strong>hoc</strong></span> <span class='ocrx_word' id='word_1_140' title='bbox 1064 1277 1181 1332; x_wconf 89' lang='lat' dir='ltr'><strong>quod</strong></span> <span class='ocrx_word' id='word_1_141' title='bbox 1227 1293 1251 1319; x_wconf 91' lang='lat' dir='ltr'><strong>a</strong></span> <span class='ocrx_word' id='word_1_142' title='bbox 1288 1284 1436 1318; x_wconf 88' lang='lat' dir='ltr'><strong>senatu</strong></span> <span class='ocrx_word' id='word_1_143' title='bbox 1479 1276 1716 1332; x_wconf 88' lang='lat' dir='ltr'><strong>petebatur,</strong></span> 
     </span>
     <span class='ocr_line' id='line_1_17' title="bbox 171 1331 1716 1405; baseline 0.005 -23"><span class='ocrx_word' id='word_1_144' title='bbox 171 1331 281 1383; x_wconf 76' lang='lat' dir='ltr'><strong>illud</strong></span> <span class='ocrx_word' id='word_1_145' title='bbox 312 1342 503 1386; x_wconf 83' lang='lat' dir='ltr'><strong>defuisse</strong></span> <span class='ocrx_word' id='word_1_146' title='bbox 532 1344 742 1395; x_wconf 86' lang='lat' dir='ltr'><strong>existimo,</strong></span> <span class='ocrx_word' id='word_1_147' title='bbox 770 1353 818 1387; x_wconf 90' lang='lat' dir='ltr'><strong>ut</strong></span> <span class='ocrx_word' id='word_1_148' title='bbox 844 1346 991 1390; x_wconf 90' lang='lat' dir='ltr'><strong>liceret</strong></span> <span class='ocrx_word' id='word_1_149' title='bbox 1009 1348 1227 1391; x_wconf 84' lang='lat' dir='ltr'><strong>absentem</strong></span> <span class='ocrx_word' id='word_1_150' title='bbox 1248 1349 1466 1392; x_wconf 89' lang='lat' dir='ltr'><strong>consulem</strong></span> <span class='ocrx_word' id='word_1_151' title='bbox 1485 1348 1716 1405; x_wconf 86' lang='lat' dir='ltr'><strong>designari,</strong></span> 
     </span>
     <span class='ocr_line' id='line_1_18' title="bbox 175 1414 1548 1478; baseline 0.007 -24"><span class='ocrx_word' id='word_1_152' title='bbox 175 1414 249 1455; x_wconf 85' lang='lat' dir='ltr'><strong>sed</strong></span> <span class='ocrx_word' id='word_1_153' title='bbox 279 1414 504 1470; x_wconf 86' lang='lat' dir='ltr'><strong>Appianus</strong></span> <span class='ocrx_word' id='word_1_154' title='bbox 532 1432 665 1459; x_wconf 91' lang='lat' dir='ltr'><strong>unum</strong></span> <span class='ocrx_word' id='word_1_155' title='bbox 696 1419 952 1470; x_wconf 82' lang='lat' dir='ltr'><strong>nominavit,</strong></span> <span class='ocrx_word' id='word_1_156' title='bbox 983 1420 1163 1463; x_wconf 82' lang='lat' dir='ltr'><strong>alterum</strong></span> <span class='ocrx_word' id='word_1_157' title='bbox 1191 1422 1370 1478; x_wconf 80' lang='lat' dir='ltr'><strong>intelligi</strong></span> <span class='ocrx_word' id='word_1_158' title='bbox 1401 1422 1548 1464; x_wconf 88' lang='lat' dir='ltr'><strong>voluit.</strong></span> 
     </span>
     <span class='ocr_line' id='line_1_19' title="bbox 283 1485 1714 1544; baseline 0.006 -16"><span class='ocrx_word' id='word_1_159' title='bbox 283 1485 460 1529; x_wconf 85' lang='lat' dir='ltr'><strong>Certum</strong></span> <span class='ocrx_word' id='word_1_160' title='bbox 489 1488 624 1544; x_wconf 84' lang='lat' dir='ltr'><strong>igitur</strong></span> <span class='ocrx_word' id='word_1_161' title='bbox 650 1505 744 1532; x_wconf 84' lang='lat' dir='ltr'><strong>esse</strong></span> <span class='ocrx_word' id='word_1_162' title='bbox 775 1491 916 1542; x_wconf 91' lang='lat' dir='ltr'><strong>debet,</strong></span> <span class='ocrx_word' id='word_1_163' title='bbox 944 1507 1042 1534; x_wconf 93' lang='lat' dir='ltr'><strong>cum</strong></span> <span class='ocrx_word' id='word_1_164' title='bbox 1074 1491 1248 1536; x_wconf 87' lang='lat' dir='ltr'><strong>Caesari</strong></span> <span class='ocrx_word' id='word_1_165' title='bbox 1274 1494 1459 1544; x_wconf 90' lang='lat' dir='ltr'><strong>daretur,</strong></span> <span class='ocrx_word' id='word_1_166' title='bbox 1486 1494 1714 1537; x_wconf 73' lang='lat' dir='ltr'><strong>utabsens</strong></span> 
     </span>
     <span class='ocr_line' id='line_1_20' title="bbox 170 1561 1715 1622; baseline 0.006 -21"><span class='ocrx_word' id='word_1_167' title='bbox 170 1566 334 1615; x_wconf 89' lang='lat' dir='ltr'><strong>peteret</strong></span> <span class='ocrx_word' id='word_1_168' title='bbox 361 1561 653 1612; x_wconf 88' lang='lat' dir='ltr'><strong>consulatum,</strong></span> <span class='ocrx_word' id='word_1_169' title='bbox 690 1578 776 1605; x_wconf 87' lang='lat' dir='ltr'><strong>una</strong></span> <span class='ocrx_word' id='word_1_170' title='bbox 806 1564 951 1606; x_wconf 87' lang='lat' dir='ltr'><strong>datum</strong></span> <span class='ocrx_word' id='word_1_171' title='bbox 982 1580 1099 1615; x_wconf 87' lang='lat' dir='ltr'><strong>esse,</strong></span> <span class='ocrx_word' id='word_1_172' title='bbox 1137 1574 1185 1607; x_wconf 90' lang='lat' dir='ltr'><strong>ut</strong></span> <span class='ocrx_word' id='word_1_173' title='bbox 1217 1566 1479 1622; x_wconf 89' lang='lat' dir='ltr'><strong>provinciam</strong></span> <span class='ocrx_word' id='word_1_174' title='bbox 1506 1567 1611 1609; x_wconf 91' lang='lat' dir='ltr'><strong>dum</strong></span> <span class='ocrx_word' id='word_1_175' title='bbox 1640 1567 1715 1609; x_wconf 90' lang='lat' dir='ltr'><strong>de—</strong></span> 
     </span>
     <span class='ocr_line' id='line_1_21' title="bbox 169 1632 1716 1701; baseline 0.005 -27"><span class='ocrx_word' id='word_1_176' title='bbox 169 1632 424 1688; x_wconf 87' lang='lat' dir='ltr'><strong>signaretur,</strong></span> <span class='ocrx_word' id='word_1_177' title='bbox 456 1633 669 1677; x_wconf 86' lang='lat' dir='ltr'><strong>retineret.</strong></span> <span class='ocrx_word' id='word_1_178' title='bbox 727 1633 815 1678; x_wconf 87' lang='lat' dir='ltr'><strong>Sed</strong></span> <span class='ocrx_word' id='word_1_179' title='bbox 846 1638 1061 1692; x_wconf 88' lang='lat' dir='ltr'><strong>quomodo</strong></span> <span class='ocrx_word' id='word_1_180' title='bbox 1090 1637 1175 1679; x_wconf 90' lang='lat' dir='ltr'><strong>iam</strong></span> <span class='ocrx_word' id='word_1_181' title='bbox 1204 1638 1421 1681; x_wconf 89' lang='lat' dir='ltr'><strong>diversum</strong></span> <span class='ocrx_word' id='word_1_182' title='bbox 1450 1653 1544 1681; x_wconf 90' lang='lat' dir='ltr'><strong>esse</strong></span> <span class='ocrx_word' id='word_1_183' title='bbox 1574 1646 1716 1701; x_wconf 78' lang='lat' dir='ltr'><strong>potest</strong></span> 
     </span>
     <span class='ocr_line' id='line_1_22' title="bbox 166 1705 1714 1766; baseline 0.006 -22"><span class='ocrx_word' id='word_1_184' title='bbox 166 1705 297 1745; x_wconf 75' lang='lat' dir='ltr'><strong>abesse</strong></span> <span class='ocrx_word' id='word_1_185' title='bbox 326 1712 367 1746; x_wconf 89' lang='lat' dir='ltr'><strong>et</strong></span> <span class='ocrx_word' id='word_1_186' title='bbox 399 1709 578 1747; x_wconf 77' lang='lat' dir='ltr'><strong>retinere</strong></span> <span class='ocrx_word' id='word_1_187' title='bbox 601 1711 824 1749; x_wconf 68' lang='lat' dir='ltr'><strong>exercitum</strong></span> <span class='ocrx_word' id='word_1_188' title='bbox 838 1712 860 1750; x_wconf 76' lang='lat' dir='ltr'><em>P</em></span> <span class='ocrx_word' id='word_1_189' title='bbox 898 1709 1051 1751; x_wconf 89' lang='lat' dir='ltr'><strong>Nonne</strong></span> <span class='ocrx_word' id='word_1_190' title='bbox 1067 1710 1141 1765; x_wconf 92' lang='lat' dir='ltr'><strong>qui</strong></span> <span class='ocrx_word' id='word_1_191' title='bbox 1158 1710 1420 1766; x_wconf 85' lang='lat' dir='ltr'><strong>provinciam</strong></span> <span class='ocrx_word' id='word_1_192' title='bbox 1438 1711 1579 1761; x_wconf 90' lang='lat' dir='ltr'><strong>habet,</strong></span> <span class='ocrx_word' id='word_1_193' title='bbox 1601 1711 1714 1754; x_wconf 82' lang='lat' dir='ltr'><strong>idem</strong></span> 
     </span>
     <span class='ocr_line' id='line_1_23' title="bbox 166 1775 1711 1838; baseline 0.006 -21"><span class='ocrx_word' id='word_1_194' title='bbox 166 1775 293 1819; x_wconf 90' lang='lat' dir='ltr'><strong>habet</strong></span> <span class='ocrx_word' id='word_1_195' title='bbox 335 1778 596 1820; x_wconf 83' lang='lat' dir='ltr'><strong>exercitum?</strong></span> <span class='ocrx_word' id='word_1_196' title='bbox 658 1777 810 1831; x_wconf 86' lang='lat' dir='ltr'><strong>Certe,</strong></span> <span class='ocrx_word' id='word_1_197' title='bbox 853 1780 930 1823; x_wconf 87' lang='lat' dir='ltr'><strong>sed</strong></span> <span class='ocrx_word' id='word_1_198' title='bbox 971 1796 1055 1823; x_wconf 92' lang='lat' dir='ltr'><strong>non</strong></span> <span class='ocrx_word' id='word_1_199' title='bbox 1095 1788 1258 1824; x_wconf 87' lang='lat' dir='ltr'><strong>tantum</strong></span> <span class='ocrx_word' id='word_1_200' title='bbox 1292 1790 1497 1838; x_wconf 90' lang='lat' dir='ltr'><strong>quantum</strong></span> <span class='ocrx_word' id='word_1_201' title='bbox 1539 1781 1711 1826; x_wconf 85' lang='lat' dir='ltr'><strong>Caesar.</strong></span> 
     </span>
     <span class='ocr_line' id='line_1_24' title="bbox 164 1849 1712 1912; baseline 0.005 -21"><span class='ocrx_word' id='word_1_202' title='bbox 164 1849 405 1906; x_wconf 83' lang='lat' dir='ltr'><strong>Acceperat</strong></span> <span class='ocrx_word' id='word_1_203' title='bbox 433 1850 504 1893; x_wconf 90' lang='lat' dir='ltr'><strong>ille</strong></span> <span class='ocrx_word' id='word_1_204' title='bbox 537 1852 634 1909; x_wconf 88' lang='lat' dir='ltr'><strong>lege</strong></span> <span class='ocrx_word' id='word_1_205' title='bbox 665 1853 851 1903; x_wconf 82' lang='lat' dir='ltr'><strong>Vatinia,</strong></span> <span class='ocrx_word' id='word_1_206' title='bbox 883 1861 931 1895; x_wconf 89' lang='lat' dir='ltr'><strong>ut</strong></span> <span class='ocrx_word' id='word_1_207' title='bbox 961 1869 1164 1911; x_wconf 86' lang='lat' dir='ltr'><strong>magnum</strong></span> <span class='ocrx_word' id='word_1_208' title='bbox 1196 1855 1429 1897; x_wconf 89' lang='lat' dir='ltr'><strong>exercitum</strong></span> <span class='ocrx_word' id='word_1_209' title='bbox 1468 1870 1712 1912; x_wconf 84' lang='lat' dir='ltr'><strong>comparare</strong></span> 
     </span>
     <span class='ocr_line' id='line_1_25' title="bbox 162 1921 1712 1985; baseline 0.006 -23"><span class='ocrx_word' id='word_1_210' title='bbox 162 1921 321 1972; x_wconf 89' lang='lat' dir='ltr'><strong>liceret,</strong></span> <span class='ocrx_word' id='word_1_211' title='bbox 351 1937 431 1965; x_wconf 90' lang='lat' dir='ltr'><strong>nec</strong></span> <span class='ocrx_word' id='word_1_212' title='bbox 447 1923 516 1965; x_wconf 86' lang='lat' dir='ltr'><strong>lex</strong></span> <span class='ocrx_word' id='word_1_213' title='bbox 531 1924 737 1981; x_wconf 88' lang='lat' dir='ltr'><strong>Pompeia</strong></span> <span class='ocrx_word' id='word_1_214' title='bbox 755 1925 936 1976; x_wconf 87' lang='lat' dir='ltr'><strong>Licinia,</strong></span> <span class='ocrx_word' id='word_1_215' title='bbox 970 1941 1067 1968; x_wconf 89' lang='lat' dir='ltr'><strong>cum</strong></span> <span class='ocrx_word' id='word_1_216' title='bbox 1096 1926 1224 1968; x_wconf 91' lang='lat' dir='ltr'><strong>modo</strong></span> <span class='ocrx_word' id='word_1_217' title='bbox 1256 1927 1503 1970; x_wconf 86' lang='lat' dir='ltr'><strong>consulibus</strong></span> <span class='ocrx_word' id='word_1_218' title='bbox 1532 1943 1712 1985; x_wconf 87' lang='lat' dir='ltr'><strong>magnae</strong></span> 
     </span>
     <span class='ocr_line' id='line_1_26' title="bbox 163 1994 1710 2054; baseline 0.005 -19"><span class='ocrx_word' id='word_1_219' title='bbox 163 1994 407 2049; x_wconf 88' lang='lat' dir='ltr'><strong>provinciae</strong></span> <span class='ocrx_word' id='word_1_220' title='bbox 436 1995 685 2051; x_wconf 87' lang='lat' dir='ltr'><strong>infinitaque</strong></span> <span class='ocrx_word' id='word_1_221' title='bbox 713 1997 810 2038; x_wconf 89' lang='lat' dir='ltr'><strong>belli</strong></span> <span class='ocrx_word' id='word_1_222' title='bbox 838 1998 1015 2054; x_wconf 84' lang='lat' dir='ltr'><strong>gerendi</strong></span> <span class='ocrx_word' id='word_1_223' title='bbox 1045 2005 1232 2054; x_wconf 87' lang='lat' dir='ltr'><strong>potestas</strong></span> <span class='ocrx_word' id='word_1_224' title='bbox 1261 1999 1416 2041; x_wconf 89' lang='lat' dir='ltr'><strong>tradita</strong></span> <span class='ocrx_word' id='word_1_225' title='bbox 1445 2006 1600 2050; x_wconf 84' lang='lat' dir='ltr'><strong>essent,</strong></span> <span class='ocrx_word' id='word_1_226' title='bbox 1630 2000 1710 2042; x_wconf 91' lang='lat' dir='ltr'><strong>mi—</strong></span> 
     </span>
     <span class='ocr_line' id='line_1_27' title="bbox 162 2066 1711 2126; baseline 0.005 -19"><span class='ocrx_word' id='word_1_227' title='bbox 162 2081 243 2108; x_wconf 91' lang='lat' dir='ltr'><strong>nus</strong></span> <span class='ocrx_word' id='word_1_228' title='bbox 285 2066 323 2108; x_wconf 90' lang='lat' dir='ltr'><strong>ei</strong></span> <span class='ocrx_word' id='word_1_229' title='bbox 361 2067 597 2109; x_wconf 88' lang='lat' dir='ltr'><strong>concedere</strong></span> <span class='ocrx_word' id='word_1_230' title='bbox 637 2069 788 2124; x_wconf 90' lang='lat' dir='ltr'><strong>potuit.</strong></span> <span class='ocrx_word' id='word_1_231' title='bbox 849 2070 936 2112; x_wconf 74' lang='lat' dir='ltr'><strong>sed</strong></span> <span class='ocrx_word' id='word_1_232' title='bbox 975 2085 1072 2112; x_wconf 90' lang='lat' dir='ltr'><strong>cum</strong></span> <span class='ocrx_word' id='word_1_233' title='bbox 1108 2071 1212 2113; x_wconf 89' lang='lat' dir='ltr'><strong>haec</strong></span> <span class='ocrx_word' id='word_1_234' title='bbox 1247 2085 1416 2126; x_wconf 91' lang='lat' dir='ltr'><strong>quoque</strong></span> <span class='ocrx_word' id='word_1_235' title='bbox 1452 2071 1522 2113; x_wconf 90' lang='lat' dir='ltr'><strong>lex</strong></span> <span class='ocrx_word' id='word_1_236' title='bbox 1551 2072 1711 2115; x_wconf 89' lang='lat' dir='ltr'><strong>exisset</strong></span> 
     </span>
     <span class='ocr_line' id='line_1_28' title="bbox 163 2139 1708 2199; baseline 0.005 -20"><span class='ocrx_word' id='word_1_237' title='bbox 163 2145 291 2194; x_wconf 90' lang='lat' dir='ltr'><strong>atque</strong></span> <span class='ocrx_word' id='word_1_238' title='bbox 328 2139 508 2181; x_wconf 88' lang='lat' dir='ltr'><strong>alterum</strong></span> <span class='ocrx_word' id='word_1_239' title='bbox 539 2140 879 2196; x_wconf 90' lang='lat' dir='ltr'><strong>quinquennium</strong></span> <span class='ocrx_word' id='word_1_240' title='bbox 918 2143 1174 2199; x_wconf 90' lang='lat' dir='ltr'><strong>completum</strong></span> <span class='ocrx_word' id='word_1_241' title='bbox 1205 2149 1338 2193; x_wconf 87' lang='lat' dir='ltr'><strong>esset,</strong></span> <span class='ocrx_word' id='word_1_242' title='bbox 1366 2149 1531 2199; x_wconf 88' lang='lat' dir='ltr'><strong>poterat</strong></span> <span class='ocrx_word' id='word_1_243' title='bbox 1558 2143 1612 2187; x_wconf 87' lang='lat' dir='ltr'><strong>ab</strong></span> <span class='ocrx_word' id='word_1_244' title='bbox 1641 2159 1708 2186; x_wconf 90' lang='lat' dir='ltr'><strong>se-</strong></span> 
     </span>
     <span class='ocr_line' id='line_1_29' title="bbox 163 2211 1709 2273; baseline 0.005 -21"><span class='ocrx_word' id='word_1_245' title='bbox 163 2218 266 2253; x_wconf 89' lang='lat' dir='ltr'><strong>natu</strong></span> <span class='ocrx_word' id='word_1_246' title='bbox 308 2211 398 2253; x_wconf 88' lang='lat' dir='ltr'><strong>sine</strong></span> <span class='ocrx_word' id='word_1_247' title='bbox 424 2211 558 2254; x_wconf 89' lang='lat' dir='ltr'><strong>dubio</strong></span> <span class='ocrx_word' id='word_1_248' title='bbox 587 2212 715 2254; x_wconf 88' lang='lat' dir='ltr'><strong>adimi</strong></span> <span class='ocrx_word' id='word_1_249' title='bbox 745 2214 978 2265; x_wconf 87' lang='lat' dir='ltr'><strong>exercitus,</strong></span> <span class='ocrx_word' id='word_1_250' title='bbox 1009 2215 1132 2257; x_wconf 88' lang='lat' dir='ltr'><strong>cuius</strong></span> <span class='ocrx_word' id='word_1_251' title='bbox 1161 2222 1356 2271; x_wconf 85' lang='lat' dir='ltr'><strong>sumptus</strong></span> <span class='ocrx_word' id='word_1_252' title='bbox 1386 2214 1558 2271; x_wconf 89' lang='lat' dir='ltr'><strong>publice</strong></span> <span class='ocrx_word' id='word_1_253' title='bbox 1585 2231 1709 2273; x_wconf 87' lang='lat' dir='ltr'><strong>prae-</strong></span> 
     </span>
     <span class='ocr_line' id='line_1_30' title="bbox 160 2282 1707 2342; baseline 0.005 -17"><span class='ocrx_word' id='word_1_254' title='bbox 160 2282 347 2333; x_wconf 81' lang='lat' dir='ltr'><strong>beretur,</strong></span> <span class='ocrx_word' id='word_1_255' title='bbox 378 2284 454 2326; x_wconf 88' lang='lat' dir='ltr'><strong>sed</strong></span> <span class='ocrx_word' id='word_1_256' title='bbox 480 2285 699 2340; x_wconf 87' lang='lat' dir='ltr'><strong>provincia</strong></span> <span class='ocrx_word' id='word_1_257' title='bbox 733 2285 937 2340; x_wconf 90' lang='lat' dir='ltr'><strong>relinqui:</strong></span> <span class='ocrx_word' id='word_1_258' title='bbox 967 2302 1051 2342; x_wconf 91' lang='lat' dir='ltr'><strong>quo</strong></span> <span class='ocrx_word' id='word_1_259' title='bbox 1079 2287 1189 2328; x_wconf 85' lang='lat' dir='ltr'><strong>facto</strong></span> <span class='ocrx_word' id='word_1_260' title='bbox 1217 2286 1354 2327; x_wconf 89' lang='lat' dir='ltr'><strong>extitit</strong></span> <span class='ocrx_word' id='word_1_261' title='bbox 1374 2287 1496 2338; x_wconf 90' lang='lat' dir='ltr'><strong>illud,</strong></span> <span class='ocrx_word' id='word_1_262' title='bbox 1526 2296 1574 2331; x_wconf 84' lang='lat' dir='ltr'><strong>ut</strong></span> <span class='ocrx_word' id='word_1_263' title='bbox 1596 2287 1707 2332; x_wconf 82' lang='lat' dir='ltr'><strong>Cae-</strong></span> 
     </span>
     <span class='ocr_line' id='line_1_31' title="bbox 162 2355 1706 2413; baseline 0.005 -16"><span class='ocrx_word' id='word_1_264' title='bbox 162 2369 230 2397; x_wconf 89' lang='lat' dir='ltr'><strong>sar</strong></span> <span class='ocrx_word' id='word_1_265' title='bbox 258 2355 430 2411; x_wconf 91' lang='lat' dir='ltr'><strong>publice</strong></span> <span class='ocrx_word' id='word_1_266' title='bbox 461 2355 503 2397; x_wconf 89' lang='lat' dir='ltr'><strong>in</strong></span> <span class='ocrx_word' id='word_1_267' title='bbox 531 2356 721 2412; x_wconf 86' lang='lat' dir='ltr'><strong>regenda</strong></span> <span class='ocrx_word' id='word_1_268' title='bbox 746 2358 968 2413; x_wconf 89' lang='lat' dir='ltr'><strong>provincia</strong></span> <span class='ocrx_word' id='word_1_269' title='bbox 994 2358 1175 2408; x_wconf 85' lang='lat' dir='ltr'><strong>abesset,</strong></span> <span class='ocrx_word' id='word_1_270' title='bbox 1206 2359 1439 2400; x_wconf 84' lang='lat' dir='ltr'><strong>exercitum</strong></span> <span class='ocrx_word' id='word_1_271' title='bbox 1465 2367 1706 2404; x_wconf 88' lang='lat' dir='ltr'><strong>autemnon</strong></span> 
     </span>
     <span class='ocr_line' id='line_1_32' title="bbox 138 2427 1704 2488; baseline 0.003 -19"><span class='ocrx_word' id='word_1_272' title='bbox 138 2427 345 2483; x_wconf 35' lang='lat' dir='ltr'><strong>&#39;amplius</strong></span> <span class='ocrx_word' id='word_1_273' title='bbox 373 2428 587 2470; x_wconf 88' lang='lat' dir='ltr'><strong>retineret.</strong></span> <span class='ocrx_word' id='word_1_274' title='bbox 647 2428 920 2484; x_wconf 82' lang='lat' dir='ltr'><strong>Quamquam</strong></span> <span class='ocrx_word' id='word_1_275' title='bbox 950 2445 1047 2472; x_wconf 91' lang='lat' dir='ltr'><strong>cum</strong></span> <span class='ocrx_word' id='word_1_276' title='bbox 1071 2430 1140 2472; x_wconf 90' lang='lat' dir='ltr'><strong>ille</strong></span> <span class='ocrx_word' id='word_1_277' title='bbox 1170 2430 1388 2485; x_wconf 91' lang='lat' dir='ltr'><strong>paululum</strong></span> <span class='ocrx_word' id='word_1_278' title='bbox 1418 2432 1621 2488; x_wconf 85' lang='lat' dir='ltr'><strong>temporis</strong></span> <span class='ocrx_word' id='word_1_279' title='bbox 1651 2433 1704 2475; x_wconf 86' lang='lat' dir='ltr'><strong>ad</strong></span> 
     </span>
     <span class='ocr_line' id='line_1_33' title="bbox 158 2500 1705 2560; baseline 0.003 -18"><span class='ocrx_word' id='word_1_280' title='bbox 158 2500 422 2556; x_wconf 88' lang='lat' dir='ltr'><strong>provinciam</strong></span> <span class='ocrx_word' id='word_1_281' title='bbox 455 2500 536 2543; x_wconf 87' lang='lat' dir='ltr'><strong>sibi</strong></span> <span class='ocrx_word' id='word_1_282' title='bbox 566 2501 691 2544; x_wconf 88' lang='lat' dir='ltr'><strong>adiici</strong></span> <span class='ocrx_word' id='word_1_283' title='bbox 726 2507 912 2557; x_wconf 85' lang='lat' dir='ltr'><strong>cuperet,</strong></span> <span class='ocrx_word' id='word_1_284' title='bbox 942 2503 1013 2543; x_wconf 89' lang='lat' dir='ltr'><strong>vix</strong></span> <span class='ocrx_word' id='word_1_285' title='bbox 1044 2517 1196 2558; x_wconf 85' lang='lat' dir='ltr'><strong>operae</strong></span> <span class='ocrx_word' id='word_1_286' title='bbox 1224 2502 1405 2558; x_wconf 89' lang='lat' dir='ltr'><strong>pretium</strong></span> <span class='ocrx_word' id='word_1_287' title='bbox 1434 2510 1543 2553; x_wconf 89' lang='lat' dir='ltr'><strong>erat,</strong></span> <span class='ocrx_word' id='word_1_288' title='bbox 1583 2519 1705 2560; x_wconf 88' lang='lat' dir='ltr'><strong>sepa-</strong></span> 
     </span>
     <span class='ocr_line' id='line_1_34' title="bbox 158 2573 1702 2632; baseline 0.003 -19"><span class='ocrx_word' id='word_1_289' title='bbox 158 2578 247 2614; x_wconf 87' lang='lat' dir='ltr'><strong>rato</strong></span> <span class='ocrx_word' id='word_1_290' title='bbox 275 2573 328 2614; x_wconf 87' lang='lat' dir='ltr'><strong>ab</strong></span> <span class='ocrx_word' id='word_1_291' title='bbox 356 2573 580 2629; x_wconf 91' lang='lat' dir='ltr'><strong>provincia</strong></span> <span class='ocrx_word' id='word_1_292' title='bbox 613 2573 803 2616; x_wconf 87' lang='lat' dir='ltr'><strong>exercitu</strong></span> <span class='ocrx_word' id='word_1_293' title='bbox 831 2573 947 2616; x_wconf 90' lang='lat' dir='ltr'><strong>hunc</strong></span> <span class='ocrx_word' id='word_1_294' title='bbox 973 2574 1127 2616; x_wconf 91' lang='lat' dir='ltr'><strong>dimitti</strong></span> <span class='ocrx_word' id='word_1_295' title='bbox 1161 2574 1325 2626; x_wconf 88' lang='lat' dir='ltr'><strong>iubere,</strong></span> <span class='ocrx_word' id='word_1_296' title='bbox 1354 2574 1469 2616; x_wconf 86' lang='lat' dir='ltr'><strong>illam</strong></span> <span class='ocrx_word' id='word_1_297' title='bbox 1499 2575 1702 2632; x_wconf 82' lang='lat' dir='ltr'><strong>relinqui3</strong></span> 
     </span>
     <span class='ocr_line' id='line_1_35' title="bbox 157 2645 1703 2703; baseline 0.003 -17"><span class='ocrx_word' id='word_1_298' title='bbox 157 2645 338 2687; x_wconf 84' lang='lat' dir='ltr'><strong>fortasse</strong></span> <span class='ocrx_word' id='word_1_299' title='bbox 369 2645 492 2687; x_wconf 87' lang='lat' dir='ltr'><strong>etiam</strong></span> <span class='ocrx_word' id='word_1_300' title='bbox 526 2652 671 2688; x_wconf 90' lang='lat' dir='ltr'><strong>contra</strong></span> <span class='ocrx_word' id='word_1_301' title='bbox 698 2660 859 2687; x_wconf 91' lang='lat' dir='ltr'><strong>morem</strong></span> <span class='ocrx_word' id='word_1_302' title='bbox 889 2652 1076 2688; x_wconf 86' lang='lat' dir='ltr'><strong>veterem</strong></span> <span class='ocrx_word' id='word_1_303' title='bbox 1104 2653 1205 2696; x_wconf 90' lang='lat' dir='ltr'><strong>erat,</strong></span> <span class='ocrx_word' id='word_1_304' title='bbox 1234 2654 1282 2688; x_wconf 89' lang='lat' dir='ltr'><strong>ut</strong></span> <span class='ocrx_word' id='word_1_305' title='bbox 1308 2653 1448 2690; x_wconf 87' lang='lat' dir='ltr'><strong>rector</strong></span> <span class='ocrx_word' id='word_1_306' title='bbox 1462 2647 1703 2703; x_wconf 86' lang='lat' dir='ltr'><strong>provinciae</strong></span> 
     </span>
     <span class='ocr_line' id='line_1_36' title="bbox 158 2716 1703 2775; baseline 0.002 -17"><span class='ocrx_word' id='word_1_307' title='bbox 158 2717 355 2773; x_wconf 89' lang='lat' dir='ltr'><strong>adempto</strong></span> <span class='ocrx_word' id='word_1_308' title='bbox 385 2718 575 2760; x_wconf 88' lang='lat' dir='ltr'><strong>exercitu</strong></span> <span class='ocrx_word' id='word_1_309' title='bbox 606 2725 745 2760; x_wconf 89' lang='lat' dir='ltr'><strong>tamen</strong></span> <span class='ocrx_word' id='word_1_310' title='bbox 773 2726 1022 2760; x_wconf 88' lang='lat' dir='ltr'><strong>remaneret.</strong></span> <span class='ocrx_word' id='word_1_311' title='bbox 1060 2719 1210 2774; x_wconf 90' lang='lat' dir='ltr'><strong>Itaque</strong></span> <span class='ocrx_word' id='word_1_312' title='bbox 1243 2716 1396 2761; x_wconf 88' lang='lat' dir='ltr'><strong>Cicero</strong></span> <span class='ocrx_word' id='word_1_313' title='bbox 1426 2726 1468 2761; x_wconf 89' lang='lat' dir='ltr'><strong>et</strong></span> <span class='ocrx_word' id='word_1_314' title='bbox 1497 2719 1703 2775; x_wconf 87' lang='lat' dir='ltr'><strong>exiguum</strong></span> 
     </span>
     <span class='ocr_line' id='line_1_37' title="bbox 156 2789 1702 2847; baseline 0.002 -17"><span class='ocrx_word' id='word_1_315' title='bbox 156 2789 378 2844; x_wconf 88' lang='lat' dir='ltr'><strong>potestatis</strong></span> <span class='ocrx_word' id='word_1_316' title='bbox 408 2789 638 2833; x_wconf 89' lang='lat' dir='ltr'><strong>discrimen</strong></span> <span class='ocrx_word' id='word_1_317' title='bbox 671 2796 712 2831; x_wconf 87' lang='lat' dir='ltr'><strong>et</strong></span> <span class='ocrx_word' id='word_1_318' title='bbox 737 2790 1092 2833; x_wconf 89' lang='lat' dir='ltr'><strong>consuetudinem</strong></span> <span class='ocrx_word' id='word_1_319' title='bbox 1117 2798 1312 2847; x_wconf 88' lang='lat' dir='ltr'><strong>spectans</strong></span> <span class='ocrx_word' id='word_1_320' title='bbox 1337 2791 1572 2833; x_wconf 89' lang='lat' dir='ltr'><strong>rectissime</strong></span> <span class='ocrx_word' id='word_1_321' title='bbox 1595 2791 1702 2834; x_wconf 88' lang='lat' dir='ltr'><strong>scri·-</strong></span> 
     </span>
     <span class='ocr_line' id='line_1_38' title="bbox 156 2860 1701 2916; baseline 0.003 -14"><span class='ocrx_word' id='word_1_322' title='bbox 156 2860 261 2916; x_wconf 88' lang='lat' dir='ltr'><strong>psit,</strong></span> <span class='ocrx_word' id='word_1_323' title='bbox 296 2876 395 2902; x_wconf 91' lang='lat' dir='ltr'><strong>cum</strong></span> <span class='ocrx_word' id='word_1_324' title='bbox 437 2876 572 2902; x_wconf 91' lang='lat' dir='ltr'><strong>unum</strong></span> <span class='ocrx_word' id='word_1_325' title='bbox 609 2861 756 2903; x_wconf 85' lang='lat' dir='ltr'><strong>datum</strong></span> <span class='ocrx_word' id='word_1_326' title='bbox 795 2871 920 2912; x_wconf 89' lang='lat' dir='ltr'><strong>esset,</strong></span> <span class='ocrx_word' id='word_1_327' title='bbox 959 2863 1139 2904; x_wconf 89' lang='lat' dir='ltr'><strong>alterum</strong></span> <span class='ocrx_word' id='word_1_328' title='bbox 1175 2879 1261 2905; x_wconf 91' lang='lat' dir='ltr'><strong>una</strong></span> <span class='ocrx_word' id='word_1_329' title='bbox 1290 2864 1435 2906; x_wconf 89' lang='lat' dir='ltr'><strong>datum</strong></span> <span class='ocrx_word' id='word_1_330' title='bbox 1465 2878 1559 2906; x_wconf 85' lang='lat' dir='ltr'><strong>esse</strong></span> <span class='ocrx_word' id='word_1_331' title='bbox 1572 2880 1582 2913; x_wconf 92' lang='lat'>;</span> <span class='ocrx_word' id='word_1_332' title='bbox 1622 2878 1701 2906; x_wconf 89' lang='lat' dir='ltr'><strong>nec</strong></span> 
     </span>
    </p>
   </div>
  </div>
 </body>
</html>
