1846 3100
547 147 602 180 De
627 145 741 180 Gallia
767 145 1000 178 Romanorum
1032 144 1217 187 provincia.
1601 139 1651 182 61

110 257 298 302 Galliam
326 257 469 301 ibatur
499 256 624 312 (Sall.
654 253 748 298 Cat.
781 268 817 297 c.
849 253 938 307 58),
968 259 1016 294 ut
1041 267 1193 296 rursus
1225 268 1336 303 eum,
1369 252 1441 307 qui
1471 251 1658 294 Galliam

109 331 373 388 provinciam
403 329 664 386 accepisset,
710 327 752 368 in
779 325 903 367 Italia
939 340 1030 367 rem
1066 325 1256 382 gessisse
1289 325 1527 368 videamus.
1583 323 1658 374 At,

113 403 279 459 inquiat
307 402 486 459 aliquis,
514 402 674 443 factum
703 398 786 441 hoc
816 397 870 440 sit
898 397 943 438 in
970 396 1084 439 bello
1115 395 1384 446 Catilinario,
1428 404 1476 438 ut
1506 396 1558 438 iis
1586 396 1659 451 qui

113 475 299 518 Galliam
338 474 603 523 obtinerent,
646 478 819 513 senatus
862 469 970 511 fines
1011 469 1256 526 provinciae
1303 484 1405 512 suae
1450 468 1658 511 excedere

112 547 384 603 vicinamque
415 545 601 589 Galliam
641 543 751 586 tueri
787 542 1074 599 permitteret,
1114 542 1191 584 sed
1230 548 1276 583 ut
1312 556 1480 598 semper
1517 540 1662 583 Gallia

113 635 211 662 cum
241 619 365 662 Italia
404 618 632 660 coniuncta
666 630 761 658 esse
802 614 1019 657 consuerit
1056 629 1140 656 non
1174 614 1379 669 sequitur.
1432 613 1584 669 Neque
1615 613 1660 654 id

113 692 268 734 vellem
300 690 446 746 sequi,
482 689 566 731 nisi
596 695 637 730 et
666 687 760 730 aliis
789 686 1053 741 argumentis
1083 693 1125 728 et
1159 693 1397 742 temporum
1427 701 1536 742 quae
1564 692 1661 727 ante

113 763 168 805 L.
186 762 351 806 Sullam
378 763 553 805 fuerunt
581 759 859 803 similitudine
887 774 1094 801 moverer.
1147 757 1422 813 Quamquam
1454 758 1661 800 faciamus

114 835 281 878 Galliae
311 835 418 877 fines
457 834 592 875 fuisse
624 847 719 882 eos,
763 830 1033 886 quosvulgo
1062 837 1236 886 putant,
1273 846 1414 873 nonne
1456 830 1511 872 ad
1551 830 1662 871 duos

112 909 412 965 imperatores,
443 905 601 961 quibus
633 903 817 947 Galliam
851 903 1121 945 commissam
1150 918 1244 946 esse
1272 903 1486 953 diximus,
1515 901 1662 958 impri-

113 981 195 1023 mis
221 979 525 1036 adiungendus
557 984 647 1018 erat
677 976 842 1026 tertius,
871 975 945 1031 qui
976 975 1144 1031 proprie
1174 975 1340 1018 Italiam
1373 975 1580 1017 seditione
1614 988 1663 1015 ac

119 1052 342 1108 multiplici
369 1050 558 1093 tumultu
587 1048 875 1105 perturbatam
905 1048 1127 1089 tueretur?
1168 1050 1227 1089 At
1255 1048 1467 1090 neminem
1498 1052 1661 1088 constat

115 1125 294 1182 imperio
324 1139 419 1166 esse
451 1129 648 1164 ornatum
671 1127 840 1177 praeter
867 1118 917 1162 C.
944 1119 1182 1162 Antonium
1214 1128 1256 1162 et
1284 1120 1339 1174 Q.
1371 1119 1610 1162 Metellum.

227 1197 373 1251 Atque
402 1195 507 1237 haec
537 1194 711 1250 quidem
741 1193 794 1234 de
825 1208 874 1235 eo
905 1207 1016 1234 anno
1047 1193 1231 1234 dicenda
1259 1200 1399 1242 erant,
1433 1193 1556 1234 euius
1587 1207 1659 1234 co-

117 1268 278 1326 piosior
306 1283 356 1310 ae
388 1268 542 1310 certior
569 1266 774 1308 memoria
802 1271 931 1306 extat.
990 1264 1199 1321 Superest
1236 1272 1399 1315 autem,
1435 1273 1663 1320 antequam

117 1340 303 1384 Galliam
333 1338 595 1396 Cisalpinam
627 1352 720 1380 eam
752 1352 880 1392 quam
905 1337 1077 1392 proprie
1103 1337 1367 1394 appellamus
1399 1338 1663 1393 provinciam

118 1414 274 1455 factam
297 1427 392 1454 esse
416 1426 566 1453 sumus
585 1409 931 1459 demonstraturi,
963 1409 1205 1459 triennium,
1239 1409 1363 1452 cuius
1395 1409 1529 1465 primo
1554 1425 1665 1451 anno

119 1485 318 1527 consules
367 1485 541 1526 fuerunt
581 1483 640 1525 D.
672 1481 826 1524 Iunius
868 1479 1042 1523 Silanus
1078 1488 1119 1524 et
1149 1481 1203 1523 L.
1234 1481 1431 1524 Licinius
1468 1482 1665 1524 Murena.

119 1557 284 1599 Eorum
317 1556 386 1598 hic
416 1557 500 1599 iam
533 1571 586 1598 ex
612 1560 811 1612 praetura
837 1568 948 1596 anno
975 1554 1028 1596 65
1061 1562 1183 1610 gesta
1203 1553 1388 1596 Galliam
1414 1553 1666 1595 Narbonen-

120 1644 210 1672 sem
250 1629 457 1672 habuerat
485 1626 600 1684 (Cie.
630 1643 670 1684 p.
698 1626 815 1668 Mur.
846 1626 900 1668 ‘20
936 1633 978 1668 et
1008 1627 1103 1680 41),
1145 1641 1273 1682 quam
1310 1626 1436 1667 etiam
1474 1640 1584 1668 anno
1612 1625 1665 1668 63

121 1717 219 1745 cum
253 1701 524 1744 consulatum
553 1698 739 1756 petebat,
767 1714 844 1754 per
874 1696 1034 1740 Gaium
1062 1699 1237 1740 fratrem
1268 1698 1453 1741 obtinuit
1483 1696 1596 1754 (Cic.
1625 1713 1666 1754 p.

119 1774 236 1817 Mur.
268 1774 342 1825 413
381 1774 484 1817 Sall.
516 1771 612 1816 Cat.
641 1772 742 1826 42),
779 1770 856 1813 sed
894 1778 993 1826 post
1031 1771 1301 1813 consulatum
1338 1771 1398 1813 ita
1435 1786 1519 1813 non
1549 1785 1666 1813 com-

74 1900 77 1903 ,
121 1853 400 1897 memoratur,
449 1853 498 1889 ut
535 1861 633 1888 eum
675 1844 918 1887 existimare
953 1842 1209 1893 debeamus,
1254 1858 1352 1885 cum
1387 1843 1665 1899 deponendae

120 1919 367 1975 provinciae
397 1919 558 1961 nullam
586 1933 759 1960 causam
790 1917 979 1966 haberet,
1011 1931 1117 1966 eam,
1148 1931 1257 1971 quae
1289 1915 1464 1957 minima
1495 1915 1668 1971 negotia

122 1990 356 2041 exhiberet,
386 1992 413 2033 i.
444 2007 480 2033 e.
507 1990 672 2033 Italiam
702 1988 974 2044 Galliamque
1003 1988 1254 2030 obtinuisse.
1310 1987 1518 2036 Accedit,
1549 1985 1666 2041 quod

123 2063 288 2119 collega
323 2063 414 2105 eius
445 2062 503 2104 D.
539 2061 713 2105 Silanus
753 2068 794 2103 et
829 2061 1076 2117 provinciae
1111 2068 1154 2102 et
1192 2059 1396 2116 triumphi
1432 2057 1667 2115 cupiditate

123 2134 299 2177 ardebat
328 2134 646 2189 excusabatque
677 2134 802 2176 facile
832 2149 923 2175 eam
956 2133 1256 2189 cupiditatem,
1295 2131 1413 2188 quod
1453 2146 1506 2173 ex
1544 2144 1668 2186 prae-

123 2215 238 2257 tura,
282 2222 412 2262 quam
452 2207 553 2248 item
582 2221 692 2248 anno
723 2207 776 2249 65
806 2206 979 2248 videtur
1015 2204 1224 2260 gessisse,
1267 2204 1430 2246 nullam
1467 2203 1669 2245 maiorem

123 2278 386 2335 provinciam
419 2286 600 2321 rexerat.
638 2278 788 2333 Itaque
814 2292 839 2318 a
869 2275 1078 2319 Cicerone
1106 2277 1150 2319 in
1184 2277 1270 2319 Pis.
1302 2291 1338 2319 e.
1369 2275 1423 2318 26
1452 2276 1563 2317 inter
1596 2289 1668 2316 eos

124 2350 381 2401 nominatur,
412 2350 485 2405 qui
508 2349 798 2406 triumphandi
820 2349 1053 2405 cupiditate
1079 2349 1242 2391 incensi
1261 2347 1524 2405 provinciam
1543 2346 1668 2403 flagi-

125 2423 266 2473 tarint,
294 2438 421 2478 quam
449 2429 562 2465 certe
593 2437 678 2464 non
706 2421 847 2463 minus
873 2428 1098 2464 assecutus
1129 2427 1193 2463 est
1223 2435 1351 2476 quam
1381 2419 1534 2474 reliqui
1561 2433 1669 2474 quos

127 2492 281 2537 Cicero
328 2495 463 2536 affert.
527 2491 616 2536 Sed
658 2509 787 2550 quam
826 2494 997 2536 tandem
1035 2492 1215 2536 habuit?
1271 2491 1455 2547 Pighius
1495 2489 1671 2546 quidem

125 2566 283 2610 Annal.
314 2566 382 2609 ΠΙ
423 2582 463 2623 p.
505 2566 582 2609 341
626 2581 724 2609 cum
764 2566 894 2608 huius
934 2566 1032 2608 anni
1079 2563 1330 2608 consulibus
1366 2562 1586 2618 Illyricum
1630 2569 1671 2604 et

128 2638 376 2694 Bithyniam
405 2639 619 2682 decretam
659 2646 785 2694 atque
820 2652 967 2680 earum
1004 2638 1249 2680 alterutram
1280 2635 1426 2678 Silano
1463 2634 1670 2690 obtigisse

131 2711 386 2760 censuisset,
403 2717 518 2753 recte
545 2711 797 2753 emendatur
814 2726 840 2752 a
854 2709 1093 2765 Borghesio
1111 2709 1154 2750 in
1173 2708 1328 2751 Annal.
1348 2707 1446 2749 inst.
1463 2705 1671 2748 archaeol.

128 2783 227 2824 anni
262 2782 368 2825 1849
395 2798 436 2839 p.
466 2782 551 2832 66;
580 2797 678 2824 nam
707 2782 952 2838 Bithyniam
978 2789 1080 2823 tunc
1109 2781 1303 2837 paruisse
1326 2780 1384 2821 ait
1414 2778 1475 2820 illi
1505 2776 1556 2820 C.
1586 2777 1672 2819 Pa-

50 2902 55 2909 *
128 2854 236 2910 pirio
266 2853 477 2904 Carboni,
516 2855 640 2897 cuius
671 2869 842 2897 causam
874 2854 962 2896 Dio
990 2853 1229 2903 XXXVI,
1265 2852 1318 2894 23
1347 2857 1509 2900 narrat,
1545 2864 1674 2904 quem
