1846 3100
126 969 278 1054 Quod
298 989 360 1031 'in
399 988 663 1045 antiquitatis
703 987 881 1031 scientia
916 1001 1176 1044 magnopere
1217 985 1453 1043 optandum
1492 992 1579 1033 est,
1624 990 1672 1025 ut

123 1077 209 1104 non
238 1062 367 1105 modo
394 1076 504 1118 quae
533 1062 729 1104 fortunae
758 1060 946 1117 quodam
973 1059 1182 1102 beneficio
1204 1064 1363 1108 extant,
1391 1056 1673 1099 emendentur

123 1141 250 1191 atque
281 1134 569 1191 explicentur,
601 1149 749 1176 verum
780 1133 920 1183 etiam,
951 1139 1000 1174 ut
1029 1147 1142 1174 nova
1172 1136 1467 1179 monumenta,
1512 1128 1672 1184 quibus

125 1207 312 1265 cognitio
339 1215 486 1250 nostra
511 1214 734 1263 augeatur,
763 1206 806 1248 in
835 1206 976 1248 lucem
1001 1205 1235 1260 oculosque
1263 1209 1432 1244 nostros
1450 1201 1673 1258 prodeant,

123 1280 169 1322 id
207 1280 252 1322 in
287 1280 406 1323 nullo
445 1294 602 1336 genere
633 1278 803 1321 facilius
834 1286 875 1319 et
905 1283 1046 1333 potest
1073 1276 1166 1318 fieri
1198 1282 1239 1317 et
1268 1274 1316 1316 fit
1345 1289 1474 1330 quam
1506 1273 1551 1314 in
1582 1272 1673 1329 epi-

125 1353 340 1410 graphico.
409 1351 542 1406 Quod
581 1366 680 1394 cum
718 1351 806 1393 fere
842 1365 925 1392 non
963 1365 1016 1391 ex
1050 1348 1274 1391 codicibus
1303 1346 1511 1401 librisque
1543 1361 1672 1388 manu

126 1426 310 1482 scriptis,
338 1440 521 1481 quorum
550 1424 742 1466 studium
769 1422 1108 1465 vetustissimum
1133 1427 1210 1471 est,
1242 1419 1440 1476 pendeat,
1473 1419 1550 1462 sed
1574 1434 1673 1475 par-

125 1498 202 1540 tim
239 1513 292 1540 ex
331 1513 456 1548 casu,
502 1511 588 1553 quo
627 1510 737 1552 quae
768 1495 813 1536 in
844 1502 956 1536 terra
982 1493 1201 1536 latuerunt
1231 1499 1352 1535 eruta
1380 1491 1673 1547 proferuntur,

125 1571 279 1628 partim
316 1586 369 1614 ex
403 1569 616 1612 industria
645 1569 850 1618 humana,
894 1582 977 1623 qua
1012 1573 1155 1623 partes
1185 1564 1354 1622 imperii
1384 1563 1566 1606 Romani
1599 1563 1675 1605 diu

124 1645 296 1701 ignotae
326 1642 531 1700 paulatim
566 1642 862 1698 explorantur,
904 1639 1039 1681 multa
1069 1653 1196 1694 saepe
1225 1636 1523 1687 inveniuntur,
1565 1651 1675 1692 quae

126 1716 248 1758 novis
279 1714 486 1758 subsidiis
515 1712 890 1756 subministrandis
911 1712 1029 1767 ipsos
1047 1711 1285 1753 litterarum
1304 1716 1547 1752 nostrarum
1567 1709 1675 1752 fines

127 1787 400 1845 amplificent.
459 1786 610 1841 Itaque
651 1792 692 1828 et
727 1785 771 1826 in
808 1784 931 1827 Italia
965 1782 1174 1840 plurimae
1203 1782 1505 1838 inscriptiones
1539 1796 1676 1824 novae

126 1861 410 1910 innotescunt,
440 1873 621 1915 quarum
651 1857 724 1900 vix
751 1857 840 1899 ulla
867 1864 945 1907 est,
977 1870 1086 1911 quae
1117 1854 1153 1897 si
1177 1854 1404 1910 diligenter
1425 1854 1676 1910 explicetur,

128 1949 214 1976 non
245 1933 300 1976 ad
330 1932 517 1988 aliquam
546 1930 809 1986 antiquitatis
837 1938 1000 1986 partem
1030 1927 1190 1970 rectius
1221 1926 1565 1969 constituendam
1600 1927 1677 1969 ad·-

127 2007 261 2056 iuvet,
286 2011 328 2048 et
352 2005 398 2046 in
414 2003 565 2046 Africa
587 2002 768 2059 aliisque
795 2001 1046 2058 regionibus
1072 1999 1174 2042 olim
1198 1999 1405 2049 barbaris,
1431 2013 1546 2041 nunc
1570 2013 1678 2055 pau-

128 2079 245 2122 latim
283 2076 535 2119 humanitati
562 2082 732 2118 nostrae
761 2074 943 2132 perviis,
985 2088 1035 2116 ea
1067 2072 1276 2120 existunt,
1318 2086 1427 2128 quae
1463 2071 1679 2128 insignem

130 2167 180 2195 ac
217 2165 348 2207 prope
382 2149 641 2204 insperatam
678 2162 819 2190 rerum
846 2146 1138 2189 Romanarum
1171 2144 1457 2200 cognitionem
1487 2143 1678 2186 afferant.

131 2224 401 2278 Quamquam
441 2220 625 2277 plurima
658 2218 908 2262 huiusmodi
947 2218 1111 2260 minora
1150 2223 1272 2266 sunt,
1314 2231 1367 2258 ex
1407 2214 1564 2271 quibus
1606 2215 1680 2271 qui

130 2295 248 2353 quod
277 2294 331 2338 ad
358 2292 654 2349 antiquitatem
682 2291 1028 2347 cognoscendam
1056 2290 1204 2346 prosit,
1235 2288 1388 2331 elicere
1418 2287 1533 2338 velit,
1565 2295 1681 2330 tanta

132 2368 195 2412 uti
230 2367 385 2411 debeat
419 2372 462 2408 et
490 2363 798 2420 interpretandi
830 2363 1060 2420 sagacitate
1094 2369 1136 2404 et
1166 2360 1320 2404 similia
1351 2359 1584 2416 colligendi
1613 2359 1680 2402 in-

131 2440 316 2490 dustria,
355 2446 404 2481 ut
439 2437 524 2494 ipsi
557 2437 657 2493 plus
693 2451 819 2493 quam
856 2434 1140 2478 monumentis
1173 2432 1394 2475 debeatur.
1453 2430 1542 2474 Sed
1572 2447 1681 2475 non-

132 2527 353 2568 nunquam
384 2510 511 2553 etiam
538 2525 588 2552 ea
617 2509 760 2552 subito
789 2509 992 2558 existunt,
1023 2521 1133 2563 quae
1162 2506 1258 2561 ipsa
1282 2504 1401 2547 nullo
1427 2505 1680 2548 eruditionis

132 2585 377 2627 adiumento
407 2581 628 2625 scientiam
655 2589 845 2624 nostram
875 2587 1083 2636 augeant,
1113 2592 1222 2634 quae
1251 2577 1338 2619 fere
1369 2591 1419 2619 eo
1447 2576 1585 2633 pluris
1615 2577 1681 2618 fa-

133 2655 285 2699 cienda
326 2663 446 2706 sunt,
486 2653 602 2710 quod
640 2667 726 2695 non
762 2667 839 2709 per
874 2652 1145 2695 librariorum
1179 2648 1435 2705 imperitiam
1467 2655 1680 2705 corrupta,

135 2728 211 2770 sed
249 2727 391 2784 qualia
429 2727 587 2783 scripta
625 2731 764 2776 erant,
809 2739 889 2767 nec
926 2724 1108 2766 aliorum
1145 2720 1418 2778 opinionibus
1446 2720 1681 2770 immutata,

135 2799 212 2842 sed
246 2799 421 2856 publica
457 2798 581 2855 quasi
617 2797 704 2840 fide
739 2797 895 2840 tradita
930 2795 986 2837 ad
1020 2809 1099 2837 nos
1138 2798 1436 2849 pervenerunt.
1496 2791 1565 2834 Ex
1595 2806 1681 2848 quo

136 2885 293 2928 genere
321 2871 426 2914 nihil
454 2877 542 2922 est,
582 2869 698 2927 quod
733 2868 918 2914 conferri
949 2867 1084 2925 possit
1112 2880 1211 2909 cum
1239 2863 1409 2908 duabus
1439 2863 1682 2922 inscriptio-
