1846 3100
243 145 324 188 302
648 150 703 181 De
728 149 862 191 legibus
885 150 1147 192 municipalibus
1172 151 1379 194 Hispanicis.

241 257 434 300 Romano
452 258 624 314 legibus
641 267 806 300 tantum
820 258 912 300 fieri
931 259 1166 315 oportebat.
1194 260 1283 302 Iam
1301 262 1507 305 nonnulla
1521 277 1576 307 ex
1593 263 1660 314 iis,
1677 278 1788 320 quae

243 330 365 372 Sulla
395 331 694 380 constituebat,
728 331 854 373 ctiam
886 347 910 373 a
944 332 1104 387 populo
1134 332 1425 376 confirmanda
1453 336 1678 386 curaverit,
1710 336 1786 379 sed

239 403 423 458 plurima
453 411 564 445 certe
595 418 647 445 ex
678 403 774 459 lege
793 403 967 445 Valeria
996 403 1096 459 egit,
1122 419 1261 459 neque
1287 420 1337 447 ea
1360 406 1500 449 minus
1519 407 1644 451 firma
1657 423 1786 464 quam

238 475 402 531 reliqua
447 475 812 518 existimabantur.
884 473 953 517 Cf.
997 473 1236 518 Coniment.
1282 477 1502 534 epigraph.
1543 480 1561 520 l
1607 495 1650 535 p.
1690 480 1784 522 246.

241 547 403 589 Similis
430 555 572 590 autem
601 563 780 604 prorsus
807 548 996 604 potentia
1027 548 1168 604 delata
1196 556 1261 590 est
1290 553 1340 591 ad
1368 550 1552 592 Illviros
1579 550 1785 606 reipubli-

240 634 313 661 cae
345 620 683 670 constituendae,
715 620 787 674 qui
817 635 928 662 anno
959 620 1010 662 43
1037 636 1074 662 a.
1101 618 1204 662 Chr.
1230 621 1280 662 P.
1308 621 1425 672 Titii,
1453 622 1615 665 tribuni
1633 622 1784 678 plebis,

237 692 333 748 lege
366 693 495 735 creati
527 700 627 735 sunt
656 690 789 749 (App.
810 691 908 734 bell.
939 692 1023 734 civ.
1046 692 1125 742 IV,
1157 693 1217 745 7),
1248 693 1321 748 qui
1355 709 1433 750 pro
1463 688 1783 751 potestate'sibi

237 764 407 820 legibus
439 765 638 807 mandata
676 773 717 806 et
757 780 904 807 omnes
941 764 1034 806 illas
1070 765 1405 822 proscriptiones
1438 765 1715 809 instituerunt
1743 778 1784 809 et

237 838 526 894 magistratus,
561 853 669 893 quos
700 838 870 887 vellent,
902 847 1113 888 crearunt,
1147 847 1187 880 et
1208 838 1453 880 universam
1474 838 1783 895 rempublicam

236 918 450 951 rexerunt.
507 909 627 964 Quid
660 910 795 966 igitur
827 919 904 961 est,
934 910 1048 965 quod
1080 925 1180 960 non,
1210 910 1444 952 dummodo
1474 912 1660 967 populus
1686 913 1782 969 lege

237 983 496 1038 permiserit,
537 982 589 1024 ab
629 998 715 1024 uno
757 982 955 1024 constitui
999 975 1153 1024 liceat?
1213 982 1337 1035 Quae
1378 998 1478 1038 pars
1517 995 1590 1026 aut
1621 983 1782 1040 publici

233 1061 308 1095 aut
338 1054 493 1109 privati
525 1055 630 1097 iuris
662 1055 841 1110 cogitari
867 1063 1022 1110 potest,
1052 1070 1161 1109 quae
1179 1070 1263 1096 non
1282 1054 1538 1096 mandetur?
1569 1054 1678 1097 Nam
1701 1055 1782 1097 etsi

213 1127 369 1185 ¹multa
394 1126 544 1168 IIIviri
575 1141 651 1182 per
679 1127 765 1168 vim
796 1127 1003 1176 fecerunt,
1034 1141 1290 1183 magnopere
1319 1136 1459 1168 tamen
1484 1127 1780 1182 providebant,

234 1206 282 1239 ut
310 1198 515 1253 quicquid
546 1207 735 1253 agerent,
766 1199 937 1254 legibus
969 1199 1061 1240 fieri
1089 1199 1318 1240 videretur.
1363 1198 1509 1252 Quare
1535 1198 1779 1255 imperatori

234 1271 440 1325 quicquid
468 1270 672 1326 placebat,
705 1271 845 1312 edicto
876 1271 944 1312 vel
979 1271 1151 1313 decreto
1183 1271 1441 1314 constituere
1467 1271 1636 1322 licebat,
1664 1272 1779 1326 quod
1804 1274 1808 1277 ’

232 1343 342 1399 legis
381 1344 517 1385 vicem
555 1343 745 1385 obtinere
784 1343 842 1385 ait
874 1342 1012 1386 Gaius
1052 1343 1083 1392 1,
1116 1344 1154 1393 τ’),
1187 1344 1290 1398 quia
1327 1343 1419 1399 ipse
1449 1343 1678 1400 imperator
1703 1358 1780 1400 per

232 1416 372 1472 legem
412 1416 638 1472 imperium
679 1416 882 1471 accipiat:
926 1416 1034 1472 legis
1074 1424 1213 1458 tamen
1254 1416 1391 1459 forma
1432 1431 1481 1458 ac
1518 1431 1673 1458 nomen
1710 1416 1778 1466 iis,

232 1503 341 1543 quae
373 1502 470 1530 cum
506 1495 656 1530 senatu
692 1488 937 1544 populoque
977 1488 1285 1531 communicata
1325 1498 1481 1539 essent,
1513 1488 1777 1531 servabatur,

233 1558 322 1603 Sed
360 1577 464 1602 num
503 1568 800 1603 veteranorum
830 1560 1044 1602 civitatem
1076 1561 1119 1601 in
1157 1560 1210 1602 iis
1239 1560 1369 1603 rebus
1398 1561 1533 1603 fuisse
1562 1569 1777 1617 putamus,

231 1648 338 1688 quas
369 1633 566 1689 princeps
591 1647 687 1674 cum
710 1633 803 1688 ipse
835 1640 979 1688 posset
1009 1633 1258 1682 concedere,
1286 1648 1385 1675 cum
1412 1643 1562 1675 senatu
1588 1647 1777 1675 commu-

231 1705 375 1747 nicare
409 1705 563 1747 vellet?
622 1705 782 1746 Parum
814 1704 860 1746 id
897 1704 1071 1760 quidem
1105 1704 1322 1760 probabile
1357 1715 1434 1747 est..
1490 1705 1598 1747 Nam
1626 1704 1776 1747 ceteris

231 1777 476 1819 hominibus
515 1784 679 1819 constat
717 1792 843 1833 saepe
879 1777 1156 1832 imperatores
1194 1777 1408 1819 civitatem
1448 1777 1645 1826 donasse,
1685 1776 1775 1819 sine

230 1850 325 1905 lege
352 1857 479 1905 atque
506 1849 675 1891 iniussu
707 1856 894 1898 senatus,
926 1864 1011 1891 non
1043 1850 1168 1891 modo
1185 1848 1454 1905 Augustum,
1477 1849 1530 1892 de
1547 1864 1631 1904 quo
1647 1850 1777 1891 refert

231 1920 352 1963 Suet.
386 1922 504 1977 Aug.
537 1922 590 1963 40
621 1929 661 1962 et
701 1919 793 1963 Cal.
826 1922 892 1971 38,
933 1922 1010 1964 sed
1048 1922 1175 1964 etiam
1207 1936 1480 1964 successores
1510 1921 1616 1971 eius,
1648 1928 1774 1976 atquc

230 2002 375 2035 extant
408 1994 611 2050 epistolae
641 1994 752 2036 duae
773 1994 903 2035 Plinii
931 1993 986 2035 ad
1016 1993 1249 2035 Traianum
1281 1998 1366 2049 (ep.
1384 1994 1438 2036 22
1467 2003 1509 2035 ct
1542 1993 1650 2048 107),
1678 1992 1774 2048 qui-

230 2065 312 2107 bus
344 2066 557 2107 civitatem
588 2065 641 2107 ab
671 2066 921 2122 imperatore
947 2066 1006 2107 ita
1033 2066 1138 2121 petit
1158 2074 1284 2121 atque
1305 2066 1516 2122 impetrat,
1541 2073 1589 2106 ut
1610 2065 1773 2106 nullum

230 2138 673 2188 senatusconsultum,
720 2139 881 2180 nullam
921 2138 1060 2193 legem
1101 2138 1415 2188 intercessisse,
1464 2137 1540 2179 sed
1586 2137 1774 2192 diploma

228 2217 393 2252 tantum
439 2210 661 2253 suffecisse
714 2219 857 2266 aperte
906 2209 1206 2264 intelligamus.
1272 2210 1388 2252 Num
1435 2224 1521 2265 qua
1556 2209 1692 2265 igitur
1726 2208 1772 2250 in

230 2282 436 2324 militibus
478 2297 608 2324 causa
639 2289 716 2332 est,
757 2290 807 2323 ut
835 2296 982 2323 eorum
1021 2281 1234 2323 civitatem
1264 2282 1492 2338 imperator
1522 2281 1659 2337 magis
1695 2295 1770 2322 vo—

228 2354 354 2396 luerit
384 2370 482 2396 cum
514 2362 664 2396 senatu
687 2353 1000 2395 communicare
1023 2367 1151 2408 quam
1177 2353 1356 2395 aliorum
1376 2353 1625 2396 hominum?
1655 2352 1770 2395 Num

228 2426 412 2469 civitatis
443 2426 697 2469 beneficium
723 2442 749 2468 a
779 2433 929 2467 senatu
955 2424 1169 2480 proficisci
1197 2425 1334 2467 videri
1362 2425 1562 2482 cupiebat
1585 2425 1769 2480 impera-

213 2498 322 2540 ÷tor?
378 2497 519 2548 Certe,
557 2498 757 2554 quoniam
785 2497 828 2538 in
859 2496 1064 2539 militibus
1093 2496 1319 2552 imperium
1348 2497 1562 2540 nitebatur
1589 2510 1767 2552 eamque

225 2570 349 2625 quasi
379 2571 594 2626 propriam
624 2570 887 2626 provinciam
917 2578 1150 2624 acceperat,
1179 2569 1287 2610 illud
1323 2570 1503 2612 maxime
1532 2583 1659 2624 agere
1690 2568 1766 2610 de-

228 2642 367 2691 bebat,
397 2651 457 2692 ut,
489 2642 696 2698 quicquid
726 2640 932 2683 militibus
962 2639 1147 2690 daretur,
1176 2640 1222 2681 id
1249 2657 1275 2683 a
1302 2656 1347 2684 se
1373 2656 1458 2683 uno
1479 2650 1520 2683 et
1537 2641 1628 2684 solo
1650 2639 1765 2683 exire

226 2729 362 2769 neque
399 2715 487 2756 ulla
529 2722 701 2756 senatus
739 2728 833 2755 esse
865 2719 1051 2768 potestas
1081 2711 1313 2762 videretur,
1344 2713 1554 2770 anxieque
1581 2713 1765 2768 impera-

224 2794 337 2828 tores
366 2801 527 2836 omnes,
564 2786 760 2841 quamvis
798 2784 852 2826 de
887 2784 981 2826 aliis
1012 2783 1142 2826 rebus
1174 2791 1367 2826 senatum
1400 2785 1684 2834 consulerent,
1718 2783 1765 2825 id

224 2859 408 2900 maxima
437 2873 539 2900 cura
570 2857 841 2914 prospexisse
869 2856 1083 2905 audimus,
1105 2864 1154 2897 ut
1170 2870 1258 2897 rem
1277 2857 1497 2898 militarem
1519 2856 1763 2898 universam
