1846 3100
476 163 530 194 De
555 161 669 195 Gallia
691 161 923 193 Romanorum
950 159 1126 202 provincia
1151 158 1332 200 appendix.
1599 155 1677 198 185

131 261 292 324 tiones,
331 279 379 315 ut
407 271 552 315 multis
578 270 839 314 refellendus
875 269 947 320 sit3
994 284 1101 325 quae
1131 268 1272 311 minus
1304 283 1404 311 vera
1431 283 1524 310 esse
1554 267 1678 310 intel-

130 346 314 388 leximus
342 345 508 402 repetit.

244 415 334 460 Sed
365 417 573 460 faciamus
604 430 707 457 vera
735 429 855 464 esse,
893 428 1001 468 quae
1029 413 1137 456 falsa
1170 428 1263 455 esse
1294 412 1544 455 docuimus:
1587 429 1679 455 cre-

131 491 282 533 damus
314 489 484 532 interim
512 487 798 530 Mommsenio
829 486 986 528 dicenti
1013 500 1099 527 non
1130 484 1450 536 demonstranti,
1482 484 1679 528 Caesaris

130 562 357 620 imperium
396 568 438 604 et
475 559 567 603 Cal.
605 559 732 601 Mart.
773 559 870 600 anni
910 558 1045 600 4901
1080 557 1189 614 prid.
1229 555 1321 600 Cal.
1358 557 1447 599 Ian.
1487 558 1586 600 anni
1626 557 1678 601 48

132 635 292 678 exisse:
335 648 475 676 nonne
513 638 707 688 pugnant
745 631 850 673 haec
886 630 997 672 inter
1034 630 1107 672 se?
1164 629 1295 683 Quod
1330 631 1557 688 imperium
1588 629 1680 673 031.

133 708 260 750 Mart.
288 706 448 756 finitur,
478 704 694 760 quomodo
724 710 865 759 potest
890 703 1005 746 idem
1032 703 1087 744 ad
1115 703 1226 759 prid.
1245 701 1338 746 Cal.
1356 704 1446 747 Ian.
1477 703 1681 746 extendi?

134 780 223 823 Ubi
252 780 306 821 de
333 778 426 821 iure
446 775 646 820 Caesaris
675 785 716 819 et
731 776 927 832 Pompeii
958 791 1008 818 ac
1037 775 1139 817 belli
1167 775 1305 818 civilis
1337 776 1502 833 origine
1523 776 1681 832 agitur,

133 852 255 902 illud,
282 851 446 907 opinor,
476 849 684 906 imprimis
712 848 1005 904 quaerendum
1028 854 1105 897 est,
1137 847 1242 902 quid
1263 847 1306 903 in
1326 848 1436 904 lege,
1466 864 1552 904 qua
1571 847 1681 891 Cae-

135 925 218 967 sari
246 923 475 980 imperium
505 923 574 965 vel
604 921 751 964 datum
783 921 852 964 vel
880 927 1157 977 prorogatum
1195 927 1281 971 est,
1325 921 1474 972 fuerit,
1515 922 1559 963 in
1599 936 1683 976 qua

133 998 230 1053 lege
259 1002 371 1038 certe
401 1010 515 1037 unus
544 1001 710 1036 tantum
736 993 827 1052 dies
859 992 1171 1044 nominabatur,
1201 993 1311 1034 duos
1331 993 1569 1036 nominatos
1586 1008 1680 1035 esse

134 1084 260 1111 nemo
301 1068 457 1125 poterit
493 1066 680 1109 credere.
752 1065 903 1121 Neque
941 1065 1083 1107 hercle
1122 1065 1167 1106 id
1208 1065 1344 1121 placet
1378 1065 1679 1115 Mommsenio,

137 1141 213 1184 sed
241 1147 428 1183 veterem
453 1140 638 1195 aliquem
663 1153 823 1181 morem
848 1138 917 1194 vel
942 1128 1081 1194 legem
1109 1138 1318 1194 reperisse
1346 1137 1427 1180 sibi
1452 1139 1572 1181 visus
1601 1145 1679 1187 est,

135 1230 220 1270 qua
247 1214 364 1270 quod
393 1211 619 1268 imperium
648 1211 817 1267 proprie
848 1211 903 1253 ad
934 1208 1027 1252 Cal.
1057 1210 1186 1252 Mart.
1214 1211 1464 1266 pertineret,
1503 1211 1558 1252 ad
1591 1209 1683 1252 Cal.

137 1287 226 1330 Ian.
275 1291 599 1342 propagaretur.
671 1283 770 1325 Hoc
815 1283 855 1324 in
897 1283 987 1325 1000
1026 1290 1222 1326 versatur
1258 1283 1391 1326 maior
1427 1298 1525 1339 pars
1568 1298 1684 1325 com-

135 1358 406 1401 mentationis
442 1356 827 1406 Mommsenianae,
869 1355 951 1398 hoc
990 1370 1149 1398 novum
1186 1355 1372 1397 necdum
1411 1371 1435 1397 a
1471 1370 1685 1411 quoquam

137 1432 328 1474 virorum
368 1430 616 1478 doctorum,
662 1428 736 1483 qui
779 1428 833 1469 de
877 1428 1126 1484 antiquitate
1168 1428 1361 1470 Romana
1408 1428 1684 1484 scripserunt,

136 1503 410 1546 observatum
440 1509 527 1553 est,
558 1501 638 1543 hoc
667 1501 851 1556 denique
878 1501 1090 1542 eiusmodi
1119 1500 1291 1542 videtur
1320 1515 1436 1549 esse,
1475 1500 1612 1555 quod,
1650 1499 1686 1541 si

138 1591 287 1619 verum
306 1590 401 1618 esse
423 1575 752 1624 demonstretur,
780 1580 970 1616 nostram
997 1572 1051 1614 de
1076 1572 1299 1629 republica
1327 1572 1521 1615 Romana
1547 1572 1686 1615 scien-

138 1649 239 1692 tiam
267 1662 524 1704 magnopere
556 1653 796 1689 commutet.

252 1721 467 1764 Nimirum
510 1734 608 1761 cum
643 1734 754 1761 anno
788 1718 864 1761 153
906 1734 943 1760 a.
972 1715 1075 1760 Chr.
1111 1717 1309 1759 consules
1348 1714 1440 1759 Cal.
1469 1717 1559 1759 Ian.
1597 1733 1686 1760 ma-

140 1795 368 1851 gistratum
405 1791 512 1833 inire
553 1791 814 1847 coepissent,
856 1805 940 1832 non
978 1805 1072 1832 esse
1108 1805 1284 1846 prorsus
1323 1788 1529 1832 abolitum
1561 1796 1686 1832 vetus

139 1866 238 1909 anni
265 1865 433 1907 initium
459 1871 604 1907 censet
616 1864 928 1906 Mommsenius
958 1878 1001 1919 p.
1020 1863 1069 1905 12
1087 1877 1162 1918 sq„
1192 1862 1448 1904 remansisse
1469 1876 1522 1904 ex
1541 1869 1685 1904 vetere

139 1953 270 1988 more,
303 1944 352 1979 ut
383 1953 407 1980 a
434 1935 525 1980 Cal.
555 1936 724 1979 Martiis
756 1951 893 1978 annus
925 1935 1144 1985 militaris,
1183 1949 1310 1990 quem
1342 1934 1547 1990 appellat,
1580 1934 1687 1976 inci-

138 2017 332 2068 peretur3
377 2011 422 2052 in
460 2009 612 2052 ceteris
655 2009 784 2051 rebus
826 2023 878 2050 ex
914 2008 986 2050 illo
1016 2015 1204 2064 tempore
1237 2005 1330 2049 031.
1357 2007 1578 2049 Ianuarias
1609 2021 1687 2063 pro

139 2084 262 2126 initio
293 2083 394 2126 anni
422 2097 516 2124 esse
546 2081 819 2130 observatas,
857 2080 903 2122 in
931 2079 1060 2122 rebus
1092 2078 1346 2122 militaribus
1377 2077 1469 2121 031.
1494 2078 1687 2121 Martias.

139 2156 291 2212 Neque
321 2170 419 2197 eum
454 2169 615 2197 morem
660 2153 868 2195 mansisse
908 2151 1195 2207 aliquamdiu,
1241 2151 1317 2193 sed
1352 2166 1490 2207 usque
1529 2151 1582 2193 ad
1613 2166 1688 2194 ex-

141 2236 276 2270 trema
314 2242 446 2284 prope
478 2226 646 2283 imperii
671 2225 855 2268 Romani
890 2232 1081 2280 tempora
1110 2223 1434 2279 religiosissime
1466 2238 1560 2265 esse
1587 2238 1688 2265 con-

84 2348 89 2353 ,
144 2306 360 2342 servatum
370 2315 381 2350 3
415 2313 512 2340 nam
540 2305 805 2355 argumenta,
836 2297 995 2354 quibus
1027 2296 1265 2353 opinionem
1297 2311 1419 2338 suam
1450 2295 1690 2338 confirmari

143 2378 285 2428 putat,
325 2387 379 2415 ex
410 2370 761 2427 inscriptionibus
792 2370 980 2412 ineuntis
1013 2368 1172 2412 saeculi
1203 2368 1315 2410 tertii
1346 2384 1384 2423 p.
1414 2365 1517 2409 Chr.
1547 2368 1688 2410 sumit.

143 2444 307 2500 Magna
334 2444 525 2501 profecto
555 2458 623 2485 res
654 2450 780 2498 atque
810 2442 1088 2484 admiratione
1117 2448 1263 2483 nostra
1293 2439 1560 2495 dignissima,
1593 2454 1690 2495 qua,

143 2516 260 2571 quod
291 2530 467 2572 prorsus
497 2529 658 2557 novum
685 2514 751 2564 sit,
782 2514 826 2555 in
851 2514 1159 2570 rempublicam
1186 2513 1421 2555 Romanam
1446 2511 1690 2553 introduca-

144 2595 227 2630 tur.
291 2586 463 2642 Reliqui
504 2586 677 2642 quidem
715 2586 858 2628 adhuc
897 2585 1257 2634 existimavimus,
1303 2597 1372 2625 res
1408 2582 1611 2626 militares
1649 2590 1690 2625 et

146 2659 293 2702 civiles
328 2661 445 2713 (utar
480 2658 590 2700 enim
628 2658 710 2700 hoc
743 2658 912 2701 nomine
947 2657 1142 2712 quamvis
1171 2671 1321 2713 parum
1346 2661 1464 2711 apto,
1507 2655 1607 2711 quia
1636 2655 1690 2698 ab

145 2730 430 2774 Mommsenio
461 2730 631 2772 civilem
659 2745 818 2772 annum
848 2736 890 2772 et
918 2730 1072 2772 similia
1101 2728 1304 2785 appellari
1334 2726 1501 2782 video),
1544 2726 1690 2769 existi-

146 2801 357 2845 mavimus
386 2802 541 2859 igitur,
580 2817 649 2844 res
679 2802 882 2845 militares
915 2802 1031 2858 apud
1056 2802 1273 2844 Romanos
1302 2814 1387 2841 non
1413 2798 1690 2841 consuevisse

149 2875 335 2931 separari
379 2874 433 2917 ab
479 2873 690 2917 civilibus.
768 2873 889 2928 Quid
933 2875 1047 2918 enim
1092 2871 1416 2932 separarentur?
1474 2870 1689 2913 Omnibus
