1846 3100
597 147 651 179 De
674 147 848 179 dictatoris
875 146 1032 179 Caesaris
1058 146 1255 179 honoribus.
1618 144 1699 187 219

153 256 354 300 dissensu
385 257 611 299 manifesto
641 270 787 298 veram
816 255 1206 311 interpretationem
1235 254 1427 298 invenire
1461 271 1546 298 non
1577 257 1699 298 facile

153 343 248 370 esse
278 329 488 371 videatur.
543 328 792 382 Eademque
821 327 1109 383 discrepantia
1138 343 1190 369 ex
1218 328 1416 383 reliquis,
1447 344 1557 384 quae
1589 328 1700 371 Sue-

152 401 296 444 tonius
323 408 478 451 narrat,
505 400 702 442 efficitur.
746 399 856 441 Nam
879 395 993 455 quod
1017 400 1076 442 ait
1093 400 1265 442 tertium
1290 401 1558 443 consulatum
1577 401 1700 444 titulo

152 480 278 516 tenus
320 473 509 529 gessisse
550 470 778 514 Caesarem
815 480 1037 528 propterea
1075 472 1194 527 quod
1230 472 1439 515 dictatura
1475 481 1699 516 contentus

153 555 287 596 esset,
325 545 442 588 haud
479 544 610 586 dubie
649 544 884 600 significat,
925 544 1132 598 quamdiu
1167 545 1318 586 consul
1347 546 1495 596 fuerit,
1536 546 1700 588 tamdiu

151 618 286 660 fuisse
315 617 441 660 etiam
469 617 740 666 dictatorem,
770 616 816 657 id
844 615 961 671 quod
986 617 1029 657 in
1053 616 1224 658 tertium
1249 617 1530 668 consulatum,
1561 618 1699 673 qualis

150 690 193 732 in
223 690 344 732 fastis
372 689 666 746 perscribitur,
698 703 781 729 non
813 688 938 730 cadit.
991 688 1098 729 Nam
1128 688 1172 729 in
1201 688 1268 730 his
1295 704 1391 731 cum
1419 690 1570 732 tertius
1598 705 1699 732 con-

153 762 318 805 sulatus
338 762 437 804 Kal.
454 762 559 811 Ian„
588 761 801 803 dictatura
826 760 951 802 tertia
978 760 1195 802 nonnullis
1219 761 1438 803 mensibus
1460 770 1554 818 post
1582 764 1699 818 (nam

150 834 233 876 hoc
268 833 380 876 infra
412 833 822 886 demonstrabimus)
864 833 1114 888 incipiatur,
1158 841 1360 888 quattuor
1397 835 1486 876 fere
1530 850 1698 877 menses

150 907 464 962 relinquuntur,
492 906 650 961 quibus
671 904 832 948 Caesar
852 905 887 947 si
911 905 1139 960 quicquam
1164 906 1385 961 potestat-is
1407 906 1570 956 habuit,
1598 922 1699 948 con-

151 979 337 1021 sulatum
366 986 532 1021 tantum
556 979 704 1035 gessit,
733 992 812 1020 nec
833 978 1046 1033 dictatura
1069 984 1295 1020 contentus
1313 993 1409 1019 eum
1430 986 1700 1022 contemnere

149 1051 300 1108 potuit.
364 1051 509 1107 Atque
546 1051 672 1093 etiam
710 1051 899 1107 apertius
942 1048 1176 1092 Suetonius
1217 1051 1388 1092 tertium
1430 1052 1699 1093 consulatum

149 1139 236 1166 una
265 1139 363 1166 cum
390 1124 603 1166 dictatura
631 1124 850 1166 decretum
884 1138 978 1164 esse
1009 1123 1125 1164 dicit,
1186 1121 1299 1164 Cum
1333 1138 1418 1178 qua
1455 1123 1699 1165 dictatura?

149 1197 279 1239 Nulla
306 1197 351 1239 in
378 1197 501 1239 fastis
531 1195 789 1252 reperietur,
831 1195 907 1236 sed
938 1195 973 1236 si
1002 1195 1188 1237 nummis
1219 1196 1390 1237 tertium
1428 1196 1697 1238 consulatum

149 1269 250 1312 anni
276 1269 325 1312 47
358 1268 493 1310 fuisse
525 1268 755 1317 credimus,
797 1267 1013 1323 praeclare
1044 1267 1161 1323 quod
1187 1268 1275 1309 Dio
1293 1267 1443 1318 XLII,
1471 1270 1515 1311 18
1540 1277 1698 1318 narrat,

150 1341 418 1383 consulatum
448 1341 490 1382 in
520 1339 861 1396 quinquennium
891 1347 931 1380 et
959 1339 1213 1382 dictaturam
1234 1340 1408 1382 alteram
1428 1355 1516 1382 una
1532 1341 1571 1383 ei
1589 1356 1699 1383 anno

150 1413 204 1456 48
229 1420 328 1470 post
355 1428 546 1469 pugnam
563 1412 853 1455 Pharsalicam
884 1411 1026 1453 oblata
1047 1427 1155 1462 esse,
1186 1413 1519 1455 confirmabitur.
1567 1412 1699 1466 Quod

150 1486 335 1541 denique
367 1483 601 1527 Suetonius
633 1484 775 1526 medio
810 1491 1000 1540 tempore
1035 1484 1151 1539 quod
1179 1484 1290 1526 inter
1316 1485 1490 1527 tertium
1519 1494 1561 1527 et
1589 1487 1701 1528 inter

149 1564 348 1613 quartum
377 1558 647 1600 consulatum
674 1556 816 1606 fuerit,
843 1556 901 1598 ait
921 1555 1151 1598 Caesarem
1174 1557 1290 1598 nulla
1309 1557 1480 1599 comitia
1495 1557 1700 1600 habuisse

149 1630 474 1686 praefectosque
502 1643 580 1684 pro
607 1628 876 1685 praetoribus
901 1628 1189 1678 constituisse,
1216 1629 1332 1671 haud
1360 1629 1504 1680 dubie,
1535 1630 1698 1686 opinor,

149 1701 194 1743 id
224 1709 392 1758 tempus
422 1701 533 1743 inter
562 1708 787 1756 utramque
830 1701 1100 1742 consulatum
1138 1701 1434 1743 intercessisse
1474 1701 1698 1758 significat,

150 1788 235 1828 quo
265 1773 435 1816 comitia
463 1773 610 1815 haberi
638 1780 865 1828 oporteret.
923 1773 1013 1814 Iam
1047 1773 1082 1814 si
1112 1773 1234 1815 fastis
1264 1772 1518 1829 Capitolinis
1548 1774 1697 1816 crede-

149 1860 247 1887 mus
278 1846 449 1887 tertium
481 1845 746 1887 consulatum
780 1860 889 1887 anno
920 1845 969 1887 4ss
997 1852 1166 1901 gestum
1194 1860 1302 1894 esse,
1334 1845 1531 1900 quoniam
1563 1846 1698 1888 nemi-

149 1932 248 1960 nem
272 1924 375 1960 tunc
403 1918 629 1960 suffectum
660 1933 754 1960 esse
786 1925 965 1967 constat,
993 1925 1217 1972 antequam
1246 1925 1422 1971 quartus
1450 1918 1698 1960 consulatus

150 1990 304 2047 coepit,
335 1990 600 2045 relinquetur
628 1990 671 2030 in
704 1988 846 2031 medio
875 1989 1041 2030 initium
1075 1990 1173 2031 anni
1201 1990 1275 2049 45,
1309 2005 1395 2044 quo
1424 1990 1594 2032 comitia
1623 1990 1698 2032 ha-

148 2062 240 2105 beri
278 2077 362 2104 non
406 2061 640 2118 oportebat.
711 2060 1005 2104 Ostendemus
1048 2062 1173 2104 etiam
1214 2062 1539 2118 locupletissimi
1578 2062 1698 2104 testis

149 2135 410 2184 auctoritate,
438 2134 533 2190 ipso
562 2148 672 2175 anno
694 2133 745 2176 46
771 2141 967 2183 exeunte,
996 2148 1092 2176 cum
1117 2134 1287 2176 comitia
1307 2134 1405 2176 anni
1428 2134 1479 2176 45
1503 2134 1700 2177 habenda

150 2214 316 2256 essent,
364 2206 481 2248 nulla
525 2206 694 2248 comitia
735 2220 830 2247 esse
872 2205 1016 2248 habita
1058 2206 1382 2262 praefectosque
1431 2207 1697 2250 constitutos.

149 2278 248 2320 Hoc
275 2277 410 2333 igitur
438 2284 606 2333 tempus
639 2293 664 2320 a
696 2276 903 2319 Suetonio
937 2278 1126 2319 medium
1157 2278 1267 2320 inter
1297 2278 1467 2319 tertium
1499 2287 1540 2320 et
1570 2293 1698 2334 quar—

149 2358 240 2392 tum
271 2349 540 2392 consulatum
571 2350 728 2392 dicitur
755 2365 835 2392 nec
859 2356 1000 2405 potest
1028 2350 1128 2400 dici,
1162 2350 1245 2392 nisi
1274 2349 1446 2391 tertium
1474 2364 1557 2392 non
1586 2365 1698 2393 anno

151 2423 218 2473 46,
247 2429 296 2464 ut
324 2422 438 2473 fasti,
470 2422 546 2465 sed
575 2436 687 2464 anno
718 2422 785 2472 47,
816 2429 865 2463 ut
893 2421 1071 2471 nummi,
1106 2421 1362 2463 tribuamus·

261 2493 386 2548 Quae
416 2509 514 2537 cum
545 2495 604 2536 ita
635 2494 731 2544 sint,
764 2501 953 2550 apparet,
985 2494 1149 2549 opinor,
1179 2492 1375 2535 Suetonii
1402 2507 1698 2535 nummorum-

150 2581 234 2621 que
262 2581 360 2608 cum
380 2567 502 2609 fastis
520 2564 776 2622 Capitolinis
798 2565 1012 2607 dissensio
1032 2564 1327 2620 dubitatioque
1347 2565 1528 2606 existere
1547 2565 1697 2627 possit,

150 2652 204 2678 an
228 2637 273 2679 in
299 2638 366 2679 his
391 2637 619 2693 sculptoris
641 2651 783 2678 errore
805 2636 1021 2687 acciderit,
1048 2645 1096 2679 ut
1113 2636 1166 2678 ab
1185 2637 1354 2678 illorum
1375 2637 1538 2678 ratione
1558 2636 1698 2678 disce-

151 2708 337 2759 deretur,
368 2710 613 2765 praesertim
643 2723 742 2751 cum
771 2708 948 2751 lineolas
975 2709 1082 2757 illas,
1111 2723 1219 2763 quae
1238 2708 1359 2750 annis
1379 2707 1698 2763 distinguendis

152 2779 386 2823 destinatae
413 2788 527 2831 sunt,
556 2795 706 2836 parum
737 2788 851 2822 recte
881 2780 1072 2837 appictas
1092 2794 1186 2822 esse
1203 2779 1451 2836 planissime
1476 2779 1697 2822 intellexe-

152 2850 300 2894 rimus.
360 2851 449 2894 Sed
480 2853 562 2895 hoc
588 2853 661 2907 qui
690 2859 860 2902 statuat,
890 2859 1054 2910 pugnet
1082 2852 1208 2894 etiam
1236 2866 1334 2894 cum
1361 2851 1503 2894 Dione
1530 2850 1696 2901 Cassio,
