1846 3100
210 123 287 166 124
647 127 702 159 De
729 125 842 159 Gallia
864 127 1097 160 Romanorum
1128 128 1311 170 provincia.

207 234 492 289 Quinctilium
529 237 694 279 Varum
734 253 845 280 anno
878 238 904 280 6
946 254 984 294 p.
1018 236 1147 290 Chr„
1191 246 1241 281 ut
1277 239 1472 290 videtur3
1514 239 1596 282 hoc
1637 241 1750 283 enim

204 315 470 365 postremum
501 309 703 352 decessor
730 311 822 353 eius
853 318 1217 354 commemoratur.
1272 312 1342 354 De
1368 311 1484 355 Varo
1511 327 1621 368 quae
1650 322 1751 356 nota

207 389 319 432 sunt,
351 382 659 438 explicavimus
692 383 737 425 in
769 381 1008 426 Comment.
1038 384 1083 426 ΙΙ
1113 399 1154 440 p.
1183 384 1252 435 85,
1289 399 1342 427 ex
1371 384 1530 440 quibus
1559 384 1632 427 illa
1661 384 1748 427 duo

204 469 319 495 nunc
348 454 579 505 afferimus,
610 463 651 497 et
681 462 868 498 veterem
899 471 997 499 eum
1024 456 1159 499 fuisse
1186 457 1453 499 consularem
1482 457 1750 513 maximaque

203 526 426 582 provincia
445 525 573 583 Syria
600 528 797 571 functum
828 536 870 571 et
900 529 1174 571 coniunctum
1197 544 1296 571 cum
1317 529 1444 572 domo
1466 529 1751 586 imperatoria,

205 606 254 640 ut
288 614 373 641 non
404 600 494 642 sine
523 615 679 656 magna
707 601 892 656 quadam
923 601 1119 644 cautione
1142 599 1374 658 Augustus
1407 601 1511 644 tanti
1538 601 1751 644 exercitus

206 686 353 714 curam
382 672 610 716 mandasse
641 673 850 718 videatur.
909 672 1048 716 Cuius
1078 689 1207 730 quam
1238 674 1371 717 tristis
1401 689 1512 716 anno
1532 674 1557 716 9
1582 689 1624 730 p.
1647 671 1750 716 Chr.

206 744 347 787 exitus
378 745 521 796 fuerit,
554 753 703 787 notum
731 753 814 797 est3
852 746 928 789 sed
959 761 1056 789 cum
1088 762 1257 803 praeses
1287 747 1379 803 ipse
1410 745 1652 796 occidisset,
1682 760 1750 788 re-

204 817 359 872 liquias
400 817 613 860 exercitus
651 818 843 874 finesque
881 819 1073 876 ipsarum
1109 817 1349 862 Galliarum
1383 825 1546 862 tutatus
1593 825 1659 860 est
1697 817 1750 860 L.

205 889 372 931 Nonius
402 891 638 946 Asprenas,
667 891 742 947 qui
772 892 975 934 avunculi
1004 892 1071 934 sui
1095 892 1199 935 Vari
1228 893 1397 948 legatus
1425 891 1533 934 duas
1559 891 1750 948 legiones

206 961 392 1004 ducebat
433 963 564 1016 (Vell.
589 963 657 1014 11,
692 964 791 1014 120;
836 964 923 1006 Dio
950 964 1079 1014 LVI,
1112 965 1200 1019 ⁴22).
1270 964 1414 1019 Atque
1446 963 1506 1006 ita
1535 969 1750 1005 extractus

206 1042 271 1077 est
299 1035 371 1076 ille
401 1051 540 1077 annus
568 1051 705 1078 vacua
734 1036 931 1093 praeside
962 1036 1105 1079 Gallia
1128 1037 1319 1093 Belgica.
1374 1036 1484 1078 Nam
1510 1035 1752 1091 insequenti

207 1107 381 1148 demum
411 1122 522 1149 anno
551 1107 754 1151 Tiberius
791 1124 889 1151 cum
920 1109 1216 1165 supplemento
1246 1108 1427 1151 militum
1459 1108 1514 1151 ab
1546 1107 1751 1164 Augusto

207 1179 367 1222 missus
406 1180 603 1231 advenit,
647 1181 799 1224 eodem
833 1182 1012 1238 imperio
1049 1189 1223 1224 ornatus
1263 1196 1348 1236 quo
1386 1187 1532 1230 antea,
1575 1180 1652 1222 sed
1693 1179 1753 1226 ita

206 1259 346 1294 tamen
380 1253 576 1304 diverso,
613 1253 730 1309 quod
758 1253 988 1310 Augustus
1020 1254 1113 1310 ipse
1142 1253 1283 1295 nullos
1314 1260 1418 1295 tunc
1451 1268 1552 1295 suos
1586 1253 1751 1309 legatos

205 1324 250 1366 in
282 1324 436 1368 Galliis
470 1326 640 1369 videtur
667 1325 891 1369 habuisse:
923 1326 1029 1368 nulli
1056 1333 1169 1368 cert-e
1200 1332 1588 1368 commemorantur
1614 1339 1752 1380 neque

206 1412 279 1439 eos
318 1398 354 1440 si
389 1399 466 1440 ulli
498 1399 682 1441 fuissent
713 1399 925 1442 Velleium
955 1399 1152 1441 existimo
1183 1398 1587 1454 praetermissurum
1618 1396 1752 1439 fuisse

207 1471 386 1513 silentio.
442 1470 501 1513 At
528 1471 810 1514 comitabatur
836 1486 935 1514 eum
955 1469 1260 1521 Germanicus,
1295 1486 1424 1526 quem
1450 1470 1538 1512 Dio
1557 1469 1677 1519 LVI,
1697 1469 1750 1512 25

207 1551 309 1586 tunc
337 1559 416 1600 pro
443 1545 619 1588 consule
646 1545 874 1601 imperium
901 1543 1103 1587 habuisse
1129 1544 1200 1594 ait,
1231 1558 1490 1600 quamquam
1511 1549 1753 1599 praeturam

207 1617 400 1659 nondum
428 1624 622 1674 gesserat
649 1617 774 1674 (ibid.
797 1632 832 1659 c.
852 1617 940 1671 26),
971 1616 1086 1659 unde
1117 1616 1316 1666 eundem,
1345 1630 1443 1657 cum
1468 1629 1579 1657 anno
1599 1615 1623 1658 7
1650 1614 1753 1657 item

206 1696 374 1745 praeter
404 1689 626 1732 Tiberium
667 1690 711 1731 in
747 1688 843 1745 ipsa
880 1697 1109 1744 quaestura
1144 1689 1189 1730 in
1220 1688 1479 1730 Delmatiam
1514 1686 1753 1729 mitteretur

209 1761 316 1817 (Dio
344 1762 441 1812 LV,
473 1762 561 1817 31),
592 1763 709 1804 nullo
741 1762 899 1805 maiore
928 1762 1106 1818 imperio
1140 1761 1378 1818 praeditum
1408 1760 1545 1802 fuisse
1579 1759 1753 1814 collige-

208 1835 318 1876 mus.
369 1834 458 1876 Sed
477 1834 550 1876 illa
570 1835 888 1891 proconsularis
909 1841 1097 1891 potestas
1117 1833 1255 1889 qualis
1278 1832 1452 1876 tandem
1472 1831 1588 1874 erat?
1625 1830 1753 1874 Certe

206 1921 291 1948 non
323 1921 394 1958 ea,
432 1922 560 1962 quam
588 1907 717 1963 paulo
745 1914 843 1963 post
871 1906 1073 1949 Tiberius
1100 1906 1305 1961 Augusto
1333 1904 1417 1961 ipsi
1447 1903 1670 1959 aequalem
1699 1918 1753 1946 ex

208 1977 439 2021 Sconsulto
469 1979 648 2035 accepit,
679 1979 755 2022 sed
785 1979 889 2021 haee
917 1978 1080 2034 opinor,
1108 1977 1257 2019 similis
1287 1977 1338 2027 ei,
1365 1991 1495 2032 quam
1522 1982 1564 2017 et
1581 1975 1627 2016 in
1646 1974 1752 2018 Gal-

204 2051 273 2094 liis
304 2058 345 2093 et
373 2051 417 2092 in
445 2050 553 2093 Asia
583 2049 795 2107 Syriaque
823 2062 972 2108 postea
996 2049 1158 2100 habuit,
1189 2057 1237 2091 ut
1266 2049 1310 2091 in
1339 2047 1623 2105 imperatoriis
1652 2061 1752 2104 pro-

206 2124 374 2173 vinciis,
408 2123 444 2165 si
475 2124 549 2178 qui
580 2130 723 2165 essent
749 2124 942 2180 Augusti
971 2122 1126 2179 legati,
1161 2122 1259 2178 plus
1291 2127 1435 2176 posset
1461 2135 1589 2176 quam
1617 2119 1676 2171 hi,
1708 2120 1752 2162 in

207 2196 429 2239 senatoriis
457 2196 556 2252 plus
587 2210 714 2250 quam
743 2195 817 2251 qui
847 2211 872 2237 a
904 2202 1053 2237 senatu
1084 2194 1204 2236 missi
1229 2202 1490 2249 praeessent..
1536 2191 1754 2248 Aequavit

205 2269 340 2325 igitur
368 2268 599 2325 Augustus
631 2266 937 2310 Germanicum
965 2266 1160 2315 Tiberio,
1202 2265 1284 2307 nisi
1313 2265 1430 2321 quod
1459 2265 1588 2308 huius
1617 2264 1752 2320 impe-

205 2342 317 2384 rium
345 2342 528 2384 fortasse
556 2340 611 2383 ad
631 2340 777 2396 plures
799 2339 1043 2395 provincias
1060 2337 1320 2395 pertinebat:
1351 2337 1434 2380 hoc
1453 2343 1566 2380 certe
1584 2335 1752 2378 efficere

206 2413 390 2464 volebat,
423 2421 472 2455 ut
501 2412 715 2462 Tiberius,
747 2412 871 2454 cuius
901 2411 1064 2454 caritati
1093 2409 1235 2451 minus
1266 2409 1395 2452 fidem
1424 2407 1628 2458 habebat,
1659 2406 1752 2464 pari

207 2487 455 2530 Germanici
483 2491 691 2542 potestate
723 2490 1011 2527 coerceretur:
1043 2482 1105 2524 illi
1135 2488 1277 2524 autem
1301 2496 1387 2524 non
1408 2481 1453 2522 in
1469 2479 1752 2536 imperatoriis

206 2559 335 2601 modo
364 2557 613 2615 provinciis,
647 2557 724 2599 sed
755 2556 799 2598 in
828 2554 1097 2598 Narbonensi
1125 2568 1296 2610 quoque
1328 2552 1482 2603 Gallia,
1514 2566 1623 2608 quae
1649 2558 1752 2594 tunc

207 2639 380 2674 senatus
409 2637 511 2680 erat,
539 2644 754 2672 summum
779 2628 1007 2684 imperium
1035 2627 1172 2669 fuisse
1201 2625 1400 2675 ostendit,
1429 2625 1546 2680 quod
1565 2623 1675 2667 Vell.
1692 2624 1750 2674 ΙΙ,

211 2705 283 2748 121
321 2719 418 2746 eum
449 2701 740 2744 dissensiones
767 2699 1027 2743 Viennensis
1058 2698 1248 2741 coloniae
1276 2697 1568 2754 composuisse
1595 2702 1750 2738 narrat.

206 2775 343 2818 Nemo
371 2775 506 2832 igitur
538 2774 729 2831 privatus
759 2772 887 2815 homo
916 2787 993 2828 per
1022 2761 1243 2814 biennium
1266 2770 1388 2820 illud,
1415 2768 1532 2825 quod
1551 2767 1750 2810 Tiberius

208 2857 306 2905 post
343 2848 507 2891 cladem
535 2846 766 2891 Varianam
796 2844 840 2886 in
869 2842 1013 2888 Gallia
1049 2850 1335 2886 commoratus
1370 2849 1456 2893 est,
1495 2839 1555 2882 ibi
1581 2839 1750 2896 legatus
