1846 3100
477 159 531 191 De
557 157 670 190 Gallia
690 155 922 188 Romanorum
948 155 1124 198 provincia
1149 154 1331 197 appendix.
1601 155 1677 199 163

133 267 355 325 Redargui
394 268 528 324 igitur
559 266 765 316 Dionem,
805 264 880 319 qui
918 263 971 305 de
1004 262 1096 306 Cal.
1124 265 1252 310 Mart.
1288 269 1388 311 anni
1417 270 1471 313 50
1507 268 1677 325 cogitet.

134 339 256 382 Haeo
284 341 392 384 ratio
419 340 570 382 nititur
598 344 686 380 tota
716 343 757 378 et
784 336 857 378 illo
887 336 960 392 qui
991 344 1167 392 putatur
1190 340 1344 384 Dionis
1374 356 1531 391 errore,
1562 348 1602 382 et
1630 356 1680 382 ea

134 413 333 470 opinione
362 414 416 456 de
446 411 649 469 petitione
684 409 954 458 consulatus,
986 425 1120 465 quam
1150 412 1260 455 infra
1293 414 1599 462 refutabimus,
1638 419 1679 453 et

134 484 319 541 denique
350 484 698 541 interpretatione
728 480 922 524 Suetonii
959 498 1110 538 parum
1145 484 1213 525 vel
1252 486 1398 529 subtili
1431 487 1500 530 vel
1529 499 1678 527 neces-

135 558 258 600 saria.
313 557 424 600 Nam
461 559 701 611 quandoque
737 556 905 608 imperii
931 561 1087 608 tempus
1117 559 1275 610 expleri
1302 561 1492 612 coepisset
1517 573 1594 600 cur
1624 557 1679 599 ad

133 630 331 672 ultimum
361 629 527 686 imperii
559 642 718 669 annum
751 626 985 683 pertineat?
1046 628 1183 671 Immo
1210 630 1264 672 ad
1298 646 1396 674 eum
1425 630 1499 686 qui
1534 629 1678 685 exple-

134 709 224 745 tum
253 702 481 758 imperium
511 700 728 758 proximus
765 699 1006 754 insequitur
1042 716 1201 743 annum
1234 703 1437 758 pertinet:
1483 708 1680 758 coeperat

135 775 296 832 expleri
333 774 560 831 imperium
598 779 825 829 postquam
865 771 979 814 exiit.
1050 773 1261 816 Ultimum
1298 775 1475 831 quidem
1512 773 1679 830 imperii

135 863 293 890 annum
330 861 405 888 cur
443 846 582 902 potius
622 844 914 900 intelligamus
954 860 1082 900 quam
1115 846 1300 902 primum
1334 854 1408 890 aut
1440 847 1679 889 seeundum

135 927 209 962 aut
243 919 438 975 quemvis
479 917 690 972 denique?
741 916 918 959 Initium
957 917 1068 959 enim
1107 919 1306 975 explendi
1345 920 1511 976 imperii
1541 918 1679 975 primo

135 992 228 1035 eius
253 1007 364 1034 anno
387 991 525 1047 magis
550 989 675 1032 etiam
701 989 860 1031 factum
888 996 962 1031 est.
973 1004 1102 1044 quam
1123 991 1288 1034 ultimo.
1332 992 1515 1047 Reliqua
1532 991 1679 1048 igitur,

135 1064 189 1106 de
219 1063 376 1119 quibus
402 1070 476 1106 aut
502 1063 688 1105 diximus
720 1069 793 1104 aut
821 1069 970 1118 postea
999 1062 1141 1105 dicere
1175 1063 1450 1114 debebimus,
1492 1063 1527 1106 si
1555 1063 1679 1104 omit-

134 1143 289 1188 tamus,
316 1127 466 1194 parum
491 1145 689 1180 accurata
717 1135 1062 1191 interpretatione
1084 1136 1166 1178 hoe
1189 1151 1359 1192 quoque
1379 1142 1679 1193 argumentum

135 1217 283 1252 natum
313 1216 389 1252 est.

248 1282 413 1325 Verum
454 1279 606 1324 Cicero
646 1287 687 1323 et
725 1279 907 1330 Caesar,
954 1279 1198 1337 gravissimi
1239 1279 1428 1322 omnium
1471 1285 1680 1329 auctores,

136 1369 295 1396 annum
314 1353 367 1396 50
385 1353 624 1409 Dionisque
645 1353 896 1396 sententiam
917 1352 1197 1408 redarguunt.
1246 1352 1323 1394 Ille
1347 1351 1402 1394 ad
1422 1352 1512 1394 Att.
1533 1351 1634 1402 VII,
1655 1351 1681 1391 9

137 1433 325 1468 extremo
364 1424 592 1468 Decembri
632 1425 730 1468 anni
760 1425 813 1467 50
850 1425 903 1466 de
939 1423 1140 1466 universa
1171 1423 1391 1480 republica
1420 1425 1481 1466 sio
1508 1422 1680 1466 scribit:

139 1501 199 1539 De
226 1501 394 1552 reliquis
422 1500 525 1551 quid
547 1505 607 1539 est
633 1499 931 1539 deterrimum?
992 1497 1214 1539 Com-edere
1242 1499 1311 1538 z'llz·
1336 1498 1446 1549 quod
1470 1497 1682 1549 impuden-

136 1573 286 1611 tissime
309 1573 507 1625 postulat.
571 1573 676 1611 Nam
710 1571 811 1623 quid
839 1569 1147 1622 impudentius?
1208 1571 1398 1609 Tenuz'stz'
1421 1570 1680 1621 provinciam

131 1657 206 1696 per
241 1644 371 1684 decem
414 1657 566 1691 annos,
606 1656 689 1682 non
730 1641 806 1682 tibi
838 1656 863 1680 a
893 1647 1061 1688 senatu,
1101 1642 1171 1681 sed
1197 1655 1223 1680 a
1255 1647 1292 1681 te
1321 1643 1405 1693 ipso
1429 1655 1504 1693 per
1533 1642 1614 1680 vim
1644 1646 1685 1679 et

136 1717 360 1759 factionem
391 1716 517 1755 datos.
572 1715 793 1754 Praeteriit
820 1719 976 1765 tempus
1001 1727 1084 1752 non
1117 1715 1239 1766 legis,
1270 1714 1340 1754 sed
1364 1713 1547 1753 libidinis
1573 1719 1681 1753 tuae.

138 1789 224 1827 Fac
252 1793 389 1826 tamen
415 1788 536 1838 legis:
570 1792 620 1825 ut
642 1786 885 1826 succedatur
908 1785 1151 1825 decernitur,
1204 1786 1374 1837 Impedz's
1395 1791 1435 1825 et
1451 1787 1532 1825 ais:
1553 1783 1684 1824 ‘Habe

136 1860 220 1898 mei
251 1859 467 1900 rationem.
527 1858 640 1898 Habe
671 1863 717 1897 tu
746 1862 945 1898 nostram.
1004 1858 1240 1896 Exercitum
1273 1862 1320 1896 tu
1349 1856 1495 1906 habeas
1527 1857 1684 1896 diutius

137 1943 259 1982 quam
295 1931 472 1982 populus
509 1932 628 1970 iussit
666 1932 796 1970 invito
835 1932 1012 1987 senatu?
1062 1927 1184 1970 Haec
1213 1926 1344 1970 verba
1373 1942 1470 1970 oum
1502 1933 1683 1970 exeunte

138 2014 246 2042 anno
270 2000 323 2042 50
351 2001 508 2057 scripta
534 2001 631 2051 sint,
658 2008 798 2043 tamen
823 2016 908 2043 non
934 2000 989 2042 ad
1017 2000 1063 2041 id
1084 2006 1267 2056 tempus,
1298 2014 1383 2055 quo
1407 2000 1562 2056 scripta
1585 1999 1682 2050 sint,

140 2071 216 2114 sed
246 2072 301 2114 ad
330 2072 375 2113 id
401 2087 486 2128 quo
516 2073 569 2114 de
598 2073 830 2129 provinciis
851 2071 1050 2115 Caesaris
1082 2078 1255 2114 senatus
1283 2072 1456 2113 futurus
1485 2078 1575 2113 erat
1599 2071 1627 2112 i.
1646 2085 1682 2112 e.

138 2145 193 2186 ad
222 2145 439 2186 ineuntem
469 2160 657 2187 mensem
687 2145 934 2187 Ianuarium
964 2143 1063 2186 anni
1088 2143 1140 2186 49
1168 2144 1377 2199 pertinere
1408 2150 1553 2186 censet
1573 2143 1683 2184 Hof-

139 2231 321 2258 mannus
351 2232 392 2273 p.
423 2217 486 2258 14.
543 2215 613 2259 De
653 2217 809 2258 futuris
847 2216 983 2272 igitur
1020 2215 1150 2258 rebus
1182 2215 1298 2270 quod
1329 2214 1484 2270 agebat
1515 2213 1683 2264 Cicero,

139 2288 318 2338 futuris,
357 2288 528 2344 opinor,
570 2288 832 2345 temporibus
868 2304 976 2330 usus
1015 2295 1091 2330 est.
1149 2287 1246 2329 Non
1275 2301 1383 2328 usus
1414 2291 1499 2336 est,
1539 2285 1685 2342 posuit

139 2360 327 2416 perfecta
345 2366 387 2402 et
403 2360 654 2415 praesentia,
677 2367 893 2416 tamquam
913 2360 966 2402 de
995 2375 1041 2402 re
1070 2359 1279 2415 praesenti
1307 2359 1573 2413 loqueretur3
1607 2357 1684 2400 sed

139 2432 257 2487 quod
294 2430 455 2473 Caesar
492 2432 755 2488 provinciam
797 2448 876 2489 per
916 2433 1065 2474 decem
1106 2446 1240 2473 annos
1281 2429 1471 2472 tenuisse
1513 2429 1684 2479 dicitur,

139 2503 238 2545 ideo
265 2503 552 2554 Hofmannus,
580 2504 654 2560 qui
681 2519 792 2547 anno
820 2506 873 2547 50
902 2505 1050 2547 decem
1079 2518 1212 2545 annos
1243 2502 1407 2559 imperii
1437 2500 1685 2544 Caesariani

139 2575 228 2617 ullo
255 2575 383 2617 modo
409 2576 639 2632 praeterire
655 2576 848 2632 potuisse
866 2583 1007 2633 neget,
1034 2591 1190 2618 novam
1210 2575 1320 2616 hanc
1334 2574 1540 2616 rationem
1559 2587 1685 2615 exeo·

142 2648 272 2704 gitat,
315 2654 363 2689 ut
401 2645 653 2690 Ciceronem
695 2648 778 2690 alio
819 2655 1008 2704 tempore
1053 2647 1304 2704 scripsisse,
1349 2646 1431 2688 alio
1473 2645 1684 2700 cogitasse

143 2727 326 2763 censeat.
375 2720 464 2763 Sed
487 2720 556 2762 fac
577 2735 724 2762 verum
749 2720 816 2770 sit,
844 2720 959 2775 quod
979 2720 1052 2763 vix
1070 2719 1297 2775 quisquam
1316 2718 1474 2774 poterit
1496 2716 1684 2766 credere,

142 2798 191 2834 ut
217 2791 371 2835 Cicero
400 2799 615 2847 tamquam
644 2798 769 2848 poeta
794 2793 939 2834 furore
969 2792 1172 2847 abreptus
1205 2790 1323 2833 aliud
1350 2789 1529 2839 dixerit,
1566 2787 1686 2831 aliud

144 2863 362 2920 cogitarit:
413 2863 540 2920 pauci
577 2863 690 2906 enim
728 2863 899 2906 omnino
938 2864 1031 2906 dies
1070 2864 1181 2905 inter
1220 2869 1456 2903 extremum
1496 2874 1685 2902 mensem

1331 2933 1416 2976 11*
