1846 3100
827 173 937 206 Index
963 183 1086 208 rerum.
1649 173 1731 217 385

182 285 371 330 Hispaniae
404 285 567 320 citerioris
600 285 735 325 legatus
770 283 910 317 Cluvius
943 284 1054 317 Rufus
1094 283 1167 318 145.
1219 285 1250 317 ei
1285 291 1419 328 praeest
1448 288 1612 332 iuridicus
1655 288 1731 325 148.

275 341 455 373 coniuncta
482 340 547 373 sub
571 338 698 372 Severo
723 348 800 371 cum
824 339 967 372 Asturia
996 337 1073 373 149.
1122 349 1239 372 rursus
1266 341 1433 374 disiuncta
1462 341 1536 377 150.

182 394 224 435 Q.
252 395 458 428 Hortensius
483 395 603 428 Italiae
629 398 766 436 praeest
790 391 847 426 54.

181 501 357 545 Illyricum
379 513 453 535 cum
480 502 581 535 Italia
607 501 822 534 coniunctum
852 499 904 533 14.
933 499 985 533 15.
1031 501 1204 542 provincia
1225 502 1389 543 quamdiu
1413 502 1518 538 fuerit
1543 504 1618 540 114.
1658 508 1741 542 Aur

274 557 367 598 gusti
390 558 427 589 in
450 567 492 589 ea
514 556 620 597 legati
650 554 724 588 122.

181 611 396 654 imperatoris
426 620 551 644 nomen
584 610 620 642 in
648 609 793 643 Caesare
825 609 968 650 eiusque
1000 609 1251 642 successoribus
1283 611 1383 652 quale
1409 611 1512 644 fuerit
1545 612 1623 647 232.
1672 616 1734 649 im-

273 670 471 708 peratorum
506 664 686 696 tribunicia
717 668 868 707 potestas
903 663 1015 705 qualis
1050 662 1152 696 fuerit
1188 661 1255 695 248
1283 674 1333 706 sq.
1369 665 1410 697 iis
1446 668 1584 700 comitia
1620 672 1735 703 omnia

277 719 528 768 permittuntur,
557 719 660 750 etiam
684 719 896 750 tribunorum
919 717 1026 758 plebis
1054 715 1133 750 253.
1173 718 1322 759 corporis
1347 720 1509 753 sanctitas
1535 732 1597 764 per
1623 728 1734 758 totum

273 773 455 815 imperium
483 773 584 804 datur
613 770 693 806 254.
742 777 893 814 potestas
921 771 1038 803 omnia
1064 771 1206 804 tollendi
1231 773 1331 804 datur
1358 772 1435 806 257.
1487 785 1655 809 summam
1682 779 1734 811 iu-

274 827 442 860 diciorum
459 831 493 858 et
507 837 640 869 poenae
658 827 878 859 remittendae
897 830 1101 868 potestatem
1119 825 1246 859 habent
1263 825 1340 859 258.
1380 829 1472 869 quod
1488 829 1542 863 ius
1560 833 1735 866 relationis

274 881 310 913 in
337 884 460 913 senatu
482 880 666 913 habuerint
690 878 766 914 260.
807 882 859 913 ius
887 880 1008 913 tertiae
1034 885 1068 912 et
1091 886 1232 922 quartae
1257 881 1431 914 relationis
1453 881 1529 916 262.
1571 886 1734 920 subsellio

234 948 241 952 ·
274 934 455 968 tribunicio
482 939 626 967 utuntur
650 933 751 968 263.
777 945 897 968 eorum
921 944 1046 967 uxores
1073 935 1254 967 tribunicia
1279 941 1446 978 potestate
1469 946 1633 973 ornantur
1656 939 1735 975 263.

274 999 392 1024 eorum
428 997 641 1021 successores
674 989 891 1022 tribuniciam
924 993 1126 1031 potestatem
1162 990 1332 1032 accipiunt
1361 989 1438 1024 264.
1467 992 1544 1028 265.
1589 995 1735 1039 impera-

262 1049 366 1077 tores
392 1042 528 1084 legibus
557 1044 761 1085 adoptantur
789 1048 824 1075 et
848 1043 1026 1085 imperium
1051 1043 1223 1085 accipiunt
1248 1043 1325 1078 299.
1373 1047 1436 1078 soli
1460 1057 1531 1080 rem
1554 1050 1735 1083 militarem

273 1096 512 1131 administrant
535 1095 614 1129 302.
666 1098 730 1130 soli
762 1098 954 1140 provincias
983 1098 1220 1143 imperatorias
1247 1106 1372 1141 regunt
1395 1100 1474 1134 306.
1523 1103 1634 1136 edicta
1658 1115 1735 1147 pro-

274 1156 408 1194 ponunt
434 1160 496 1192 pro
524 1151 705 1183 tribunicia
728 1156 894 1194 potestate
923 1150 1000 1185 307.
1043 1163 1105 1195 pro
1130 1153 1286 1186 censoria
1308 1159 1477 1196 potestate
1503 1155 1581 1190 308.
1622 1160 1734 1192 cultus

175 1240 178 1241 ⁷
272 1207 518 1248 imperatorum
544 1205 679 1237 divinus
706 1206 742 1237 in
766 1206 948 1248 provinciis
976 1205 1053 1241 375.

182 1262 364 1305 imperium
394 1260 554 1303 incipitur
581 1269 621 1292 eo
650 1260 720 1300 die,
753 1270 821 1303 quo
855 1261 913 1293 lex
938 1262 980 1294 de
1005 1272 1045 1294 eo
1069 1262 1180 1295 fertur
1206 1261 1366 1297 82193.
1419 1267 1581 1308 repetitur
1607 1269 1689 1302 item
1715 1282 1736 1303 a

273 1316 330 1349 die
356 1323 466 1347 novae
490 1314 578 1356 legis
608 1313 683 1348 194.

181 1371 316 1405 incolae
346 1371 398 1402 ius
429 1367 583 1409 suffragii
613 1368 743 1400 habent
769 1366 848 1401 282.
875 1367 954 1401 284.
979 1369 1056 1403 291.
1102 1372 1159 1413 qui
1189 1373 1325 1414 proprie
1349 1347 1502 1407 dicantur
1524 1373 1601 1408 283.
1652 1387 1735 1410 num

275 1425 319 1457 ad
350 1424 499 1456 honores
531 1423 754 1464 municipales
789 1424 929 1456 admissi
963 1423 1040 1458 284.
1089 1427 1146 1467 qui
1179 1427 1215 1458 in
1246 1428 1467 1470 municipium
1501 1431 1734 1472 commigrant,

276 1489 352 1511 cum
376 1477 578 1520 parentibus
603 1478 776 1509 donantur
802 1478 939 1510 civitate
966 1477 1043 1511 356.

182 1533 351 1576 Iosephus
377 1532 567 1574 explicatur
596 1529 675 1564 232.
700 1530 778 1564 237.

182 1588 287 1621 Italia
311 1587 386 1619 sola
407 1587 493 1619 duos
517 1586 690 1629 praesides
712 1586 817 1618 habet
842 1585 892 1620 16.
941 1592 1010 1619 tres
1035 1588 1207 1629 praesides
1231 1588 1337 1621 habet
1360 1587 1417 1623 53.
1465 1590 1588 1624 Italiae
1610 1602 1736 1626 nomen

273 1641 423 1675 Galliam
451 1639 662 1683 Cisalpinam
691 1641 922 1683 complectitur
955 1639 1010 1673 31.
1060 1642 1198 1683 quidam
1230 1643 1266 1674 in
1298 1653 1338 1675 ea
1368 1644 1483 1685 populi
1516 1646 1574 1678 diu
1602 1647 1736 1680 civitate

274 1699 391 1728 carent
413 1692 468 1727 40.
506 1703 567 1736 pro
592 1694 768 1736 provincia
790 1695 921 1727 minimi
945 1695 1073 1736 negotii
1099 1695 1247 1727 habetur
1269 1694 1324 1729 66.
1365 1698 1453 1730 desit
1471 1708 1546 1731 esse
1562 1702 1737 1742 provincia

273 1748 329 1783 70.
378 1748 524 1780 traditur
548 1748 716 1784 ambobus
741 1749 939 1782 consulibus
966 1748 1020 1782 72.
1069 1750 1143 1783 eius
1168 1750 1319 1783 civitates
1343 1750 1539 1786 foederatae
1560 1753 1639 1787 316.
1682 1756 1736 1789 ius

275 1804 446 1836 honorum
471 1806 543 1834 tota
568 1802 671 1834 habet
699 1800 778 1835 332.

184 1859 220 1891 in
250 1857 375 1890 iudicio
407 1866 484 1889 reus
513 1857 639 1889 mortui
672 1856 870 1888 laudatione
903 1855 1080 1888 adiuvatur
1113 1854 1168 1889 78.
1220 1858 1344 1890 iudicia
1378 1869 1438 1902 per
1466 1865 1576 1894 totum
1609 1872 1736 1896 annum

276 1911 349 1944 fieri
376 1909 451 1943 190.

118 1978 120 1982 ›
183 1966 264 2000 Iulii
285 1965 422 2008 plurimi
446 1964 536 1997 inter
560 1963 678 1997 Gallos
705 1968 740 1996 et
763 1961 952 1995 Germanos
980 1963 1191 2005 reperiuntur
1218 1963 1295 1998 329.

185 2020 225 2054 C.
250 2020 359 2053 Iulius
385 2019 558 2060 Agricola,
584 2018 695 2050 Taciti
719 2027 824 2050 socer.
855 2017 928 2049 eius
954 2027 1061 2058 genus
1089 2018 1277 2059 explicatur
1304 2018 1382 2052 331.

186 2074 226 2109 C.
255 2074 374 2108 Iulius,
399 2072 527 2106 Caesar
560 2073 716 2106 dictator.
770 2080 857 2112 quae
890 2071 921 2102 ei
954 2071 1146 2113 provinciae
1181 2077 1259 2105 ante
1295 2083 1365 2107 cos.
1395 2075 1547 2108 decretae
1579 2077 1648 2108 sint
1679 2075 1736 2110 66.

276 2128 448 2173 quomodo
482 2126 612 2160 Gallias
648 2125 815 2168 acceperit
849 2122 904 2157 69.
953 2125 1048 2166 prius
1082 2127 1153 2159 eius
1185 2128 1455 2169 quinquennium
1485 2128 1540 2162 73.
1591 2131 1736 2164 alterum

276 2182 549 2225 quinquennium
570 2184 775 2223 prorogatur
800 2177 856 2211 81.
906 2188 972 2220 quo
996 2189 1086 2212 anno
1112 2181 1256 2214 alterum
1281 2192 1350 2215 cos,
1371 2185 1655 2225 petere‘voluerit
1679 2184 1736 2218 83.

277 2235 332 2269 87.
359 2233 436 2268 176.
467 2234 540 2267 178.
575 2233 828 2277 proconsularis
847 2237 999 2274 potestas
1018 2234 1047 2266 ei
1065 2244 1155 2267 auno
1170 2233 1215 2268 49
1232 2237 1366 2269 decreta
1383 2236 1459 2271 202.
1504 2239 1573 2270 eius
1593 2248 1737 2280 regnum

277 2300 298 2322 a
331 2300 400 2332 quo
434 2290 489 2322 die
521 2293 715 2322 numeretur
751 2285 829 2319 204.
890 2297 959 2329 quo
993 2290 1047 2321 die
1078 2290 1223 2331 primum
1259 2291 1402 2323 dictator
1435 2292 1545 2325 factus
1581 2293 1625 2325 sit
1656 2292 1735 2326 205.

278 2344 440 2388 quamdiu
472 2344 618 2386 primum
650 2346 686 2377 in
716 2348 801 2380 urbe,
831 2349 1059 2377 commoratus
1091 2345 1135 2377 sit
1165 2343 1242 2377 206.
1293 2346 1419 2387 spernit
1444 2347 1644 2379 dictaturam
1672 2348 1736 2380 sibi

276 2399 427 2431 oblatam
454 2397 532 2431 207.
574 2401 770 2435 consulatus
794 2402 879 2434 alter
903 2397 980 2432 209.
1021 2409 1088 2441 qua
1111 2403 1279 2441 potestate
1299 2408 1354 2431 res
1373 2399 1626 2442 Aegyptiorum
1646 2411 1736 2434 com-

248 2489 250 2491 ,
279 2453 431 2497 posuerit
457 2451 533 2485 212.
575 2454 648 2486 eius
675 2460 793 2488 omnes
819 2456 1006 2487 dictaturae
1033 2457 1251 2485 numerantur
1276 2451 1355 2485 215.
1396 2455 1533 2494 quando
1559 2455 1603 2486 ab
1629 2455 1736 2487 Phar-

281 2507 386 2540 salico
415 2507 506 2540 bello
532 2507 678 2540 Romam
706 2510 883 2542 reverterit
914 2506 991 2540 217.
1042 2506 1237 2539 consulatus
1269 2507 1389 2539 tertius
1418 2505 1495 2539 220.
1549 2518 1667 2551 pugna
1694 2510 1737 2541 ad

277 2561 454 2603 Thapsum
485 2560 563 2594 221.
612 2563 777 2596 dictatura
802 2564 902 2595 tertia
928 2559 1006 2594 222.
1055 2562 1192 2602 quando
1226 2561 1262 2592 in
1286 2561 1414 2593 bellum
1439 2552 1637 2594 Mundense
1657 2573 1736 2604 pro-

276 2614 385 2647 fectus
422 2613 500 2649 223.
549 2617 746 2650 consulatus
779 2622 919 2659 quartus
950 2613 1028 2647 224.
1077 2615 1276 2646 consulatus
1306 2616 1422 2647 decem
1455 2625 1622 2648 annorum
1654 2614 1733 2650 225.

277 2668 467 2711 triumphus
482 2666 688 2711 Hispanicus
714 2668 792 2704 226.
830 2671 997 2703 dictatura
1016 2674 1138 2711 quarta
1158 2670 1342 2710 eademque
1366 2673 1527 2710 perpetua
1553 2667 1633 2703 229.
1657 2668 1734 2702 238.

278 2723 350 2755 eius
377 2721 498 2753 titulus
530 2722 766 2764 imperatorius
795 2729 828 2756 et
854 2729 937 2766 quot
961 2724 1031 2756 eius
1055 2723 1218 2755 victoriae
1243 2722 1368 2757 fuerint
1394 2720 1473 2755 234.
1515 2724 1735 2764 magistratus

277 2776 320 2808 ab
344 2785 385 2807 eo
411 2775 447 2807 in
471 2784 599 2809 annum
617 2774 662 2810 48
685 2787 716 2810 a.
734 2777 814 2811 Chr.
839 2778 941 2811 creati
966 2775 1042 2816 241,
1066 2777 1102 2808 in
1125 2785 1251 2808 annum
1273 2774 1317 2808 47
1342 2781 1376 2808 et
1398 2774 1442 2808 46
1465 2775 1546 2809 facti
1563 2774 1641 2810 243.
1691 2778 1736 2810 ad

276 2839 444 2863 annorum
478 2830 646 2864 rationem
681 2833 953 2877 componendam
987 2829 1179 2873 praefectos
1211 2830 1248 2861 in
1280 2829 1364 2862 urbe
1390 2835 1480 2863 creat
1507 2828 1584 2863 244.
1634 2841 1734 2873 quam

279 2884 495 2917 comitiorum
513 2888 716 2925 potestatem
737 2885 904 2927 acceperit
923 2884 1003 2918 245.
1028 2883 1107 2918 252.
1152 2884 1226 2916 eius
1251 2884 1431 2916 tribunicia
1451 2890 1604 2926 potestas
1627 2886 1734 2928 expli-

1411 2943 1464 2987 25
