1846 3100
186 173 268 217 260
621 174 676 206 De
707 175 882 207 dictatoris
910 174 1067 207 Caesaris
1099 174 1297 208 honoribus.

186 285 336 329 tollere
364 290 524 342 posset,
557 288 718 325 tantam
747 283 887 326 videri
917 283 1000 326 sibi
1031 288 1197 340 poterat
1225 282 1384 327 habere
1411 285 1657 341 potentiam,
1688 292 1737 328 ut

187 365 229 402 et
256 356 471 400 triumviri
497 361 752 412 potestatem
783 356 1015 412 deponeret
1046 361 1090 397 et
1121 355 1252 397 altero
1279 355 1375 398 loco
1403 357 1619 400 consulari
1646 357 1735 415 pri-

186 430 296 474 vatis
330 428 577 472 hominibus
608 427 791 470 cederet.
849 428 1000 483 Itaque
1029 442 1139 469 anno
1165 427 1218 470 23
1250 443 1287 470 a.
1315 425 1418 470 Chr.
1453 428 1630 472 satiatus
1657 429 1736 471 ho-

185 502 364 546 noribus
407 501 679 544 consulatum
708 500 986 542 undecimum
1015 499 1215 557 deposuit
1247 514 1425 556 eamque
1456 501 1512 544 ob
1541 501 1737 545 modera-

185 575 344 618 tionem
375 573 498 617 novis
537 573 721 616 decretis
750 579 926 615 ornatus
957 579 1034 615 est.
1083 571 1154 614 De
1183 571 1341 628 quibus
1373 587 1482 628 quae
1505 573 1593 617 Dio
1614 574 1736 625 LIII,

187 647 241 691 32
277 648 421 698 refert,
464 662 596 703 supra
634 645 761 687 allata
792 651 905 695 sunt,
934 645 1135 687 nimirum
1165 644 1409 688 decrevisse
1448 654 1656 698 senatum,
1690 654 1738 690 ut

186 720 386 763 tribunus
415 719 554 776 plebis
585 725 818 775 perpetuus
849 724 963 760 esset
994 723 1035 759 et
1065 716 1118 759 de
1146 732 1234 759 una
1256 716 1411 773 aliqua,
1428 733 1558 774 quam
1575 719 1735 763 voluis-

187 799 265 843 set,
295 807 342 835 re
371 793 410 835 ei
438 792 483 834 in
510 791 665 847 quovis
696 796 847 833 senatu
875 790 1002 833 etiam
1031 803 1129 830 cum
1160 789 1387 831 consulatu
1418 805 1504 833 non
1530 791 1735 848 fungere-

186 873 270 916 tur,
311 864 561 907 relationem
599 863 738 906 facere
776 863 934 906 liceret.
1001 861 1085 903 His
1126 861 1206 903 etsi
1245 862 1483 904 secundum
1526 879 1589 915 ea,
1625 879 1735 920 quae

186 938 404 994 disputata
423 943 536 986 sunt,
555 935 927 993 amplificationem
946 933 1184 976 tribunicae
1202 935 1426 990 potestatis
1448 935 1629 978 indicari
1647 937 1735 980 col-

184 1011 391 1068 ligemus,
430 1009 548 1066 quod
584 1016 724 1051 tamen
764 1006 1035 1065 potissimum
1074 1020 1233 1048 novum
1276 1007 1345 1049 ius
1385 1008 1600 1051 adiectum
1639 1024 1736 1052 esse

186 1083 367 1134 dicatur,
400 1098 485 1125 non
514 1082 638 1124 facile
668 1089 732 1124 est
760 1081 815 1123 ad
844 1077 1164 1122 inveniendum.
1213 1078 1334 1133 Quid
1357 1080 1472 1123 enim
1490 1089 1592 1133 erat,
1617 1082 1736 1139 quod

186 1157 240 1200 ad
269 1157 440 1212 plenam
469 1154 599 1204 illam,
625 1169 754 1210 quam
785 1152 988 1208 deinceps
1019 1151 1297 1208 imperatores
1326 1152 1581 1204 habuerunt,
1615 1161 1734 1210 pote-

187 1236 338 1271 statem
367 1228 566 1271 deesset?
597 1226 715 1282 quid,
744 1225 861 1281 quod
889 1223 944 1265 ad
973 1231 1160 1266 veterem
1186 1224 1456 1268 tribunorum
1482 1233 1733 1282 potestatem

185 1301 471 1344 adficeretur?
527 1298 726 1342 Habebat
753 1296 986 1354 Augustus
1016 1311 1102 1338 non
1129 1303 1294 1339 tantum
1320 1298 1477 1349 omnia,
1503 1313 1613 1354 quae
1645 1299 1733 1341 sin-

187 1374 302 1431 gulis
337 1373 521 1416 tribunis
552 1371 751 1420 licebant,
788 1385 939 1412 verum
969 1369 1095 1411 etiam
1132 1369 1176 1410 in
1205 1369 1512 1413 intercedendo
1550 1378 1592 1414 et
1621 1371 1735 1414 iudi-

186 1446 322 1489 cando
346 1446 477 1488 totius
506 1445 631 1501 quasi
662 1443 833 1500 collegii
861 1457 974 1484 unus
1001 1441 1094 1498 ipse
1119 1441 1263 1483 locum
1291 1442 1522 1485 obtinebat.
1562 1442 1734 1486 Verun-

184 1526 326 1562 tamen
374 1518 409 1560 si
456 1524 645 1560 veterem
695 1514 966 1558 tribunorum
1010 1520 1263 1571 potestatem
1305 1513 1473 1558 duabus
1519 1522 1734 1571 tamquam

185 1592 380 1649 partibus
411 1590 653 1633 constitisse
684 1588 925 1638 statuimus,
957 1603 1056 1638 una,
1089 1593 1137 1629 ut
1165 1586 1371 1642 quiequid
1401 1586 1518 1643 plebi
1547 1594 1733 1638 noceret,

184 1664 457 1721 impedirent,
487 1663 632 1713 altera,
668 1669 715 1704 ut
750 1661 864 1717 quod
902 1660 1108 1717 prodesse
1141 1659 1180 1702 ei
1211 1659 1501 1702 existimarent
1533 1660 1751 1716 idemque

185 1737 239 1781 ab
272 1743 422 1779 senatu
454 1735 766 1790 curulibusque
798 1733 1123 1790 magistratibus
1154 1733 1318 1789 negligi
1345 1732 1553 1785 viderent,
1583 1734 1628 1776 id
1652 1735 1734 1791 ipsi

185 1816 375 1867 agerent,
406 1808 450 1850 in
492 1808 565 1850 illa
602 1807 688 1850 iam
723 1807 954 1863 Augustus
987 1821 1116 1862 supra
1147 1805 1407 1861 collegarum
1437 1806 1734 1862 aequalitatem

187 1890 380 1933 evectus,
409 1882 453 1923 in
483 1881 564 1923 hac
599 1880 651 1923 iis
678 1895 756 1936 par
785 1886 888 1930 erat,
919 1886 967 1921 ut
995 1893 1080 1921 non
1111 1878 1207 1934 plus
1236 1886 1381 1934 posset
1413 1893 1542 1934 quam
1561 1879 1733 1936 singuli.

187 1955 335 2010 Quare
370 1954 417 1997 id
448 1954 487 1996 ei
517 1953 666 1996 datum
696 1968 790 1995 esse
817 1951 1038 2008 probabile
1069 1950 1253 2000 videtur,
1288 1957 1337 1992 ut
1367 1951 1494 1993 etiam
1522 1950 1566 1993 in
1593 1951 1734 1994 feren-

185 2029 252 2072 dis
276 2028 401 2070 novis
430 2026 600 2083 legibus
629 2027 728 2082 plus
759 2031 904 2082 posset
933 2039 1062 2080 quam
1090 2022 1245 2078 reliqui
1277 2022 1451 2065 tribuni.
1505 2024 1598 2066 Iam
1632 2039 1733 2081 pro-

185 2100 303 2156 prius
343 2099 466 2154 quasi
509 2098 779 2141 tribunorum
819 2097 976 2153 agendi
1015 2097 1137 2138 locus
1171 2095 1271 2138 olim
1302 2096 1442 2138 fuerat
1477 2096 1521 2138 in
1551 2098 1732 2141 comitiis

185 2171 371 2222 tributis,
399 2171 558 2227 quibus
587 2170 758 2213 licentia
789 2185 936 2212 eorum
972 2176 1186 2218 creverat;
1229 2175 1332 2210 tunc
1363 2168 1516 2211 horum
1545 2171 1734 2228 potentia

186 2244 343 2287 abolita
370 2243 513 2285 omnia
541 2258 619 2299 per
642 2249 837 2284 senatum
866 2240 1192 2297 incipiebantur,
1218 2239 1332 2295 plebi
1356 2240 1494 2284 inanis
1512 2243 1732 2299 potestatis

187 2316 352 2374 species
377 2316 523 2358 relicta
553 2321 641 2357 est:
674 2329 804 2370 quare
831 2314 877 2355 in
908 2319 1059 2356 senatu
1089 2311 1361 2368 potissimum
1382 2313 1587 2371 Augusto
1611 2330 1732 2372 prae-

184 2389 357 2445 cipuum
402 2387 578 2444 aliquod
619 2387 688 2430 ius
738 2386 946 2429 tributum
991 2399 1085 2427 esse
1128 2384 1416 2428 coniiciemus.
1479 2386 1631 2442 quue
1678 2385 1732 2429 ab

184 2461 328 2503 Dione
369 2460 463 2516 ipso
509 2459 731 2509 ducimur,
772 2459 846 2514 qui
885 2457 939 2500 ab
983 2464 1132 2499 senatu
1173 2457 1289 2500 hunc
1330 2473 1491 2501 novum
1527 2459 1733 2501 honorem

184 2534 388 2590 Augusto
417 2532 637 2574 decretum
667 2547 762 2574 esse
794 2529 963 2580 scribit3
1003 2545 1102 2571 nam
1130 2544 1239 2584 quae
1270 2537 1391 2573 antea
1424 2531 1478 2574 de
1504 2530 1734 2573 tribunicia

183 2613 393 2663 potestate
434 2605 472 2647 ei
516 2604 614 2647 data
652 2611 783 2654 erant,
823 2618 871 2645 ea
908 2617 933 2643 a
974 2602 1134 2658 populo
1170 2617 1223 2644 ex
1253 2603 1500 2645 auctoritate
1531 2602 1733 2645 videlicet

187 2685 359 2721 senatus
391 2677 562 2719 decreta
594 2691 689 2719 esse
717 2676 786 2718 vel
813 2674 1040 2731 perspicue
1073 2674 1178 2716 dicit
1205 2675 1322 2731 (libr.
1350 2675 1526 2726 XLIX,
1561 2675 1631 2729 15)
1662 2674 1732 2717 vel

183 2758 293 2793 tecte
319 2748 533 2806 significat
557 2748 672 2800 (libr.
703 2748 780 2798 LI,
817 2747 900 2802 19).
952 2746 1049 2788 Hoc
1083 2753 1225 2789 autem
1254 2747 1350 2790 loco
1377 2748 1494 2803 quod
1525 2762 1550 2790 a
1580 2753 1731 2789 senatu

184 2821 457 2864 tribuniciam
489 2827 739 2877 potestatem
769 2825 1020 2876 perpetuam
1051 2818 1255 2862 tributam
1288 2835 1382 2862 esse
1419 2819 1489 2870 ait,
1517 2819 1622 2875 quid
1652 2832 1730 2875 po-

184 2900 267 2936 test
300 2893 424 2936 esse?
478 2893 632 2950 Neque
673 2892 787 2936 enim
822 2893 1024 2946 Augusto
1062 2899 1267 2948 regnante
1307 2891 1444 2950 plebis
1477 2891 1536 2933 ita
1565 2890 1732 2934 sublata
