1846 3100
571 150 624 182 De
650 150 821 183 dictatoris
848 149 1004 182 Caesaris
1031 150 1228 183 honoribus.
1593 148 1674 193 ‘209

125 261 390 305 urbanarum
427 267 617 319 potestas
654 259 826 301 videtur
864 259 935 301 illa
977 259 1133 309 fuisse,
1181 274 1265 315 qua
1303 258 1534 304 Caesarem
1578 277 1676 304 cum

126 335 313 392 primum
341 334 548 390 Pompeio
575 332 696 374 Italia
734 332 859 388 pulso
890 331 1070 374 Romam
1109 332 1305 382 intraret,
1348 341 1543 376 ornatum
1579 351 1675 378 esse

127 423 258 464 supra
285 407 397 449 dixi:
437 421 545 462 quae
576 421 671 448 cum
698 405 742 446 in
770 404 916 460 plures
946 419 1093 454 annos,
1124 411 1172 445 ut
1193 405 1356 460 opinor,
1388 406 1528 449 delata
1549 415 1675 458 esset,

125 480 253 522 etiam
290 486 457 536 postea,
503 479 538 520 si
575 477 747 533 quando
786 476 880 518 aliis
916 476 1150 518 honoribus
1188 486 1378 529 vacaret,
1422 479 1675 522 sufficiebat.

127 551 250 605 Quae
279 566 376 593 cum
402 550 461 593 ita
491 550 590 599 sint,
618 557 659 591 et
678 548 927 605 Appianum
954 564 1038 591 non
1069 549 1196 591 modo
1227 564 1340 600 vere,
1372 566 1522 594 verum
1550 553 1676 595 etiam

125 624 301 679 reliquis
331 622 578 666 auctoribus
611 621 827 678 copiosius
854 622 1109 673 tradidisse,
1144 631 1182 664 et
1213 631 1327 666 recte
1355 640 1527 667 versum
1554 626 1675 667 illum

125 697 333 738 fastorum
359 694 695 752 Capitolinorum
724 710 749 737 a
778 695 881 736 viris
912 694 1049 736 doctis
1079 695 1239 751 expleri
1270 696 1560 754 intelligemus
1590 698 1673 741 sic:

128 766 180 810 C·
207 768 431 811 IVLIVS·
461 767 513 811 G·
544 769 594 810 F·
625 766 676 809 C·
709 767 760 809 N·
791 765 1036 808 CAESAR

627 837 980 898 DIC[TATOR-
1015 838 1225 882 COMIT-
1258 841 1400 883 HAB·
1432 839 1673 885 CAVSSA

127 913 245 955 Addi
271 912 338 955 his
361 919 527 969 posset:
562 912 654 954 ET·
677 911 1057 954 LATINARVM-
1079 913 1411 956 FERIARVM·
1433 912 1675 957 CAVSSA

126 987 243 1042 (nam
281 986 358 1028 has
396 985 448 1027 ab
481 1000 531 1027 eo
560 985 794 1028 celebratas
825 1000 919 1027 esse
953 991 1119 1036 constat
1149 986 1338 1041 aliosque
1367 987 1542 1029 ob-eam
1574 1002 1676 1029 cau-

127 1073 218 1100 sam
253 1057 481 1100 dictatores
519 1059 698 1112 factos),
737 1058 813 1100 sed
852 1058 1058 1114 spatium,
1101 1057 1218 1113 quod
1248 1073 1432 1100 vacuum
1465 1066 1549 1109 est,
1593 1075 1676 1100 non

126 1129 299 1172 videtur
325 1136 387 1172 tot
419 1131 551 1173 verba
581 1145 746 1187 capere.

239 1203 458 1246 Successit
484 1203 589 1245 alter
617 1201 814 1246 Caesaris
842 1203 1102 1250 consulatus,
1133 1202 1187 1252 is,
1219 1202 1273 1244 de
1298 1218 1384 1258 quo
1413 1203 1549 1245 omnis
1583 1203 1676 1246 bel-

127 1275 266 1317 lorum
297 1275 488 1318 civilium
517 1276 731 1318 contentio
759 1283 988 1325 exarserat,
1020 1275 1126 1331 ipsis
1159 1275 1306 1316 decem
1334 1282 1560 1331 postquam
1588 1275 1676 1331 pri-

128 1363 245 1389 mum
275 1348 423 1404 gessit,
455 1349 576 1391 annis
609 1354 851 1403 susceptus,
883 1346 1247 1403 quemadmodum
1278 1344 1440 1390 Caesar
1468 1348 1566 1391 bell.
1595 1348 1675 1389 civ.

127 1420 207 1470 ΠΙ,
242 1422 256 1462 1
295 1421 371 1462 ait:
415 1423 487 1462 illo
515 1435 626 1461 anno
653 1436 691 1462 se
713 1435 788 1474 per
816 1423 920 1473 leges
951 1422 1155 1461 consulem
1180 1422 1281 1471 fieri
1307 1423 1478 1462 licuisse.
1536 1421 1676 1463 Perti-

127 1499 200 1534 net
231 1507 280 1535 eo
311 1508 463 1536 versus
495 1500 674 1549 quartus
705 1492 934 1547 fragment-i
965 1491 1219 1549 Capitolini:

131 1562 182 1607 C·
215 1563 437 1609 IVLIVS·
467 1563 517 1608 C·
551 1565 597 1606 F·
629 1563 679 1608 C·
707 1565 760 1608 N·
795 1563 1040 1607 CAESAR
1066 1565 1111 1606 ΙΙ

308 1637 357 1679 Ρ·
388 1636 745 1695 SER[V1LIVS·
776 1638 826 1679 P·
859 1638 908 1679 F·
942 1636 992 1680 C·
1024 1637 1077 1679 N·
1109 1636 1314 1679 VATIA-
1348 1636 1674 1681 ISAVRICVS

130 1708 401 1764 Quamquam
427 1724 524 1751 eum
551 1724 636 1751 non
665 1709 709 1750 in
734 1710 841 1751 urbe
869 1709 963 1751 iniit
990 1707 1163 1759 Caesar,
1197 1709 1272 1751 sed
1302 1710 1547 1760 Brundisii3
1577 1725 1676 1752 nam

129 1782 243 1838 App.
274 1781 374 1824 bell.
404 1782 483 1824 civ.
510 1781 577 1832 II,
612 1781 664 1823 48
697 1797 795 1824 eum
825 1780 1058 1824 Decembri
1091 1796 1236 1824 mense
1268 1789 1307 1823 et
1338 1782 1425 1823 Dio
1455 1782 1590 1832 XLI,
1622 1782 1674 1824 39

129 1861 354 1909 antequam
373 1855 643 1896 consulatum
665 1855 972 1910 auspicaretur,
997 1854 1129 1896 Roma
1148 1854 1288 1896 exisse
1308 1853 1514 1904 scribunt,
1535 1855 1676 1895 Brun-

129 1926 240 1968 disio
271 1934 412 1969 autem
441 1927 552 1983 prid.
581 1926 691 1969 Non.
719 1928 808 1969 Ian.
839 1942 971 1969 naves
1001 1942 1045 1968 se
1077 1927 1256 1969 solvisse
1282 1925 1375 1982 ipse
1405 1933 1548 1968 narrat
1578 1926 1676 1968 bell.

131 1999 211 2042 civ.
237 1998 318 2050 ΠΙ,
350 1999 388 2042 6.
445 1999 604 2041 Totum
629 1999 764 2056 igitur
793 2000 1062 2042 consulatum
1089 1999 1222 2056 gessit
1246 1998 1414 2049 absens,
1447 2014 1546 2040 cum
1574 1998 1676 2040 Ser-

130 2071 282 2122 vilius,
323 2072 397 2127 qui
436 2087 550 2114 unus
580 2072 634 2114 ab
662 2072 794 2114 Dion.
822 2072 984 2121 XLII,
1019 2073 1067 2115 17
1107 2072 1150 2113 in
1180 2072 1310 2114 rebus
1343 2070 1518 2113 urbanis
1548 2070 1677 2112 huius

129 2143 331 2199 temporis
360 2144 583 2186 narrandis
613 2151 980 2193 commemoratur,
1010 2144 1151 2186 omnia
1179 2159 1355 2186 munera
1383 2143 1499 2186 solus
1528 2142 1676 2184 obiret.

130 2214 289 2257 Tenuit
327 2222 468 2258 tamen
506 2216 756 2273 dignitatem
789 2217 978 2259 consulis
1011 2214 1173 2258 Caesar
1203 2216 1328 2258 etiam
1358 2215 1536 2265 absens;
1580 2230 1678 2256 nam

131 2301 229 2329 cum
259 2294 448 2330 extremo
475 2303 586 2330 anno
616 2288 668 2331 48
702 2287 1008 2330 Alexandriam
1038 2288 1250 2338 venisset,
1293 2287 1440 2329 scribit
1467 2287 1565 2330 bell.
1595 2287 1676 2329 civ.

129 2357 210 2408 III,
235 2359 309 2402 107
341 2374 418 2415 pro
450 2360 675 2402 consulatu
703 2375 830 2416 quem
862 2367 1043 2416 gereret,
1075 2375 1120 2402 se
1141 2375 1292 2416 regum
1312 2359 1677 2415 Aegyptiacorum

133 2431 445 2474 controversias
485 2431 540 2474 ad
583 2448 710 2474 suum
753 2432 962 2474 iudicium
1004 2447 1196 2474 vocasse.
1266 2430 1355 2474 Sed
1385 2431 1546 2474 Romae
1583 2438 1679 2488 post

132 2515 321 2556 pugnam
357 2504 647 2547 Pharsalicam
688 2512 861 2546 senatus
903 2505 1174 2561 populusque
1218 2504 1352 2546 multa
1390 2504 1435 2545 in
1474 2503 1678 2545 honorem

135 2570 332 2616 Caesaris
360 2574 563 2627 decrevit,
593 2577 647 2618 de
675 2576 833 2631 quibus
861 2577 948 2618 Dio
973 2576 1122 2626 XLII,
1154 2576 1202 2619 18
1223 2591 1283 2630 sq.
1313 2575 1375 2618 sic
1403 2582 1559 2626 narrat,
1590 2575 1677 2632 pri-

134 2658 250 2685 mum
279 2645 404 2688 allato
433 2647 486 2689 de
514 2648 694 2690 victoria
721 2648 871 2690 nuntio
903 2648 1008 2690 nihil
1036 2648 1154 2691 aliud
1184 2662 1278 2689 esse
1309 2647 1483 2697 factum,
1516 2647 1600 2689 nisi
1630 2653 1679 2689 ut

134 2715 255 2772 plebs
296 2715 376 2759 Cn.
415 2718 609 2775 Pompeii
649 2727 691 2762 et
727 2720 780 2762 L.
815 2719 961 2762 Sullae
1003 2726 1163 2763 statuas
1205 2735 1280 2775 pro
1324 2719 1472 2761 rostris
1517 2719 1676 2774 posit-as

134 2794 344 2831 everteret
383 2789 471 2842 (τὰς
510 2792 581 2844 μὲν
623 2792 781 2838 εἰκόνας
815 2797 885 2834 τοῦ
917 2809 958 2834 τε
990 2792 1207 2848 Πομπηΐου
1240 2792 1307 2832 καὶ
1339 2795 1410 2832 τοῦ
1440 2791 1578 2832 Σύλλα
1608 2791 1678 2835 τὰς

137 2861 200 2901 ἐπὶ
238 2865 296 2917 τῷ
338 2862 485 2916 βήματι
521 2862 701 2908 ἑστώσας
735 2865 919 2915 ἀνεῖλον,
960 2865 1060 2906 ἄλλο
1109 2865 1152 2905 δὲ
1194 2863 1311 2904 οὐδὲν
1346 2862 1433 2903 τότε
1467 2862 1676 2919 ἔπραξαν),

1359 2933 1408 2976 14
