1846 3100
227 148 305 191 188
565 152 620 184 De
645 151 760 184 Gallia
784 153 1016 186 Romanorum
1039 154 1213 196 provincia
1238 155 1420 196 appendix.

222 258 444 302 inauditus
470 266 548 310 est,
577 259 828 302 existimem.
883 259 1014 313 Quod
1045 258 1136 303 Cal.
1163 260 1333 305 Martiis
1359 264 1512 321 vigiles
1539 264 1600 307 illi
1631 265 1676 306 in
1705 271 1768 307 ta-

221 330 346 374 bulas
375 332 577 375 frumenti
607 331 769 389 publici
798 339 1026 375 narrantur
1055 347 1150 376 esse
1180 333 1400 391 inscripti,
1445 336 1562 380 haud
1596 337 1684 380 scio
1715 352 1769 379 an

221 404 328 446 nihil
357 405 566 455 ostendit,
610 406 792 447 fortasse
830 405 911 447 hoe
947 421 1105 456 unum,
1146 407 1215 448 vel
1243 407 1442 451 omnibus
1470 406 1675 452 Calendis
1701 409 1770 452 vel

223 475 315 519 Cal.
334 477 504 520 Martiis
535 479 693 534 (neque
722 477 835 519 enim
863 477 917 520 de
943 477 1023 520 hac
1052 494 1097 521 re
1129 495 1153 521 a
1178 480 1396 536 proposito
1425 487 1571 524 nostro
1598 482 1769 525 alienis-

222 550 330 592 sima
370 550 452 593 hoc
489 550 583 592 loco
621 565 824 605 quaerere
865 553 1119 607 possumus)
1157 552 1326 596 tabulas
1364 553 1567 596 frumenti
1607 553 1768 610 publici

222 637 316 665 esse
347 629 559 665 correctas
596 629 723 678 atque
759 622 803 664 in
839 623 1160 666 demortuorum
1191 624 1331 667 locum
1361 625 1467 668 alios
1499 625 1769 677 substitutos,

221 695 276 737 de
305 709 415 737 anno
442 695 612 737 militari
641 710 694 737 ex
723 695 930 752 vestigiis,
961 710 1068 751 quae
1098 695 1206 739 adeo
1235 697 1353 740 nulla
1382 697 1479 749 sint,
1512 698 1656 755 colligi
1684 714 1769 741 non

219 767 331 810 licet.
391 767 453 809 At
493 768 665 809 omnino
702 768 780 818 ait,
823 767 962 810 sicubi
988 768 1164 819 milites,
1204 770 1278 825 qui
1306 770 1466 826 pariter
1493 770 1522 812 i.
1551 786 1587 814 e.
1618 771 1770 814 eodem

221 855 332 882 anno
362 839 532 882 militari
563 840 776 896 stipendia
803 841 944 883 facere
974 842 1205 898 coeperint,
1235 849 1551 894 recenseantur,
1581 858 1654 886 eos
1684 844 1770 887 dici

221 912 393 955 duobus
426 912 720 955 consulatibus
751 912 942 955 militiam
973 913 1119 956 inisse.
1174 913 1361 965 Vereor,
1395 931 1449 958 ne
1479 916 1544 958 vir
1571 915 1769 959 doctissi-

219 1000 316 1027 mus
344 1000 422 1042 per
450 985 597 1027 orbem
624 985 838 1040 quendam
869 985 1162 1028 ratiocinando
1192 985 1245 1028 ab
1271 1002 1320 1029 co
1343 987 1653 1044 proficiscatur,
1683 1004 1769 1045 quo

221 1058 559 1114 perveniendum
586 1058 640 1099 sit
665 1072 715 1100 ac
737 1057 854 1113 quod
877 1057 1259 1100 demonstrandum
1280 1059 1348 1110 sit,
1373 1074 1452 1116 pro
1472 1067 1588 1103 certo
1607 1068 1766 1104 sumat:

219 1144 298 1172 nec
309 1144 386 1173 con
393 1130 665 1173 suetudinem
676 1129 792 1172 illam
805 1144 882 1185 per
894 1129 1003 1172 duos
1017 1131 1266 1174 consulatus
1281 1133 1643 1175 recensendorum
1658 1133 1769 1175 mili-

220 1210 312 1244 tum
335 1209 598 1245 constantem
620 1216 714 1244 esse
730 1201 823 1258 ipse
841 1202 970 1258 paulo
990 1210 1086 1259 post
1104 1219 1142 1259 p.
1164 1204 1212 1246 15
1226 1205 1396 1246 fatetur.
1432 1204 1692 1260 Plerumque
1708 1205 1769 1248 sic

219 1275 312 1317 fieri
342 1275 459 1324 dicit,
490 1274 688 1317 umbram
707 1275 848 1317 -etiam
879 1274 995 1317 illam
1025 1276 1199 1318 rationis
1231 1275 1470 1319 destruens.
1525 1276 1637 1319 Nam
1665 1284 1770 1332 quot

221 1362 376 1390 causae
402 1347 579 1404 reperiri
605 1354 800 1403 possunt,
829 1362 906 1389 cur
933 1347 1088 1390 milites
1116 1354 1252 1390 aetate
1281 1364 1330 1391 ac
1355 1349 1665 1405 stipendiorum
1686 1365 1768 1392 nu-

221 1434 337 1462 mero
367 1420 550 1476 proximi
581 1420 863 1462 communiter
894 1420 1056 1476 aliquid
1081 1421 1300 1477 posuerint
1318 1436 1366 1463 ac
1385 1421 1653 1464 dedicarint?
1699 1422 1768 1464 Ex

220 1492 427 1549 exemplis
455 1499 617 1543 autem,
656 1508 764 1548 quae
801 1493 1061 1543 afferuntur,
1104 1493 1287 1549 primum
1323 1501 1435 1537 certe
1473 1493 1559 1536 huc
1596 1494 1769 1537 minime

222 1564 419 1621 pertinet.
487 1565 596 1608 Nam
625 1565 742 1622 apud
772 1565 968 1607 Henzen.
999 1581 1041 1607 n.
1068 1566 1177 1609 6863
1209 1573 1370 1623 septem
1401 1565 1554 1608 milites
1584 1566 1768 1610 cohortis

219 1638 453 1694 praetoriae
491 1652 602 1679 anno
636 1638 714 1680 150
749 1644 924 1694 propter
963 1638 1207 1681 missionem
1246 1638 1469 1682 honestam
1505 1638 1632 1695 genio
1668 1654 1768 1682 cen-

220 1711 355 1753 turiae
394 1725 510 1753 aram
549 1710 744 1766 posuisse
783 1710 1006 1761 dicuntur,
1049 1726 1102 1754 ex
1131 1711 1289 1766 quibus
1319 1710 1508 1767 quinque
1534 1725 1646 1753 anno
1677 1711 1767 1762 133,

220 1783 308 1825 duo
339 1797 450 1825 anno
486 1782 562 1825 '134
593 1782 773 1824 militare
803 1789 1038 1838 coeperant.
1095 1782 1165 1825 Ex
1195 1797 1280 1837 qua
1307 1783 1581 1839 inscriptione
1609 1783 1645 1826 si
1674 1783 1766 1840 opi-

218 1856 358 1898 nionis
389 1870 491 1897 suae
519 1861 820 1911 argumentum
851 1855 1047 1911 quamvis
1068 1863 1195 1898 tenue
1217 1870 1384 1898 sumere
1405 1855 1546 1905 vellet,
1577 1854 1766 1898 Momm-

220 1928 365 1971 senius
405 1928 560 1971 docere
597 1927 803 1977 debebat,
844 1928 1032 1984 quinque
1063 1928 1156 1970 illos
1189 1928 1343 1970 milites
1371 1934 1470 1984 post
1501 1925 1593 1970 Cal.
1623 1928 1766 1979 Mart„

219 2001 330 2042 duos
371 2007 468 2043 ante
508 1998 600 2043 Cal.
637 2000 766 2042 Mart.
810 2000 970 2043 milites·
1001 2014 1094 2042 esse
1137 2001 1294 2049 factos3
1344 2000 1466 2043 aliter
1501 1999 1614 2042 enim
1656 2000 1768 2043 intra

218 2072 347 2115 unius
377 2072 497 2123 anni,
539 2087 666 2128 quem
695 2080 835 2128 putat,
876 2072 982 2115 fines
1012 2086 1093 2113 non
1123 2078 1393 2122 coercentur,
1435 2071 1527 2122 vel,
1567 2072 1764 2127 quoniam

218 2143 294 2185 hoc
320 2143 412 2186 fieri
439 2159 524 2186 non
550 2151 727 2200 poterat,
754 2144 1000 2199 missionem
1017 2144 1238 2186 honestam
1256 2151 1352 2199 post
1366 2145 1558 2200 ipsorum
1578 2144 1766 2187 sedecim

218 2230 426 2258 annorum
457 2216 671 2273 stipendia
697 2216 790 2258 dari
821 2217 1109 2267 consuevisse,
1140 2223 1188 2259 ut
1215 2215 1332 2267 inde,
1362 2216 1436 2272 qui
1459 2216 1620 2273 pariter
1645 2217 1766 2259 missi

217 2288 315 2330 facti
355 2295 520 2338 essent,
566 2288 725 2344 pariter
764 2289 956 2331 militiam
995 2289 1127 2331 inisse
1163 2288 1514 2345 intelligerentur.
1579 2288 1640 2331 At
1673 2288 1765 2344 ipse

218 2375 315 2402 cum
354 2376 397 2416 p.
433 2361 481 2403 15
517 2360 753 2403 rectissime
783 2360 1003 2412 observet,
1046 2376 1130 2403 non
1159 2361 1293 2403 fuisse
1321 2360 1403 2403 hoc
1432 2360 1563 2403 moris
1592 2375 1764 2417 eosque,

216 2432 289 2487 qui
322 2432 534 2489 stipendia
564 2433 867 2483 emeruissent,
911 2433 1101 2489 potuisse
1129 2432 1349 2475 honestam
1376 2433 1623 2476 missionem
1653 2432 1765 2475 acci-

216 2520 337 2561 pere,
378 2519 462 2547 non
501 2504 762 2562 oportuisse:
809 2505 935 2560 quid,
979 2519 1163 2560 quaeso,
1202 2505 1414 2548 efficitur?
1468 2505 1649 2561 Reliqua
1677 2505 1764 2547 duo

217 2577 410 2633 exempla
447 2584 653 2634 petuntur
692 2591 745 2620 ex
785 2575 1135 2632 inscriptionibus
1177 2575 1543 2627 Lambaesitanis,
1583 2591 1765 2632 quarum

215 2650 353 2706 prima
394 2650 530 2707 (apud
568 2649 703 2692 Leon.
739 2648 907 2691 Renier.
937 2648 1132 2705 Inscript.
1163 2648 1311 2705 Alger.
1351 2665 1392 2691 n.
1426 2649 1496 2703 19)
1534 2648 1671 2705 posita
1700 2655 1765 2691 est

216 2722 269 2764 L.
297 2722 437 2765 Novio
469 2721 670 2778 Crispino
700 2720 887 2764 Martiali
916 2737 941 2764 a
969 2721 1180 2764 veteranis
1212 2724 1287 2774 leg.
1318 2724 1383 2763 III
1406 2724 1528 2774 Augu,
1559 2724 1634 2775 qui
1657 2722 1764 2762 mili-

217 2801 306 2835 tare
342 2801 561 2848 coeperunt
590 2794 810 2836 Glabrione
845 2800 884 2834 et
919 2796 1130 2847 Torquato
1158 2796 1252 2834 item
1280 2796 1467 2835 Asiatico
1495 2796 1538 2835 II
1571 2799 1610 2834 et
1639 2793 1763 2846 Aqui-

216 2869 302 2907 lino
331 2881 408 2908 cos.
440 2867 468 2909 i.
499 2882 535 2910 e.
565 2881 662 2910 ann.
696 2865 773 2922 124
803 2873 844 2909 et
874 2866 950 2909 125
979 2881 1019 2922 p.
1051 2863 1178 2915 Chr.,
1223 2866 1354 2910 altera
1382 2865 1445 2908 M.
1472 2865 1651 2909 Aurelio
1687 2864 1762 2907 de·-
