1846 3100
170 166 252 211 308
577 169 632 200 De
658 168 790 209 legibus
814 167 1076 209 municipalibus
1101 167 1308 210 Hispanicis.

170 277 376 327 vinciam,
422 276 499 319 sed
527 276 582 318 ad
610 291 724 325 eam,
766 290 894 331 quam
925 281 1100 317 senatus
1129 283 1311 330 regeret.
1377 275 1525 330 Quare
1553 289 1636 318 non
1665 274 1720 318 ab

170 349 400 397 tribunicia
424 355 634 406 potestate
659 348 766 390 haec
793 347 986 404 profecta
1015 362 1110 390 esse
1137 347 1296 398 iudico,
1329 348 1404 390 sed
1430 347 1483 391 ab
1513 348 1719 397 censoria,

169 437 248 479 pro
277 437 364 478 qua
390 429 503 464 certe
531 421 719 464 edictum
751 428 815 463 est
843 419 952 462 illud
983 435 1008 462 a
1040 417 1245 470 Claudio,
1286 420 1404 476 quod
1433 420 1609 478 Ulpian.
1636 420 1720 470 ΙΙΙ,

171 496 210 546 5,
242 496 356 546 citat,
387 495 488 537 item
515 494 624 537 illud
653 494 707 536 de
735 493 929 536 theatrali
955 492 1103 549 populi
1124 492 1314 544 lascivia,
1345 492 1460 548 quod
1482 492 1586 536 Tac.
1605 494 1719 535 Ann.

170 568 256 619 XI,
290 568 339 612 13
370 568 504 610 affert.
552 566 768 623 Imprimis
799 572 941 608 autem
972 566 1207 622 comparari
1236 564 1364 608 debet
1390 565 1499 608 illud
1528 564 1720 621 Augusti

171 642 381 692 edictum,
421 640 538 697 quod
578 639 689 682 Plin.
728 653 794 694 ep.
822 637 891 688 X,
929 638 982 681 83
1025 638 1160 680 affert.
1228 637 1338 681 Nam
1376 637 1544 680 Plinius
1580 637 1721 693 legem

170 714 443 771 Pompeiam,
484 728 568 768 qua
603 711 719 768 apud
755 711 967 766 Bithynos
1004 719 1177 754 cautum
1212 718 1322 762 erat,
1361 725 1416 753 ne
1449 710 1547 766 quis
1585 710 1723 751 minor

171 801 381 830 annorum
411 786 588 842 triginta
619 784 916 842 magistratum
945 791 1135 839 caperet,
1176 784 1236 826 ita
1271 783 1418 827 scribit
1455 782 1595 825 edicto
1624 779 1721 825 Au-

172 860 291 916 gusti
312 865 517 901 mutatam
543 873 651 908 esse,
679 864 727 899 ut
746 856 799 899 ab
818 855 941 899 annis
961 855 1130 898 duobus
1148 861 1190 898 et
1207 855 1359 912 viginti
1378 869 1528 911 capere
1550 854 1719 903 liceret3

173 932 386 989 siquidem
419 930 624 987 Bithynia
662 929 855 986 Augusti
890 927 1064 984 quidem
1106 934 1241 970 aetate
1279 928 1382 970 item
1422 933 1512 969 erat
1550 933 1722 968 senatus

170 1004 406 1060 provincia.
465 1004 743 1059 Quantopere
776 1009 918 1045 autem
947 1001 1051 1042 huic
1083 1000 1275 1042 censorio
1305 999 1544 1042 edictorum
1576 997 1723 1055 generi
1766 1054 1769 1058 ὴ

172 1077 280 1119 illud
312 1076 558 1126 conveniat,
600 1075 717 1132 quod
746 1075 789 1116 in
820 1074 977 1116 edicto'
993 1073 1128 1115 fuisse
1155 1079 1372 1123 narratur,
1407 1086 1493 1114 non
1522 1087 1632 1129 opus
1659 1077 1723 1113 est

172 1149 399 1206 explicari3
432 1149 668 1205 antiquitus
697 1147 808 1189 enim
840 1161 1066 1189 censorum
1098 1147 1237 1188 fuerat
1267 1145 1479 1187 civitatem
1507 1143 1723 1200 impertire

173 1221 419 1278 civiumque
447 1221 620 1263 ordines
645 1219 902 1262 describere.
949 1219 1092 1261 Etiam
1112 1218 1192 1260 hoc
1209 1217 1478 1273 intelligitur,
1508 1214 1724 1272 quomodo

173 1301 214 1337 et
249 1294 544 1351 Vespasianus
582 1292 794 1348 Titusque
837 1291 1120 1334 communiter
1158 1290 1369 1332 edixerint
1409 1297 1451 1331 et
1489 1288 1632 1330 denuo
1669 1286 1724 1329 de

174 1367 324 1410 eadem
360 1381 405 1409 re
443 1366 733 1408 Domitianus.
802 1364 912 1406 Nam
944 1363 1260 1419 Vespasianum
1298 1368 1463 1404 constat
1500 1374 1724 1403 censuram

171 1440 309 1497 ipsam
338 1439 527 1494 gessisse
558 1438 701 1490 (Suet.
719 1437 854 1493 Vesp.
883 1436 979 1488 c.8)
1011 1435 1063 1477 ab
1094 1450 1204 1478 anno
1234 1436 1280 1478 71
1318 1448 1456 1490 usque
1480 1432 1535 1474 ad
1566 1446 1722 1474 annum

173 1513 227 1557 74
257 1528 299 1569 p.
330 1510 433 1555 Chr.
465 1512 509 1553 in
540 1525 673 1567 eaque
717 1510 883 1565 collega
924 1524 1052 1551 usum
1084 1523 1179 1550 esse
1219 1507 1306 1549 filio
1337 1505 1537 1559 (Censor.
1570 1504 1624 1546 de
1654 1503 1724 1546 die

172 1593 258 1629 nat.
290 1601 326 1628 c.
358 1585 407 1628 18
417 1602 428 1636 ;
463 1584 574 1626 Plin.
602 1590 687 1626 nat.
715 1582 814 1624 hist.
840 1581 922 1631 111,
949 1580 1002 1623 66
1032 1587 1074 1622 et
1099 1579 1201 1630 VII,
1236 1579 1347 1634 162).
1399 1579 1595 1634 Itemque
1626 1591 1723 1619 eum

173 1675 252 1716 per
279 1659 362 1701 hoc
392 1658 535 1715 ipsum
563 1664 734 1712 tempus
762 1655 816 1696 de
837 1653 1062 1709 Hispania,
1095 1652 1130 1695 si
1159 1667 1244 1694 non
1272 1650 1519 1707 recipienda
1544 1650 1588 1692 in
1619 1649 1724 1692 civi-

174 1738 318 1782 tatem,
351 1737 394 1774 at
421 1727 691 1771 admovenda
720 1726 775 1769 ad
805 1741 897 1768 eam
929 1725 1202 1768 constituisse
1234 1731 1412 1766 constat.
1472 1722 1582 1765 Nam
1607 1722 1725 1778 quod

173 1804 286 1847 Plin.
318 1811 403 1847 nat.
435 1802 533 1844 hist.
560 1801 654 1852 III,
690 1800 742 1844 30
781 1814 879 1841 eum
919 1799 977 1840 ait
1015 1798 1241 1840 universae
1278 1796 1513 1852 Hispaniae
1549 1795 1725 1838 Latium

177 1877 404 1926 tribuisse,
447 1874 647 1931 quoniam
686 1873 855 1915 Plinius
897 1887 1005 1928 opus
1048 1886 1175 1913 suum
1217 1877 1314 1912 ante
1353 1869 1437 1911 iam
1479 1868 1724 1911 absolutum

175 1964 287 1992 anno
313 1949 366 1992 77
397 1963 438 2005 p.
469 1945 573 1990 Chr.
603 1946 702 1988 Tito
732 1943 909 1988 Caesari
940 1959 1026 1987 cos.
1051 1943 1117 1985 VI
1155 1941 1373 1998 inscripsit
1411 1955 1550 1997 neque
1588 1940 1725 1996 impe-

173 2029 380 2071 ratorem,
426 2026 653 2075 antequam
683 2024 865 2060 exeunte
897 2030 1008 2059 anno
1033 2015 1088 2059 70
1116 2014 1297 2057 Romam
1324 2013 1521 2064 revertit,
1559 2012 1613 2054 de
1643 2011 1725 2054 Hi-

177 2092 325 2150 spania
355 2092 554 2135 statuisse
584 2089 802 2147 probabile
833 2096 910 2140 est,
941 2088 1114 2131 videtur
1142 2101 1269 2143 prope
1297 2100 1473 2128 necesse
1503 2099 1598 2127 esse
1626 2099 1724 2140 per—

176 2166 310 2208 tinere
338 2165 394 2207 ad
417 2165 462 2207 id
486 2172 669 2220 tempus,
701 2178 786 2218 quo
812 2156 1107 2218 Vespasianus
1134 2174 1358 2201 censuram
1386 2157 1534 2214 gessit.
1580 2157 1724 2212 Atque

176 2238 303 2281 etiam
331 2237 606 2280 Domitianus
645 2250 870 2278 censuram
907 2233 1043 2290 gessit
1080 2238 1120 2273 et
1154 2231 1289 2287 gessit
1321 2245 1370 2273 eo
1398 2230 1493 2286 ipso
1522 2236 1725 2285 tempore,

176 2326 262 2366 quo
291 2310 494 2360 edictum,
527 2308 643 2364 quod
663 2312 1032 2355 commemoratur,
1062 2303 1116 2346 ab
1138 2319 1187 2345 eo
1211 2303 1471 2359 propositum
1494 2308 1572 2344 est.
1616 2299 1726 2342 Nam

176 2397 287 2440 quae
316 2383 361 2424 in
385 2397 481 2425 aere
511 2381 775 2437 Salpensano
807 2385 906 2421 sunt
934 2377 1052 2419 rubr.
1084 2375 1137 2418 22
1169 2383 1210 2417 et
1239 2375 1291 2418 24
1324 2378 1548 2429 imperator
1577 2374 1726 2416 Caesar

176 2461 389 2509 Augustus
434 2456 697 2495 Domitianus
730 2459 855 2506 pater
890 2453 1071 2504 patriae,
1105 2463 1281 2490 necesse
1324 2454 1389 2490 est
1432 2446 1589 2502 scripta
1631 2460 1726 2488 esse

175 2527 410 2583 imperante
431 2525 680 2568 Domitiano
706 2531 906 2578 recteque
924 2521 1236 2564 Mommsenius
1257 2518 1558 2562 animadvertit
1575 2518 1726 2560 deesse

176 2613 332 2641 nomen
374 2597 645 2648 Germanici,
691 2595 807 2652 quod
848 2594 1143 2636 Domitianum
1189 2599 1370 2635 exeunte
1415 2605 1526 2633 anno
1559 2590 1612 2633 83
1656 2589 1726 2632 vel

175 2670 350 2712 ineunte
369 2685 479 2712 anno
496 2670 548 2712 84
567 2669 620 2712 ab
643 2676 793 2711 senatu
815 2666 1032 2722 accepisse
1052 2666 1177 2708 docet
1195 2665 1375 2707 Eekhel.
1395 2663 1546 2706 Doctr.
1565 2676 1726 2703 numm.

175 2741 241 2784 VI
270 2757 311 2798 p.
341 2742 434 2785 397.
495 2740 642 2795 Quare
678 2741 749 2783 lex
784 2740 878 2795 ipsa
913 2738 1177 2794 Salpensana
1217 2735 1444 2778 tribuenda
1481 2734 1560 2776 erit
1590 2733 1726 2789 primo

176 2813 415 2856 Domitiani
435 2813 606 2856 biennio
627 2813 901 2867 edictumque
923 2810 1050 2866 paulo
1073 2809 1353 2852 antecessisse
1373 2805 1724 2850 existimabimus.

176 2884 247 2927 De
288 2900 470 2928 censura
509 2893 651 2928 autem
692 2884 808 2926 idem
843 2883 1023 2925 Eekhel.
1063 2898 1115 2924 ex
1159 2895 1431 2924 nummorum
1474 2877 1724 2922 auctoritate
