1846 3100
834 161 945 195 Index
970 172 1093 195 rerum.
1656 162 1736 206 387

188 273 236 305 Μ.
260 273 409 306 Licinius
432 272 577 306 Crassus
610 272 746 313 quando
777 272 812 303 in
846 273 1054 313 provinciam
1080 273 1201 305 exierit
1230 271 1285 306 73.
1331 277 1502 316 quomodo
1527 262 1735 320 provinciam

282 328 449 370 acceperit
473 326 527 360 78.

187 381 230 414 L.
253 381 404 414 Licinius
431 381 593 414 Lucullus
622 379 792 422 quomodo
818 378 972 412 Ciliciam
1000 382 1167 424 acceperit
1193 380 1248 415 52.

188 435 330 478 Ligures
354 437 389 469 in
411 434 584 479 provincia
607 433 710 466 Italia
733 439 812 465 sunt
838 433 859 466 7
879 445 928 476 sq.

186 490 226 524 L.
253 490 427 523 Livineius
450 489 603 531 Regulus
628 487 816 530 praefectus
842 488 918 520 urbi
945 489 1008 521 sub
1034 489 1198 522 dictatore
1217 489 1366 523 Caesare
1389 489 1468 524 248.

187 544 304 577 Livius
329 545 527 577 emendatur
553 542 610 576 81.
635 540 712 575 345.
737 540 814 573 347.
863 543 1053 585 explicatur
1079 542 1157 576 292.
1183 543 1262 577 357.
1290 543 1369 577 362.

186 598 343 640 Lugduni
371 609 432 632 ara
455 599 613 640 Augusto
645 597 780 628 condita
811 594 885 628 118.
932 603 1086 630 versatur
1110 597 1330 632 Germanicus
1359 599 1436 633 127.
1481 602 1548 643 quo
1581 602 1652 634 iure
1682 612 1738 634 co-

277 653 371 685 lonia
395 653 497 686 fuerit
524 651 602 685 335.
651 651 850 693 metropolis
879 650 943 683 fuit
971 657 1004 684 et
1028 653 1160 685 celebre
1184 654 1420 697 Augustorum
1444 656 1607 699 templum
1634 657 1738 689 habe-

281 707 341 739 bat
369 706 447 740 374.
476 705 554 740 379.

186 814 382 847 Macrobius
411 815 601 858 explicatur
627 812 706 847 217.

184 869 330 910 Malaca,
354 869 543 913 Hispaniae
565 869 725 901 Baeticae
749 867 969 909 municipium
994 867 1074 902 319.

185 924 391 965 magistrum
417 923 567 966 equitum
599 933 669 956 non
700 923 803 955 habet
831 923 993 962 dictator,
1023 923 1079 964 qui
1105 934 1174 956 non
1198 925 1246 957 rei
1272 927 1440 967 gerendae
1466 935 1570 958 causa
1594 927 1632 958 fit
1659 925 1737 960 207.

278 989 409 1012 annuus
443 983 562 1011 contra
590 979 685 1019 leges
719 983 769 1010 est
804 975 881 1009 211.
932 988 952 1010 a
984 978 1120 1010 consule
1146 979 1254 1011 dictus
1282 978 1360 1012 212.
1394 978 1471 1012 222.
1524 981 1626 1013 annui
1652 981 1738 1013 fiunt

276 1034 431 1075 magistri
458 1043 511 1074 eq.
538 1030 617 1066 241.

186 1087 226 1120 L.
251 1088 400 1121 Manlius
425 1086 556 1120 Galliae
581 1085 830 1128 Transalpinae
854 1089 964 1117 rector
987 1083 1043 1118 47.

185 1143 408 1175 manumissio
433 1142 523 1184 apud
546 1141 769 1182 municipales
795 1139 1013 1180 magistratus
1043 1138 1122 1172 279.

187 1195 226 1229 C.
250 1197 352 1229 Marii
377 1201 536 1239 praetura
564 1194 615 1227 17.
667 1205 724 1226 cur
747 1203 809 1226 sex
834 1193 1029 1225 consulatus
1060 1195 1224 1238 acceperit
1258 1193 1314 1227 22.
1363 1164 1511 1229 Galliam
1533 1195 1737 1229 Narbonen-

281 1260 354 1282 sem
380 1251 415 1282 in
438 1251 632 1292 provinciae
657 1248 802 1281 formam
825 1248 950 1289 redigit
975 1245 1030 1280 25.

185 1305 330 1337 Martiae
355 1303 527 1336 Calendae
550 1305 587 1336 in
611 1302 793 1346 provinciis
821 1301 1039 1334 decernendis
1069 1301 1292 1334 observantur
1318 1301 1374 1335 84.

185 1358 419 1391 Mauretaniae
441 1357 714 1400 procuratoribus
739 1361 774 1389 et
798 1356 898 1388 simul
918 1356 1034 1398 legato
1058 1356 1238 1390 Numidiae
1262 1362 1382 1399 parent
1412 1356 1489 1391 139.

155 1427 157 1429 ¹
185 1413 384 1446 Maurorum
410 1412 554 1455 impetus
580 1412 617 1443 in
637 1411 839 1453 Hispaniam
868 1409 942 1443 145.

185 1466 383 1509 metropolis
409 1476 497 1508 quae
521 1467 565 1499 sit
587 1466 667 1498 urbs
699 1463 778 1499 374.
817 1466 852 1498 id
872 1475 997 1498 nomen
1021 1466 1170 1507 pendere
1196 1475 1239 1497 ex
1258 1466 1493 1508 Augustorum
1512 1467 1602 1500 cultu
1619 1468 1735 1500 divino

279 1519 357 1554 376.
406 1521 577 1562 quomodo
601 1530 664 1562 per
686 1519 809 1552 Asiam
834 1524 867 1552 et
889 1517 1063 1562 Europam
1087 1526 1297 1562 propagatae
1323 1521 1392 1552 sint
1418 1519 1496 1554 378.

185 1575 307 1608 militia
338 1584 511 1616 nunquam
545 1575 633 1616 apud
657 1574 833 1606 Romanos
868 1583 888 1605 a
916 1574 1017 1606 rebus
1051 1574 1207 1606 civilibus
1241 1575 1392 1607 seiuncta
1427 1574 1503 1609 186.
1554 1576 1734 1608 militarem

275 1639 348 1661 rem
373 1629 436 1662 soli
456 1630 679 1671 imperatores
706 1628 944 1660 administrant
971 1626 1048 1661 302.

187 1683 228 1724 Q.
254 1683 386 1716 Mucius
413 1682 579 1716 Scaevola
602 1682 723 1715 Asiam
749 1682 837 1723 regit
866 1680 918 1714 19.

185 1737 225 1770 L.
249 1738 424 1770 Munatius
449 1736 610 1770 Plancus.
653 1737 724 1768 eius
748 1736 895 1767 honores
921 1733 999 1768 245.
1047 1735 1120 1768 eius
1144 1739 1305 1778 praetura
1332 1734 1410 1768 247.

184 1792 379 1835 ιῐιιιῐιὶεἱρίε.Δ
425 1791 466 1822 de
490 1789 531 1821 iis
548 1794 652 1822 „vetus
678 1789 827 1821 virorum
853 1790 1029 1822 doctorum
1054 1789 1223 1822 sententia
1254 1787 1331 1822 271.
1373 1800 1546 1833 nunquam
1569 1797 1735 1825 vocantur

274 1846 418 1878 Latinae
446 1844 596 1877 civitates
625 1841 702 1876 274.
753 1847 831 1875 sunt
862 1844 986 1886 oppida
1020 1844 1142 1876 civium
1169 1844 1269 1876 Rom.
1300 1842 1378 1878 275.
1427 1846 1484 1886 qui
1517 1846 1560 1877 ad
1585 1845 1732 1879 honores

277 1900 312 1931 iu
327 1899 369 1931 iis
386 1899 606 1931 admittantur
626 1897 703 1931 280.
737 1897 899 1940 praefecti
913 1908 973 1940 pro
989 1898 1105 1930 IIviris
1123 1902 1156 1930 et
1169 1898 1299 1930 incolae
1317 1897 1395 1931 282.
1433 1909 1503 1931 uon
1517 1900 1645 1932 civibus
1659 1906 1733 1932 tau-

275 1958 349 1986 tum
376 1957 533 1985 constant
559 1950 637 1985 285.
686 1952 820 1984 diversa
841 1952 1017 1984 hominum
1041 1962 1166 1994 genera
1191 1952 1365 1984 continent
1391 1951 1468 1985 287.
1512 1955 1734 1996 municipium

277 2009 359 2051 quid
388 2007 432 2039 sit
459 2005 536 2039 289.
576 2017 693 2039 eorum
715 2016 776 2048 per
798 2006 986 2048 Hispanias
1011 2007 1193 2038 multitudo
1220 2004 1298 2038 314.
1339 2016 1400 2048 per
1417 2006 1629 2039 Lusitaniam
1654 2006 1732 2041 315.

275 2061 459 2103 municipia
483 2062 554 2093 sine
581 2060 743 2102 suffragio
771 2061 942 2102 quomodo
970 2066 1046 2093 orta
1062 2061 1130 2093 sint
1152 2058 1228 2094 365.
1272 2061 1445 2102 quomodo
1464 2071 1524 2103 per
1539 2063 1732 2104 provincias

275 2119 465 2159 propagata
489 2113 566 2148 367.
617 2115 790 2157 quomodo
819 2113 977 2146 differant
1004 2124 1025 2146 a
1049 2114 1183 2147 Latinis
1211 2114 1343 2156 oppidis
1371 2112 1450 2147 366.

183 2175 334 2203 mutatus
360 2169 500 2202 civitate
524 2167 618 2201 Rom.
645 2169 776 2209 dicitur,
803 2168 860 2210 qui
886 2169 1058 2201 civitatem
1079 2168 1180 2202 Rom.
1204 2169 1332 2210 accepit
1356 2166 1434 2201 298.
1482 2196 1485 2198 .

186 2275 471 2311 Nemausensium
495 2275 612 2308 civitas
639 2275 773 2308 diversa
797 2275 975 2308 hominum
999 2284 1125 2317 genera
1147 2275 1342 2307 continebat
1369 2273 1447 2308 286.
1472 2273 1551 2308 290.

143 2336 150 2340 ”
186 2331 280 2364 Nero
307 2330 418 2372 Alpes
444 2329 630 2362 maritimas
657 2331 693 2362 in
715 2330 769 2362 ius
790 2329 882 2361 Latii
905 2330 1053 2362 traducit
1075 2327 1152 2363 305.

183 2385 348 2418 Noricum
373 2394 449 2416 cum
473 2383 654 2416 Pannonia
678 2384 759 2417 olim
783 2384 999 2416 coniunctum
1028 2381 1103 2416 106.
1149 2383 1221 2415 eius
1250 2379 1395 2415 historia
1425 2380 1500 2415 114.
1552 2383 1626 2415 eius
1653 2393 1732 2425 pro-

277 2442 449 2471 curatores
475 2442 510 2470 et
535 2438 640 2479 legati
669 2436 745 2470 117.
790 2462 794 2466 .

184 2494 459 2527 Novocomenses
485 2502 506 2524 a
529 2491 677 2525 Caesare
702 2492 827 2524 conditi
853 2490 932 2524 278.

184 2548 343 2581 Numidia
375 2547 513 2588 quando
542 2546 735 2588 provinciae
770 2545 915 2580 formam
945 2543 1113 2586 acceperit
1157 2542 1233 2576 136.
1293 2545 1428 2577 videtur
1460 2544 1561 2576 etiam
1593 2543 1731 2576 Africae

276 2601 442 2634 dioecesis
467 2599 575 2632 fuisse
607 2597 681 2633 140.
729 2600 919 2642 legatorum
941 2599 1121 2632 Numidiae
1145 2598 1286 2630 nomina
1312 2596 1387 2631 139.

185 2655 313 2688 nummi
349 2659 504 2697 pugnant
535 2652 613 2686 'cum
646 2653 743 2686 fastis
779 2652 847 2687 215
877 2665 927 2696 sq.
978 2652 1138 2686 Caesaris
1174 2652 1334 2694 explicati
1370 2650 1448 2685 216.
1493 2652 1534 2684 de
1568 2652 1732 2683 dictatura

276 2709 434 2742 Caesaris
455 2709 576 2750 quinta
596 2708 753 2751 explicati
781 2707 858 2742 231.
884 2706 963 2741 236.
1008 2709 1050 2740 de
1077 2707 1294 2748 imperatorio
1319 2706 1475 2739 Caesaris
1499 2706 1599 2738 titulo
1623 2706 1731 2748 expli·-

279 2763 342 2795 cati
371 2760 448 2795 234.
500 2763 628 2795 nummi
654 2762 904 2804 praefectorum
932 2763 993 2795 sub
1024 2761 1173 2794 Caesare
1209 2762 1368 2803 explicati
1404 2759 1470 2794 245
1498 2770 1549 2802 sq.
1603 2759 1732 2791 nummi

277 2815 426 2858 Aug-usti
449 2815 610 2858 explicati
635 2813 714 2848 263.

1375 2927 1463 2971 25*
