1846 3100
188 140 271 184 296
597 143 651 176 De
675 143 811 184 legibus
837 144 1096 186 municipalibus
1121 144 1330 188 Hispanicis.

186 251 406 309 ligendam
435 251 627 302 haberet,
671 251 818 307 paucis
862 252 1204 309 significaremus
1242 260 1284 296 et
1319 253 1460 297 locum
1493 255 1738 307 maximum,

186 324 231 366 in
263 339 347 380 quo
383 324 526 367 adhuc
557 324 749 366 virorum
781 324 1129 368 doctissimorum
1159 326 1414 368 industriam
1453 327 1595 370 minus
1624 335 1738 370 recte

190 404 402 440 versatam
434 411 528 440 esse
557 403 822 453 putaremuS,
854 397 978 440 novis
1011 398 1167 441 studiis
1194 399 1604 442 commendaremus.
1645 399 1738 442 Iam

179 470 322 513 oratio
362 476 508 512 nostra
548 469 603 512 ad
642 469 687 511 id
723 469 840 525 quod
884 470 1117 526 coepimus,
1148 471 1329 522 redibit;
1372 472 1586 528 reliquum
1626 472 1738 514 enim

189 550 267 593 est,
299 557 398 585 cum
425 542 479 584 de
507 541 679 584 duobus
711 541 932 585 hominum
965 543 1214 600 generibus,
1247 559 1356 600 quae
1386 544 1430 586 in
1454 544 1603 587 incolis
1632 545 1739 587 etin

188 614 482 672 municipibus
522 615 719 664 fuerunt,
756 614 1012 666 dixerimus,
1047 623 1096 658 ut
1134 616 1260 659 etiam
1299 617 1416 672 quod
1458 617 1739 660 decurionum

188 689 382 745 ipsorum
421 686 492 730 alii
528 686 644 729 cives
671 687 868 738 Romani,
909 688 980 730 alii
1015 687 1161 730 Latini
1198 688 1333 731 fuisse
1371 689 1584 740 dicuntur,
1615 690 1739 745 quale

187 761 317 804 fuerit
352 767 392 803 et
433 759 649 816 quomodo
684 774 782 801 cum
823 760 1041 817 municipii
1074 760 1320 803 Malacitani
1351 761 1521 804 civitate
1549 762 1742 805 Romana

188 833 427 883 conveniat,
475 832 754 889 explicemus.
819 832 1023 875 Vidimus
1063 833 1176 875 enim
1218 833 1412 876 Malacae
1451 841 1577 890 atque
1614 835 1740 878 etiam

192 906 426 962 Salpensae
459 906 577 960 (nam
605 904 838 947 discrimen
865 905 1001 947 ullum
1033 906 1143 948 inter
1170 921 1218 948 ea
1242 906 1475 963 municipia
1501 906 1637 949 fuisse
1662 921 1741 949 nec

189 978 434 1020 invenimus
453 992 533 1020 nec
551 977 770 1034 probabile
794 978 878 1033 est)
901 977 983 1020 alio
1000 978 1093 1021 iure
1109 979 1244 1021 fuisse
1264 993 1352 1029 coe,
1373 979 1448 1035 qui
1465 978 1586 1022 urbis
1603 978 1740 1035 ipsius

186 1051 305 1111 'cives
327 1057 481 1101 essent,
499 1051 580 1092 alio
607 1065 693 1100 eos,
712 1050 786 1106 qui
804 1050 847 1092 in
872 1050 978 1093 vicis
1005 1052 1260 1108 oppidisque
1277 1051 1510 1107 municipio
1527 1050 1741 1093 attributis

188 1123 450 1166 habitarent:
481 1123 543 1165 illi
575 1123 744 1165 civitate
784 1122 990 1173 Romana,
1028 1123 1070 1165 hi
1101 1123 1332 1166 Latinitate
1362 1123 1603 1166 utebantur.
1650 1123 1741 1165 Iam
1770 1109 1773 1113 Δ

188 1196 232 1237 in
263 1195 424 1238 Italicis
456 1195 721 1252 municipiis,
753 1210 930 1250 quorum
965 1210 1112 1238 omnes
1141 1195 1378 1251 municipes
1409 1196 1524 1239 cives
1559 1195 1740 1238 Romani

191 1276 323 1318 erant,
363 1268 523 1310 scimus
555 1268 828 1311 senatorium*
847 1267 1052 1309 honorem
1080 1267 1139 1309 ita
1171 1267 1306 1310 fuisse
1338 1268 1540 1318 divisum,
1570 1275 1632 1318 ut,
1663 1272 1738 1323 qui

189 1340 273 1382 vici
302 1340 543 1396 oppidaque
575 1347 718 1382 essent
747 1339 1000 1389 contributa,
1020 1355 1072 1382 ex
1090 1339 1142 1382 iis
1161 1340 1414 1383 decuriones
1437 1340 1481 1382 in
1502 1339 1643 1382 curias
1662 1339 1740 1382 ad-

189 1413 469 1455 mitterentur.
503 1412 601 1454 Non
624 1413 696 1455 illa
719 1420 809 1455 erat
838 1412 1119 1463 consuetudo,
1133 1427 1262 1468 quam
1283 1427 1360 1455 nos
1375 1413 1503 1455 hodie
1519 1412 1562 1454 in
1582 1410 1740 1454 nostris

189 1486 319 1528 rebus
340 1485 526 1542 publicis
546 1485 769 1535 habemus,
802 1492 849 1526 ut
867 1499 945 1541 pro
965 1499 1143 1526 numero
1169 1485 1448 1541 municipum,
1476 1485 1551 1540 qui
1569 1484 1612 1526 in
1634 1499 1740 1539 qua-

188 1573 271 1614 que
311 1558 531 1615 municipii
571 1565 689 1614 parte
728 1563 861 1608 erant,
898 1556 1152 1599 decuriones
1183 1557 1443 1613 legerentur,
1485 1557 1561 1599 sed
1593 1556 1740 1599 obser-

189 1630 371 1674 vabatur
410 1638 565 1680 tamen,
602 1645 655 1671 ne
694 1645 779 1685 qua
820 1636 933 1671 esset
973 1644 1084 1684 pam,
1117 1644 1226 1684 quae
1258 1644 1336 1671 suo
1373 1629 1604 1672 decurione
1634 1636 1741 1671 tam-

188 1720 318 1761 quam
355 1703 619 1759 privatarum
654 1717 828 1744 suarum
858 1716 1001 1744 rerum
1026 1710 1203 1758 patrono
1234 1716 1284 1743 ac
1315 1701 1540 1743 defensore
1567 1709 1740 1743 careret.

190 1777 291 1831 Qua
319 1776 373 1818 de
404 1791 450 1817 re
482 1790 579 1817 cum
610 1775 871 1817 dixissemus
899 1773 998 1815 olim
1027 1773 1071 1814 in
1099 1773 1452 1815 commentatione
1471 1772 1743 1830 epigraphica

191 1850 244 1891 de
281 1847 464 1891 Lavinio
502 1855 543 1891 et
572 1847 866 1890 Laurentibus
899 1844 1182 1888 Lavinatibus
1212 1860 1253 1901 p.
1285 1845 1352 1895 29,
1383 1845 1560 1887 eandem
1589 1860 1740 1888 rursus

190 1938 278 1964 rem
312 1937 365 1964 ex
394 1922 491 1977 lege
530 1920 640 1962 Iulia
667 1918 930 1975 municipali,
970 1933 1079 1974 quae
1110 1917 1155 1959 in
1190 1917 1349 1960 tabulis
1377 1917 1740 1960 Heracleensibus

190 2002 268 2044 est,
305 1993 614 2043 intelleximus,
657 1993 755 2034 vide
797 1989 1036 2034 Comment.
1069 1991 1091 2032 Ι
1132 2005 1174 2046 p.
1203 1991 1270 2032 91.
1326 1989 1445 2044 Quid
1485 1989 1646 2046 igitur?
1689 1990 1741 2032 In

189 2066 508 2124 provinciarum
535 2064 781 2121 municipiis
810 2079 863 2106 an
892 2063 1070 2105 similem
1093 2061 1448 2105 consuetudinem
1471 2060 1739 2103 observatam

195 2155 290 2182 esse
321 2137 598 2196 putabimus?
646 2137 841 2179 Malacae
872 2143 1027 2185 autem,
1057 2135 1254 2192 quoniam
1288 2134 1363 2189 qui
1389 2133 1434 2175 in
1457 2132 1739 2189 municipium

190 2211 383 2254 attributi
412 2217 544 2259 erant,
576 2208 807 2250 Latinitate
838 2207 1082 2257 utebantur,
1115 2221 1163 2248 eo
1192 2206 1332 2248 minus
1362 2205 1642 2248 decurionatu
1659 2219 1738 2262 po·

193 2290 332 2326 terant
362 2281 550 2331 excludi,
584 2280 701 2336 quod
728 2279 782 2322 ad
814 2279 933 2335 ipsos
951 2279 1132 2321 honores
1150 2278 1496 2321 admittebantur.
1527 2277 1619 2320 Nec
1636 2292 1738 2319 vero

190 2371 240 2398 ea
268 2355 375 2397 ratio
402 2360 504 2404 erat,
538 2360 586 2395 ut
613 2353 657 2394 in
689 2352 851 2394 curiam
883 2351 966 2393 nisi
996 2350 1230 2394 honoribus
1258 2351 1392 2408 gestis
1425 2365 1510 2392 non
1539 2343 1738 2406 perveni-3

189 2436 328 2478 retur3
358 2442 467 2483 quae
499 2427 535 2468 si
565 2426 731 2475 fuisset,
758 2439 883 2467 nemo
914 2439 1008 2466 esse
1040 2431 1187 2480 posset
1215 2424 1404 2473 decurio,
1434 2423 1537 2478 quin
1568 2422 1739 2475 civitate

190 2501 384 2543 Romana
409 2507 613 2541 uteretur.
664 2497 814 2540 Fuerit
838 2497 917 2538 hoc
944 2497 987 2538 in
1017 2496 1272 2551 Tergestina
1299 2495 1477 2546 colonia,
1509 2502 1557 2536 ut
1585 2493 1738 2537 Carnis

192 2571 353 2615 Catalis
388 2586 473 2613 non
512 2571 639 2613 modo
680 2570 863 2620 civitate,
897 2584 1045 2611 verum
1077 2569 1204 2611 etiam
1236 2569 1466 2611 Latinitate
1495 2566 1738 2609 carentibus

190 2644 400 2687 aedilitate
437 2650 558 2698 gesta
586 2643 631 2685 in
668 2643 830 2685 curiam
856 2641 1156 2697 Tergestinam
1187 2641 1407 2698 pervenire
1437 2640 1608 2682 liceret:
1645 2638 1738 2681 aliis

191 2715 436 2772 municipiis
474 2716 547 2771 qui
594 2714 785 2757 attributi
828 2720 960 2763 erant,
997 2713 1229 2755 dummodo
1269 2712 1418 2754 saltem
1447 2711 1592 2753 Latini
1632 2710 1739 2753 iuris

191 2794 356 2838 essent,
400 2787 523 2830 etiam
565 2788 695 2830 nullis
736 2785 972 2828 honoribus
1011 2791 1106 2828 ante
1147 2784 1363 2842 perfuncti
1401 2784 1444 2826 in
1483 2782 1737 2826 decuriones

191 2859 394 2903 videntur
431 2860 559 2918 allegi
596 2860 798 2914 potuisse.
853 2858 950 2901 Etsi
989 2857 1100 2900 enim
1138 2857 1281 2900 minus
1323 2871 1473 2900 verum
1505 2862 1590 2906 est,
1621 2853 1738 2911 quod
