1846 3100
210 149 288 193 158
557 155 611 187 De
635 154 749 188 Gallia
771 154 1000 187 Romanorum
1024 155 1197 197 provincia
1221 157 1402 199 appendix.

205 261 337 304 rebus
364 277 388 303 a
414 262 539 305 nobis
569 263 790 305 inventum
828 277 922 305 esse
959 263 1111 305 ducem
1146 264 1442 316 verissimum,
1483 267 1753 310 accuratissi-

206 350 346 385 mum,
379 336 421 376 in
451 335 545 391 ipsa
575 350 717 376 rerum
748 335 856 376 serie
887 349 937 376 ac
966 342 1155 392 tempore
1185 339 1484 380 constituendo
1513 338 1754 395 diligentis-

207 406 386 455 simum,
428 407 543 463 apud
572 422 699 462 quem
730 406 867 449 sicubi
895 407 1234 459 offenderemus,
1274 417 1322 451 ut
1356 409 1554 453 subtilius
1582 410 1753 467 quaesi-

205 480 370 530 vimus,
414 487 561 522 nostra
595 494 680 521 non
718 479 834 521 illius
868 480 994 537 culpa
1026 481 1071 522 id
1101 481 1193 523 fieri
1223 483 1534 539 perspeximus.
1603 482 1753 538 Neque

204 551 348 593 hercle
381 552 416 594 si
445 559 559 594 recte
588 552 776 594 iudicare
808 553 1016 604 volemus,
1051 569 1171 605 cum,
1203 555 1275 610 qui
1304 555 1511 597 maximos
1539 555 1752 598 exercitus

205 624 374 675 rexerit,
405 625 609 680 plurimas
640 640 708 667 res
738 625 921 681 gesserit
951 625 994 667 in
1026 626 1336 682 senatoriisque
1367 627 1619 670 muneribus
1651 642 1752 670 con-

206 697 408 748 senuerit,
437 697 482 738 in
511 695 710 739 Caesaris
739 697 871 740 rebus
900 698 1123 740 narrandis
1155 714 1331 754 peccare
1359 708 1430 742 aut
1456 700 1646 743 voluisse
1678 709 1751 742 aut

206 770 401 826 potuisse
434 777 685 812 statuemus.
741 769 902 823 Quare,
933 771 968 812 si
993 785 1078 826 quo
1106 771 1200 813 loco
1227 779 1393 814 veteres
1423 779 1616 815 auctores
1645 772 1755 815 inter

206 857 252 884 se
282 857 367 884 non
400 841 655 884 dissentiant
684 842 750 899 (id
778 843 890 885 enim
917 858 1011 884 raro
1034 842 1082 884 fit
1101 858 1181 885 nec
1201 852 1314 885 certe
1336 844 1602 899 frequentius
1624 860 1751 901 quam

204 913 285 970 ipsi
325 914 453 956 hodie
493 914 535 956 in
577 915 629 956 iis
675 930 784 971 quae
823 915 1011 957 vidimus
1050 924 1124 957 aut
1161 916 1405 972 accepimus
1437 916 1751 974 dissentimus),

207 987 284 1028 sed
314 987 542 1029 dissentire
571 988 811 1039 videantur,
843 995 1174 1030 consentaneum
1203 996 1280 1039 est,
1311 1004 1395 1030 non
1426 997 1474 1031 ut
1501 990 1752 1032 alterutrum

204 1074 408 1114 peccasse
438 1060 744 1110 existimemus,
773 1060 850 1102 sed
877 1068 925 1101 ut
948 1061 1147 1117 primum,
1179 1061 1213 1103 si
1234 1061 1326 1103 fieri
1347 1061 1497 1118 possit,
1525 1062 1749 1117 utriusque

203 1132 453 1174 auctoritate
484 1139 731 1175 conservata
761 1133 944 1188 aliquam
974 1148 1123 1175 eorum
1151 1134 1516 1176 conciliandorum
1546 1136 1751 1177 rationem

203 1204 418 1254 ineamus,
457 1205 613 1247 deinde
651 1212 700 1246 ut
728 1212 898 1247 nostrae
931 1205 1131 1248 scientiae
1161 1206 1405 1248 diffidentes
1432 1222 1535 1248 num
1566 1207 1752 1249 dixerint

204 1291 314 1331 quae
344 1277 484 1319 dicere
514 1276 762 1328 videantur,
807 1278 1111 1320 examinemus.
1170 1278 1316 1334 Atque
1350 1278 1432 1321 hoc
1460 1279 1613 1321 vitium
1643 1280 1752 1322 male

204 1349 584 1405 intelligendorum
605 1357 799 1392 veterum
824 1350 1080 1406 scriptorum
1105 1350 1356 1392 incredibile
1381 1360 1514 1407 prope
1538 1358 1603 1394 est
1625 1366 1751 1407 quam

201 1421 285 1463 late
312 1429 471 1478 pateat,
503 1422 557 1465 ad
586 1430 690 1478 quot
721 1430 762 1464 et
793 1430 974 1478 quantos
1006 1437 1171 1464 errores
1203 1423 1353 1465 ducat:
1399 1423 1516 1479 quod
1547 1438 1631 1466 non
1665 1431 1749 1466 tam

203 1509 256 1535 ex
285 1494 467 1548 quadam
498 1502 644 1537 nostra
670 1495 955 1551 negligentia,
999 1510 1127 1551 quam
1159 1510 1212 1537 ex
1241 1495 1303 1537 rei
1331 1495 1467 1551 ipsius
1497 1495 1748 1539 difficultate

201 1566 404 1610 nascitur.
468 1567 603 1609 Pauci
641 1568 753 1610 enim
791 1568 962 1609 omnino
1001 1583 1114 1623 quae
1150 1575 1295 1610 nostra
1332 1567 1483 1624 lingua
1511 1567 1596 1610 dici
1627 1568 1751 1610 audi-

201 1654 312 1688 mus,
337 1638 396 1680 ita
414 1639 710 1695 intelligimus,
739 1648 788 1682 ut
810 1640 1040 1682 voluerunt
1059 1639 1240 1695 intelligi
1260 1640 1335 1695 qui
1354 1640 1569 1690 dixerunt,
1590 1641 1750 1682 nedum

206 1718 373 1753 veteres
415 1711 641 1768 scriptores
678 1719 793 1755 recte
823 1712 1091 1768 interpretari
1123 1712 1178 1754 sit
1208 1712 1412 1754 omnium.
1483 1711 1584 1766 Quo
1613 1712 1751 1768 magis

204 1783 444 1825 cavendum
475 1785 554 1827 erit
580 1785 851 1841 insigniaque
883 1784 1097 1840 exempla,
1139 1783 1296 1840 quibus
1327 1784 1489 1827 moneri
1517 1784 1750 1841 possimus,

201 1855 431 1912 diligenter
461 1856 852 1899 animadvertenda.
922 1855 1074 1911 Neque
1111 1871 1214 1898 vero
1250 1856 1354 1899 haec
1381 1857 1440 1899 ita
1467 1856 1663 1913 disputo,
1702 1863 1752 1898 ut

201 1928 309 1970 alios
341 1929 456 1971 viros
485 1929 633 1972 doctos
661 1929 845 1985 superbe
877 1929 1129 1984 vituperem,
1160 1943 1227 1970 me
1258 1929 1400 1984 ipsum
1425 1943 1643 1984 nunquam
1671 1943 1750 1970 nec

201 2007 367 2043 veteres
397 2001 626 2057 scriptores
656 2001 798 2043 minus
828 2009 942 2043 recte
971 2000 1232 2042 intellexisse
1262 2016 1342 2043 nec
1362 2001 1407 2042 in
1425 2015 1573 2043 eorum
1599 2008 1747 2043 aucto-

200 2072 321 2114 ritate
352 2072 616 2115 aestimanda
653 2087 818 2114 errasse
860 2087 1076 2122 censeam3
1121 2073 1197 2114 sed
1230 2072 1338 2114 illud
1373 2073 1599 2114 ostendere
1629 2073 1749 2115 vole-

200 2144 318 2194 bam,
362 2146 486 2187 etiam
526 2145 569 2186 in
608 2144 689 2186 hoc
728 2144 849 2198 quasi
880 2144 1081 2186 historico
1112 2159 1266 2198 genere
1296 2145 1558 2200 antiquitatis
1589 2159 1748 2202 cogno-

201 2217 385 2259 scendae
415 2225 505 2260 arte
532 2217 717 2272 quadam
750 2215 898 2257 critica
924 2230 1033 2271 opus
1063 2230 1172 2266 esse,
1204 2231 1332 2271 quam
1362 2217 1434 2272 qui
1467 2216 1747 2273 scriptoribus

201 2290 386 2345 antiquis
425 2288 603 2331 edendis
641 2287 1000 2342 recensendisque
1037 2288 1416 2338 circumscribunt,
1461 2289 1747 2345 amplissimae

205 2362 406 2404 scientiae
435 2362 548 2403 iusto
577 2360 754 2402 artiores
785 2360 892 2401 fines
924 2359 1200 2401 constituunt.

317 2434 624 2482 Veruntamen,
653 2439 699 2473 ut
715 2431 768 2474 ad
790 2447 880 2473 rem
902 2432 955 2473 de
975 2447 1060 2487 qua
1077 2432 1220 2487 agitur
1238 2433 1474 2483 veniamus,
1501 2447 1554 2475 ex
1577 2433 1746 2484 libellis,

199 2521 306 2562 quos
349 2522 478 2563 supra
516 2505 723 2554 diximus,
769 2505 885 2560 prior
922 2504 1024 2545 exiit
1067 2504 1186 2546 Frid.
1216 2505 1453 2548 Hofmanni
1492 2505 1546 2547 de
1582 2505 1746 2561 origine

200 2579 299 2622 belli
331 2579 468 2621 civilis
499 2577 746 2621 Caesariani
777 2576 1106 2619 commentarius
1137 2578 1299 2631 (Berol.
1332 2578 1480 2631 1857),
1510 2577 1584 2632 qui
1611 2577 1746 2619 histo-

200 2650 330 2692 ricam
367 2650 576 2706 imprimis
611 2649 817 2691 rationem
853 2649 1058 2703 sequitur.
1124 2650 1469 2706 Diligentissime
1509 2649 1621 2691 enim
1659 2663 1762 2704 quo-

201 2723 393 2778 quidque
437 2729 625 2778 tempore
671 2729 811 2763 actum
857 2721 936 2770 sit,
982 2723 1280 2777 persequitur,
1329 2721 1506 2764 consilia
1548 2727 1745 2775 artesque

200 2808 370 2844 eorum,
414 2795 489 2850 qui
519 2801 719 2851 egerunt,
761 2792 964 2849 explicat,
998 2794 1180 2835 multum
1207 2795 1250 2838 in
1281 2795 1333 2836 iis
1363 2808 1471 2850 quae
1498 2793 1746 2835 acciderunt

200 2874 396 2909 accurate
439 2866 686 2909 enarrandis
724 2872 939 2915 versatur,
980 2866 1164 2921 denique
1205 2867 1284 2908 etsi
1321 2866 1425 2908 nihil
1460 2864 1575 2920 quod
1603 2864 1746 2919 aliqua
