1846 3100
486 157 541 188 De
565 155 699 196 legibus
724 152 986 194 municipalibus
1011 150 1216 192 Hispanicis.
1543 144 1623 187 315

77 267 277 310 Flavium
306 265 648 315 Laminitanum,
690 261 807 319 quod
851 260 967 318 apud
997 258 1397 302 Cean-Bermudez.
1433 257 1487 299 de
1515 256 1625 299 anti-

77 339 311 396 quit-atibus
338 338 574 395 Hispaniae
605 329 815 390 (Madrid'.
847 334 972 388 1832)
1004 348 1044 389 p.
1075 332 1127 374 42
1155 331 1322 381 citatur,
1354 347 1379 373 a
1402 330 1513 372 Plin.
1541 329 1624 378 III,

78 413 132 456 25
155 413 268 455 inter
293 410 569 468 stipendiaria
595 408 754 465 oppida
782 413 1043 454 recensetur,
1073 404 1191 460 quod
1216 403 1269 446 ab
1296 404 1391 460 ipso
1421 402 1625 458 Augusto

76 484 330 534 Latinitate,
365 483 418 526 ab
449 481 716 538 Vespasiano
748 480 919 522 civitate
949 478 1142 520 Romana
1172 476 1377 518 donatum
1408 489 1503 517 esse
1534 474 1625 516 exi-

78 557 216 599 ntimo.
271 557 466 612 Reliqua,
499 569 608 609 quae
637 554 682 595 in
707 551 882 594 Baetica
911 550 1199 598 nominantur,
1227 550 1500 601 municipium
1530 549 1624 588 Fla-

75 633 187 671 vium
214 631 514 683 Aurigitanum
546 623 968 680 (Caen-BermudeZ.
999 622 1027 663 l.
1055 622 1082 662 l.
1111 637 1151 676 p.
1182 620 1308 674 316),
1350 621 1624 672 municipium

78 705 269 744 Flavium
302 702 579 742 Axatitanum
618 697 740 752 (ibid.
772 712 813 752 p.
846 695 971 749 268),
1012 695 1283 746 municipium
1322 694 1514 733 Flavium
1547 692 1626 733 Ca-

77 789 268 816 nameme
297 772 420 828 (ibid.
449 787 490 828 p.
519 771 635 825 293),
666 771 939 822 municipium
969 770 1162 808 Flavium
1195 768 1474 818 Mumgueme
1502 763 1625 820 (ibid.

76 862 119 903 p.
148 846 273 901 273),
311 847 583 897 municipium
616 845 808 883 Flavium
837 842 1105 881 Nescaniense
1144 836 1268 895 (ibid.
1298 853 1339 893 p.
1373 836 1498 891 301),
1538 851 1626 877 mu-

76 921 276 972 nicipium
309 920 497 958 Flavium
525 917 771 968 Singiliense
801 914 966 966 (Ioann.
995 912 1147 953 Franc.
1178 910 1231 952 de
1257 910 1457 952 Masdeu.
1477 909 1625 951 histor.

78 991 170 1034 crit.
210 991 420 1046 Hispan.,
461 988 651 1031 Madrid.
693 987 821 1036 1789,
863 984 986 1026 Tom.
1013 984 1077 1027 VI
1114 999 1155 1039 p.
1188 982 1310 1036 484),
1354 985 1626 1035 municipium

77 1067 269 1105 Flavium
295 1063 683 1114 Sosonegzlanorum
718 1058 853 1113 (Mur.
882 1073 924 1113 p.
955 1056 1074 1105 1108,
1112 1058 1176 1109 1),
1219 1062 1311 1097 tum
1343 1055 1387 1096 in
1416 1053 1627 1095 Tarraco-

77 1136 200 1179 nensi
243 1137 517 1188 municipium
558 1135 748 1173 Flavium
786 1131 1170 1172 Esbaesuccitanum
1202 1126 1626 1181 (Caen-Bermudez.

76 1209 104 1251 l.
134 1209 162 1251 l.
199 1224 242 1265 p.
276 1208 396 1262 120),
440 1208 712 1258 municipium
752 1206 943 1244 Flavium
994 1204 1240 1243 Vz‘vatanum
1284 1199 1409 1256 (ibid.
1447 1215 1490 1255 p.
1529 1198 1627 1253 128)

78 1281 147 1324 vel
188 1287 383 1324 tacentur
421 1293 596 1336 prorsus
636 1276 752 1333 apud
787 1275 978 1316 Plinium
1016 1274 1109 1323 vel,
1152 1273 1188 1316 si
1228 1279 1626 1321 commemorantur,

78 1354 196 1397 velut
221 1352 412 1395 Canama
438 1358 480 1394 et
509 1350 666 1405 Singili
698 1348 829 1403 (Plin.
849 1348 930 1397 III,
966 1348 1016 1389 10
1037 1354 1077 1388 et
1106 1347 1187 1401 11),
1218 1361 1304 1402 quo
1330 1346 1422 1387 iure
1453 1344 1626 1393 fuerint,

76 1441 162 1468 non
189 1425 376 1468 additur.
431 1423 601 1465 Horum
630 1429 791 1478 partem
819 1421 904 1462 iam
931 1419 1064 1461 initiis
1089 1418 1296 1474 Augusti,
1327 1433 1435 1472 quae
1459 1417 1627 1459 Plinius

77 1497 244 1547 retulit,
281 1496 426 1539 Latini
455 1495 561 1537 iuris
591 1494 746 1543 fuisse,
775 1493 941 1548 reliqua
968 1499 1118 1548 postea
1148 1506 1198 1533 eo
1228 1491 1383 1532 donata
1413 1497 1539 1545 atque
1569 1489 1629 1531 ita

78 1587 103 1614 a
129 1570 397 1626 Vespasiano
433 1568 501 1610 vel
533 1566 778 1609 Domitiano
819 1566 874 1607 ad
911 1565 1125 1607 civitatem
1156 1564 1389 1606 Romanam
1426 1562 1628 1605 translata

78 1657 172 1686 esse
203 1642 509 1684 existimamus.
555 1640 622 1682 Ac
651 1653 705 1680 ne
735 1638 805 1681 cui
834 1645 895 1680 tot
926 1637 1183 1694 oppidorum
1208 1637 1303 1678 iura
1326 1644 1412 1678 tam
1434 1635 1628 1678 celeriter

78 1721 240 1757 mutata
266 1729 360 1756 esse
386 1713 542 1754 mirum
564 1711 775 1760 videatur,
803 1726 827 1751 a
848 1710 989 1752 Plinio
1011 1710 1055 1751 in
1072 1709 1324 1752 Lusitaniae
1341 1707 1629 1763 descriptione

77 1802 213 1829 unum
243 1785 546 1841 municipium,
588 1783 669 1825 tria
699 1782 858 1839 oppida
886 1783 1041 1824 Latina
1073 1782 1223 1824 referri
1254 1781 1465 1831 diximus,
1505 1786 1548 1822 at
1583 1779 1628 1821 in

77 1858 354 1915 inscriptione
392 1856 508 1913 apud
537 1854 671 1898 Orell.
702 1871 743 1896 n.
778 1855 854 1897 162
893 1855 1024 1896 initiis
1052 1854 1225 1896 Traiani
1259 1853 1397 1909 posita
1426 1851 1627 1894 undecim

78 1931 162 1973 alia
199 1929 431 1985 municipia
466 1929 511 1970 in
547 1928 696 1970 eadem
735 1928 909 1983 regione
945 1942 1078 1984 prope
1118 1927 1199 1969 sita
1231 1931 1628 1974 commemorantur,

78 2012 128 2046 ut
164 2004 380 2047 civitatem
407 2003 645 2045 Romanam
682 2001 735 2043 ab
772 1999 1099 2056 imperatoribus
1137 1999 1296 2056 passim
1333 2013 1432 2041 cum
1463 2013 1630 2040 summa

79 2076 328 2120 liberalitate
358 2090 435 2131 per
462 2075 695 2131 Hispanias
727 2080 1002 2130 propagatam
1035 2088 1130 2115 esse
1159 2072 1463 2127 intelligamus.

192 2147 317 2202 Quae
346 2162 445 2190 cum
470 2147 530 2189 ita
555 2147 653 2197 sint,
688 2147 794 2202 quid
824 2147 970 2188 datum
1003 2159 1098 2187 esse
1127 2152 1330 2201 putamus
1358 2143 1530 2186 duobus
1559 2158 1628 2185 re-

79 2221 208 2277 liquis
245 2220 503 2276 oppidorum
544 2219 797 2275 generibus,
845 2233 953 2273 quae
996 2217 1049 2260 ab
1090 2216 1378 2273 stipendiariis
1421 2216 1628 2271 dignitate

81 2292 356 2349 discrepant?
419 2291 663 2348 Supersunt
702 2291 814 2333 enim
852 2290 1093 2332 foederatae
1135 2289 1350 2338 civitates,
1395 2303 1501 2344 quas
1541 2294 1627 2329 tres

80 2365 249 2408 Plinius
275 2364 403 2407 habet
431 2363 476 2405 in
496 2363 685 2413 Baetica,
715 2378 842 2404 unam
871 2363 915 2404 in
935 2361 1260 2410 Tarraconensi,
1287 2360 1448 2402 nullam
1473 2359 1518 2401 in
1534 2359 1629 2401 Lu-

82 2437 257 2487 sitania,
297 2444 339 2479 et
375 2435 556 2485 liberae,
595 2450 702 2491 quas
742 2450 818 2477 sex
859 2435 916 2476 ait
957 2449 1052 2476 esse
1082 2435 1126 2475 in
1157 2433 1342 2476 Baetica.
1401 2431 1471 2474 Ac
1495 2431 1631 2474 libera

81 2509 256 2565 quidem
284 2507 464 2564 oppida,
502 2507 663 2564 Astygi
695 2515 819 2550 vetus
851 2514 892 2548 et
923 2505 1131 2562 Ostippo,
1171 2506 1230 2547 ita
1259 2519 1345 2547 non
1374 2519 1629 2547 commemo-

82 2589 249 2631 rantur,
295 2587 342 2621 ut
375 2579 592 2635 quomodo
631 2579 835 2636 paulatim
873 2579 927 2622 ad
958 2579 1173 2621 civitatem
1198 2578 1433 2620 Romanam
1459 2576 1631 2618 admota

83 2654 181 2704 sint,
211 2653 354 2695 dicere
383 2666 468 2693 non
497 2652 700 2701 audeam,
735 2652 1052 2695 foederatorum
1083 2657 1225 2693 autem
1255 2649 1382 2691 video
1412 2649 1629 2704 singulare

82 2741 132 2768 ac
158 2725 426 2768 rarissimum
452 2724 587 2766 fuisse
615 2724 698 2774 ius,
729 2724 888 2780 quippe
918 2739 1003 2778 quo
1033 2739 1085 2765 ex
1110 2729 1226 2764 tanta
1252 2720 1527 2763 multitudine
1552 2734 1631 2776 per

84 2804 216 2840 totam
242 2795 498 2852 Hispaniam
527 2802 728 2851 quattuor
757 2804 922 2838 tantum
951 2795 1109 2852 oppida
1139 2809 1218 2835 usa
1253 2793 1349 2835 sint.
1402 2792 1552 2847 Neque
1585 2791 1630 2833 in

44 2920 49 2927 .
84 2868 177 2910 aliis
206 2867 439 2924 provinciis
467 2867 592 2923 plura
623 2875 722 2909 sunt
732 2883 743 2918 3
778 2883 875 2910 nam
897 2866 1043 2909 Sicilia
1071 2865 1196 2908 habet
1219 2865 1318 2915 duo,
1351 2863 1630 2908 Mamertinos
