1846 3100
3 1383 15 1432 ἒ.

4 1575 20 1606 ’ἦ

6 1610 19 1655 2:

7 1662 21 1685 7⁴

0 1727 1 1738 l

546 189 599 221 De
623 181 869 223 propagatione
897 181 1039 214 civitatis
1062 182 1251 214 Romanae.
1585 181 1667 225 339

123 293 277 333 mentis
327 297 402 332 aut
450 288 699 331 auctoribus
741 288 1060 344 comprobetur,
1102 298 1329 345 quaerant:
1379 291 1487 333 illud
1530 299 1672 335 autem

125 370 306 413 constat,
333 362 428 411 hoc,
459 360 573 416 quod
602 360 643 401 in
674 360 863 402 oratione
887 359 1060 403 Claudii
1093 369 1133 404 et
1162 362 1215 404 ab
1234 362 1383 405 Tacito
1413 379 1671 408 commemo-

122 440 254 484 ratur,
282 434 351 476 ius
374 433 584 475 honorum
606 432 799 488 Augusti
827 439 963 475 aetate
989 433 1137 475 Italiae
1155 434 1314 477 finibus
1345 435 1404 477 ita
1432 451 1526 478 esse
1553 452 1671 479 coer-

123 506 268 556 citum,
307 513 355 548 ut
393 506 448 548 ad
486 519 646 561 paucas
685 505 895 560 quasdam
935 506 1121 547 colonias
1163 521 1215 547 ex
1254 507 1378 549 Italia
1413 516 1671 565 propagat-as

122 578 366 634 pertineret,
398 584 490 619 tum
520 593 545 619 a
574 575 772 633 Caligula
805 575 979 619 Siciliae
1013 586 1054 619 et
1083 577 1353 621 Narbonensi
1387 578 1566 631 Galliae,
1595 581 1671 623 de-

121 650 251 706 nique
269 649 321 692 ab
346 647 532 692 Claudio
561 649 815 691 Aeduorum
842 649 1106 705 principibus
1138 665 1231 692 esse
1259 666 1524 694 concessum.
1566 653 1671 695 Ete-

122 722 211 764 nim
249 733 476 778 postquam
505 721 772 777 imperatoris
812 721 1044 764 orationem
1077 723 1235 772 retulit,
1273 724 1335 766 sic
1365 724 1512 766 scribit
1543 724 1671 767 Taci-

125 802 215 836 tus:
257 796 494 836 Orationem
533 797 736 847 prz'ncr’pz’s
776 802 909 835 secuto
942 802 1117 847 patrum
1154 798 1338 836 consulto
1370 799 1506 850 primi
1541 799 1676 838 Aedui

123 874 358 907 senatorum
396 869 441 907 in
478 866 576 906 urbe
607 869 670 906 ius
702 868 842 919 adepti
875 874 984 906 sunt.
1042 871 1196 907 Datum
1232 870 1278 908 z'd
1299 870 1474 919 foederi
1500 872 1672 922 antiquo

121 946 163 980 et
192 941 289 992 quia
318 941 397 979 soli
425 940 641 979 Gallorum
668 940 969 991 fi·ceternitatz's
996 954 1143 979 nomen
1180 954 1271 979 cum
1298 943 1450 993 populo
1483 943 1671 982 Romano

122 1017 341 1063 usurpant.
393 1009 517 1063 Quae
549 1009 682 1052 verba
712 1010 857 1051 nescio
898 1025 983 1065 quo
1023 1018 1148 1066 pacto
1181 1011 1461 1068 interpretum
1497 1013 1672 1069 ingenia

124 1089 336 1124 vexarunt
361 1097 441 1124 nec
471 1083 572 1124 satis
597 1089 712 1123 recte
740 1097 856 1123 nunc
881 1081 1084 1123 videntur
1103 1083 1317 1139 explicari.
1361 1084 1472 1126 Nam
1492 1085 1670 1141 Lipsius

123 1155 297 1210 quidem
339 1169 437 1196 cum
474 1155 519 1195 in
555 1153 694 1195 Taciti
734 1153 920 1195 editione
958 1153 1065 1195 nihil
1104 1155 1248 1206 addat,
1289 1156 1345 1197 ad
1376 1157 1583 1199 Senecam
1617 1157 1671 1199 de

123 1226 263 1268 benef.
282 1226 362 1278 VI,
395 1227 445 1269 19
481 1225 646 1269 Galliae
671 1224 874 1268 Comatae
904 1226 1071 1280 plenam
1095 1227 1310 1270 civitatem
1339 1244 1436 1270 cum
1463 1229 1556 1271 iure
1579 1230 1670 1271 suf-

123 1298 249 1355 fragii
288 1306 392 1340 tunc
429 1299 571 1341 datam
610 1314 704 1340 esse
744 1298 971 1348 existimat,
1012 1306 1053 1340 et
1081 1299 1328 1342 universam
1362 1301 1546 1343 Galliam
1583 1299 1670 1343 Co-

125 1378 281 1413 matam
321 1386 542 1427 perperam
582 1371 806 1412 nominans
848 1376 890 1412 et
932 1371 1144 1413 civitatem
1184 1387 1532 1424 commemorans,
1572 1389 1670 1415 cum

125 1444 179 1485 de
212 1451 413 1498 quattuor
442 1451 605 1484 tantum
638 1443 808 1498 populis
839 1450 879 1484 et
911 1444 964 1485 de
991 1444 1084 1485 iure
1107 1444 1317 1487 honorum
1338 1454 1504 1501 agatur.
1542 1446 1669 1488 Alius

125 1515 354 1572 dupliciter
381 1514 580 1557 Tacitum
610 1515 792 1571 intelligi
829 1531 954 1571 posse
993 1517 1072 1559 ait:
1113 1525 1187 1559 aut
1224 1518 1335 1559 enim
1363 1519 1444 1560 hoc
1476 1534 1573 1560 eum
1603 1519 1670 1560 di-

125 1602 234 1637 cere,
272 1594 375 1629 tunc
402 1587 577 1642 quidem
614 1587 683 1628 ius
722 1587 932 1630 honorum
971 1596 1136 1630 tantum
1169 1590 1422 1632 Aeduorum
1460 1592 1670 1647 primores

124 1660 301 1716 adeptos
345 1674 462 1709 esse,
505 1673 591 1701 non
635 1659 822 1715 reliquos
864 1659 1030 1703 Galliae
1071 1659 1275 1704 Comatae
1320 1663 1560 1720 principes:
1602 1663 1670 1705 his

125 1739 275 1789 postea
304 1732 533 1787 aliquando
563 1732 678 1773 idem
714 1732 782 1774 ius
821 1732 1055 1789 obtigisse3
1098 1742 1171 1776 aut
1206 1735 1298 1785 hoc,
1325 1750 1472 1777 omnes
1504 1734 1670 1778 Galliae

125 1802 328 1846 Comatae
365 1804 572 1860 primores
602 1804 719 1859 quod
746 1804 813 1846 ius
844 1804 1055 1847 honorum
1083 1807 1358 1862 expetissent,
1394 1823 1488 1850 esse
1520 1823 1670 1850 conse-

127 1883 263 1927 cutos,
293 1877 370 1919 sed
397 1877 558 1932 primos
589 1891 642 1918 ex
671 1878 723 1918 iis
753 1878 934 1920 Aeduos
957 1879 1208 1920 nominatos.
1251 1879 1467 1934 Equidem
1497 1881 1670 1923 alteram

126 1949 236 1992 hanc
262 1949 467 1991 rationem
493 1965 643 2006 parum
673 1959 831 1992 rectam
866 1966 960 1992 esse
988 1951 1196 2007 intelligo.
1228 1975 1236 1983 ·
1258 1951 1527 2004 Quantulum
1557 1953 1670 1995 enim

124 2031 227 2073 erat,
266 2022 301 2063 si
331 2022 455 2078 primi
487 2029 838 2066 enumerarentur
863 2022 1029 2065 Aedui!
1085 2023 1176 2065 Nec
1206 2024 1242 2065 si
1272 2039 1419 2067 omnes
1451 2025 1525 2081 qui
1560 2025 1670 2082 peti-

126 2102 258 2144 erant,
303 2094 453 2136 eodem
499 2103 688 2152 tempore
732 2103 774 2138 et
815 2110 902 2137 uno
945 2096 1312 2137 senatusconsulto
1350 2096 1419 2138 ius
1460 2098 1670 2140 honorum

125 2165 344 2208 consecuti
374 2174 530 2217 essent,
561 2168 754 2210 ordinem
789 2182 874 2223 quo
910 2166 1126 2209 consecuti
1162 2175 1317 2217 essent,
1355 2170 1515 2211 servari
1549 2169 1670 2225 quic—

125 2253 256 2294 quam
299 2238 522 2283 referebat.
584 2231 813 2282 Falluntur
854 2247 994 2282 autem
1039 2239 1232 2290 omnino,
1276 2241 1393 2296 quod
1437 2239 1671 2283 Claudium

86 2315 88 2317 ’
126 2310 316 2352 oratione
347 2324 474 2364 quam
503 2312 547 2353 in
568 2322 718 2354 senatu
735 2312 942 2361 recitavit,
969 2311 1051 2353 hoc
1072 2311 1214 2366 egisse
1239 2319 1444 2362 statuunt,
1462 2320 1510 2354 ut
1533 2313 1670 2354 omni-

126 2382 224 2431 bus,
255 2382 329 2437 qui
359 2382 656 2437 imperatorem
685 2385 891 2435 adierant,
918 2384 1102 2426 honores
1133 2391 1390 2440 senatusque
1409 2384 1669 2441 patefierent.

126 2454 261 2495 lmmo
295 2468 394 2496 cum
422 2455 575 2510 reliqui
607 2465 823 2499 senatores
857 2457 1072 2499 neminem
1101 2471 1153 2498 ex
1187 2457 1359 2512 populis
1386 2457 1566 2499 devictis
1593 2456 1669 2499 ad-

124 2525 291 2568 mittere
322 2526 481 2568 vellent
508 2542 639 2583 seque
667 2528 734 2579 iis,
766 2529 841 2584 qui
868 2529 1085 2585 quondam
1111 2529 1294 2571 nominis
1324 2529 1507 2571 Romani
1525 2529 1670 2571 hostes

124 2599 322 2647 fuissent,
364 2600 591 2654 exaequari
628 2601 968 2657 indignarentur,
1006 2601 1077 2642 ille
1111 2601 1156 2642 in
1199 2609 1348 2643 senatu
1386 2615 1546 2643 morem
1581 2600 1670 2642 Ro-

127 2685 301 2712 manum
338 2671 682 2726 recipiendorum
724 2673 769 2714 in
807 2673 1020 2715 civitatem
1054 2672 1266 2722 hostium,
1307 2687 1392 2728 quo
1427 2671 1672 2728 respublica

127 2742 346 2792 crevisset,
366 2744 564 2799 exposuit
581 2744 885 2800 paulatimque,
901 2752 950 2787 ut
967 2746 1082 2796 olim,
1102 2745 1315 2795 omnibus,
1333 2759 1417 2786 non
1433 2751 1598 2786 tantum
1616 2744 1670 2785 iis

127 2814 200 2869 qui
231 2825 334 2857 tunc
361 2815 581 2871 petissent,
613 2824 805 2859 senatum
836 2817 1114 2873 aperiendum
1143 2832 1237 2859 esse
1257 2816 1416 2859 docuit.
1462 2815 1580 2857 Nihil
1597 2815 1669 2857 ille

15 2904 18 2912 ·
68 2942 73 2949 -
126 2901 304 2943 prorsus
335 2895 409 2930 aut
444 2888 497 2930 de
535 2889 725 2932 omnium
755 2888 1023 2932 Gallicorum
1051 2889 1308 2946 populorum
1336 2898 1409 2931 aut
1439 2889 1492 2930 de
1521 2887 1670 2930 foede-

0 3021 14 3100 i

1312 2962 1402 3004 22*
