1846 3100
146 138 172 182 8
589 142 643 175 De
669 141 784 174 Gallia
806 142 1038 174 Romanorum
1071 143 1256 185 provincia.

144 250 188 291 in
217 248 403 293 Galliam
433 265 604 307 quoque
631 251 852 308 profectus
889 259 1038 309 gentes
1065 252 1246 309 Alpinas
1282 267 1515 309 regemque
1543 252 1693 296 Gallo-

144 337 241 364 rum
270 319 528 365 Cincibilum
562 331 737 366 vexarat
765 324 884 382 (Liv.
914 324 1009 367 libr.
1029 324 1203 375 XLIII,
1233 323 1292 380 5),
1323 331 1371 366 ut
1397 325 1523 367 etiam
1549 324 1593 366 in
1612 324 1693 366 hoc

145 395 368 437 videamus
388 395 553 438 Galliae
584 395 792 452 quicquid
822 395 999 453 parebat
1023 397 1202 454 imperio
1215 396 1424 446 Romano,
1456 411 1555 438 cum
1570 395 1694 438 Italia

144 466 280 508 fuisse
321 467 609 511 coniunctum.
676 467 807 510 Anno
849 468 928 512 172
966 469 1176 512 ambobus
1213 468 1463 511 consulibus
1502 467 1692 524 Ligures

146 539 308 582 decreti
338 548 438 582 sunt
463 539 582 595 (Liv.
613 540 764 590 XLII,
797 540 891 596 10),
927 540 954 583 i.
983 555 1043 592 e.,
1087 541 1123 584 si
1153 541 1323 598 proprie
1350 541 1468 597 loqui
1496 540 1692 590 velimus,

143 611 281 662 Italia,
313 612 388 654 sed
408 613 467 655 ita
495 620 544 654 ut
565 612 726 655 bellum
754 612 798 654 in
810 612 1051 669 Liguribus
1077 628 1226 670 gerere
1249 613 1512 656 iuberentur.
1542 613 1693 668 Itaque

146 684 452 726 contendent-es
488 699 585 726 cum
622 691 773 726 senatu
803 684 878 726 diu
916 685 961 727 in
997 685 1104 728 urbe
1134 692 1405 735 manserunt,
1451 685 1557 727 alter
1596 691 1693 726 ante

144 756 305 798 exitum
326 757 425 798 anni
450 756 504 799 ad
517 756 760 799 consularia
774 756 946 799 comitia
963 757 1162 800 habenda
1182 757 1693 815 rediit(Liv.XLII,28).

142 828 252 870 Item
279 843 391 870 anno
417 829 494 871 173
517 828 767 871 consulibus
789 828 979 885 Ligures
1010 829 1170 872 decreti
1197 837 1297 872 sunt
1324 829 1442 885 (Liv.
1465 829 1615 879 XLII,
1638 830 1693 882 1),

142 915 222 942 nec
247 901 403 951 minus,
440 907 489 942 ut
517 901 682 957 opinor,
718 901 988 944 antecedenti
1017 916 1151 952 anno3
1190 909 1421 957 utrumque
1452 909 1566 944 certe
1593 917 1694 944 con-

144 973 280 1015 sulem
311 973 424 1015 circa
456 988 527 1015 eas
557 973 756 1030 regiones
782 981 1001 1017 versatum
1027 989 1122 1017 esse
1161 974 1310 1017 scribit
1341 973 1439 1017 Liv.
1459 973 1596 1024 XLI,
1626 973 1693 1017 27.

145 1045 276 1086 Anno
307 1045 384 1088 175
416 1046 614 1088 consules
644 1045 687 1086 in
706 1045 947 1102 Liguribus
978 1061 1179 1103 prospere
1210 1061 1430 1103 pugnasse
1461 1047 1517 1089 ait
1537 1046 1693 1088 Livius

141 1115 238 1159 libr.
265 1115 401 1168 XLI,
437 1117 509 1168 19,
551 1132 662 1160 anno
700 1117 778 1161 176
805 1117 930 1160 Pisas
969 1125 1010 1160 et
1038 1118 1228 1175 Ligures
1255 1133 1349 1160 esse
1377 1118 1571 1162 decretos
1597 1118 1693 1161 libr.

141 1188 277 1239 XLI,
321 1189 394 1240 14,
437 1189 715 1246 similiterque
759 1190 920 1233 factum
963 1197 1052 1233 erat
1094 1189 1386 1247 superioribus
1422 1191 1566 1241 annis,
1609 1190 1693 1232 nisi

142 1261 259 1316 quod
290 1276 400 1303 anno
433 1261 508 1305 177
539 1261 606 1303 Ti.
642 1258 922 1318 Sempronius
953 1261 1178 1305 Gracchus
1206 1261 1450 1305 Sardiniam
1479 1270 1598 1306 extra
1624 1277 1693 1304 or-

146 1333 290 1376 dinem
322 1334 499 1390 accepit.
562 1334 685 1388 Quae
718 1350 815 1377 cum
849 1335 908 1376 ita
938 1334 1021 1376 sint
1051 1336 1210 1392 (neque
1241 1335 1353 1378 enim
1381 1336 1528 1392 plures
1558 1349 1692 1377 annos

143 1405 383 1449 examinare
413 1421 522 1463 opus
553 1406 658 1461 est),
701 1407 882 1450 dubium
914 1422 1007 1449 esse
1036 1422 1123 1449 non
1151 1406 1300 1458 debet,
1335 1407 1438 1462 quin
1469 1422 1608 1463 usque
1637 1406 1692 1448 ad

142 1493 301 1521 annum
334 1478 410 1522 167
440 1478 605 1521 Galliae
633 1478 839 1534 quicquid
870 1479 999 1521 armis
1015 1479 1305 1522 Romanorum
1336 1478 1561 1522 subactum
1591 1485 1692 1528 erat,

143 1565 241 1593 cum
270 1550 394 1592 Italia
432 1550 706 1593 coniunctum
746 1550 887 1593 eidem
924 1551 1138 1607 paruerit,
1184 1552 1253 1594 cui
1293 1552 1387 1609 ipsa
1423 1551 1528 1594 urbs
1556 1550 1694 1593 Roma

142 1621 328 1679 parebat.
391 1620 509 1664 Casu
547 1629 690 1665 autem
718 1622 899 1673 accidit,
938 1630 986 1665 ut
1015 1638 1092 1680 per
1128 1623 1174 1666 id
1200 1623 1316 1680 quod
1355 1623 1692 1666 examinavimus

142 1703 312 1752 tempus
347 1710 567 1751 nunquam
608 1702 788 1751 uterque
829 1696 980 1738 consul
1017 1696 1141 1739 Italia
1182 1696 1372 1746 abesset,
1416 1694 1493 1738 sed
1531 1695 1568 1737 si
1604 1695 1690 1738 duo

140 1783 297 1825 magna
327 1766 439 1809 bella
475 1767 736 1818 extitissent,
784 1767 910 1810 etiam
948 1767 1031 1810 hoc
1075 1768 1167 1810 fieri
1199 1768 1393 1824 potuisse
1429 1781 1604 1817 censeo,
1644 1774 1691 1809 ut

142 1847 311 1898 praetor
347 1839 422 1895 qui
452 1839 621 1882 Italiam
663 1845 876 1889 tueretur,
911 1839 1025 1885 idem
1057 1839 1222 1883 Galliae
1253 1847 1483 1895 praeesset.
1541 1838 1691 1894 ltaque

142 1913 235 1955 iure
276 1911 528 1955 mirabimur
553 1911 758 1968 Pighium
795 1911 840 1952 in
869 1911 1024 1954 Annal.
1053 1911 1151 1954 Vol.
1181 1911 1226 1954 II
1254 1927 1295 1968 p.
1331 1910 1432 1961 140,
1474 1911 1549 1966 qui
1579 1926 1690 1954 anno

142 1985 221 2028 217
254 2000 292 2027 a.
321 1982 424 2026 Chr.
469 1981 653 2025 Galliam
689 1981 952 2038 Cisalpinam
979 1983 1024 2024 in
1053 1983 1304 2033 ordinariae,
1339 1997 1468 2038 quam
1494 1982 1690 2039 appellat,

139 2056 388 2113 provinciae
417 2056 597 2097 formam
625 2054 842 2097 redactam
873 2070 967 2098 esse
994 2055 1206 2098 existimet
1235 2062 1362 2110 atque
1398 2070 1451 2096 ex
1478 2054 1551 2096 illo
1581 2061 1689 2097 tem-

141 2143 245 2184 pore
273 2142 365 2169 eam
396 2127 439 2168 in
470 2127 788 2183 provinciarum
816 2142 998 2170 recensu
1027 2126 1247 2169 exhibeat:
1278 2142 1406 2183 quem
1433 2128 1503 2171 ille
1531 2143 1690 2170 annum

140 2199 239 2241 ideo
277 2199 548 2255 potissimum
585 2199 757 2241 videtur
784 2199 993 2256 elegisse,
1031 2200 1148 2256 quod
1178 2215 1276 2242 cum
1309 2201 1352 2242 in
1380 2200 1498 2242 Livii
1528 2200 1690 2243 annali-

142 2271 224 2314 bus
266 2286 351 2314 non
391 2279 634 2322 enarretur,
684 2271 917 2314 maximum
966 2272 1221 2315 coniecturis
1265 2281 1461 2329 campum
1501 2272 1689 2329 praebet.

141 2342 294 2399 Neque
327 2345 438 2386 enim
455 2375 466 2394 ,
509 2345 545 2386 si
581 2344 655 2399 qui
696 2359 774 2400 per
808 2343 909 2387 belli
938 2344 1092 2387 Punici
1131 2345 1390 2388 calamitates
1429 2345 1473 2386 in
1505 2343 1691 2388 Galliam

142 2415 263 2458 missi
305 2423 406 2458 sunt
440 2422 679 2472 praetores,
723 2416 797 2472 qui
837 2423 940 2458 tunc
974 2423 1095 2458 extra
1131 2417 1323 2460 ordinem
1365 2431 1449 2459 non
1489 2415 1617 2458 modo
1645 2415 1689 2456 in

143 2485 354 2538 Galliam,
408 2503 557 2530 verum
602 2488 646 2529 in
692 2502 841 2531 omnes
883 2489 1030 2531 Italiae
1075 2496 1216 2545 partes
1263 2489 1459 2532 hostibus
1511 2489 1689 2530 infestas

141 2558 431 2610 mittebantur,
450 2559 503 2602 iis
531 2560 593 2601 uti
619 2559 892 2610 debebimus3
923 2560 1081 2616 quibus
1100 2560 1174 2616 qui
1199 2567 1356 2611 utetur,
1389 2560 1556 2611 multas,
1579 2573 1688 2616 quae

141 2631 283 2674 nullae
312 2646 501 2687 unquam
526 2633 714 2681 fuerunt,
745 2632 988 2687 provincias
1017 2632 1185 2675 efficere
1213 2633 1379 2689 poterit.

252 2703 546 2746 Veruntamen
581 2706 625 2745 in
664 2703 947 2746 examinanda
979 2703 1145 2748 Galliae
1179 2705 1430 2747 condicione
1466 2705 1502 2746 si
1538 2703 1593 2746 ad
1622 2703 1687 2744 in-

141 2776 298 2818 feriora
348 2784 540 2831 tempora
586 2775 927 2826 descendemus,
980 2776 1085 2831 quid
1135 2778 1426 2833 reperiemus?
1494 2776 1595 2829 Qua
1642 2776 1687 2816 in

141 2847 388 2901 quaestione
423 2862 548 2889 nemo
574 2848 829 2903 postulabit,
873 2856 920 2891 ut
955 2863 1033 2904 per
1069 2849 1264 2904 singulos
1293 2864 1426 2893 annos
1457 2849 1525 2891 vel
1551 2848 1687 2890 fuisse
