<?xml version="1.0" encoding="UTF-8"?>
<!DOCTYPE html PUBLIC "-//W3C//DTD XHTML 1.0 Transitional//EN"
    "http://www.w3.org/TR/xhtml1/DTD/xhtml1-transitional.dtd">
<html xmlns="http://www.w3.org/1999/xhtml" xml:lang="en" lang="en">
 <head>
  <title>
</title>
<meta http-equiv="Content-Type" content="text/html;charset=utf-8" />
  <meta name='ocr-system' content='tesseract 3.04.00' />
  <meta name='ocr-capabilities' content='ocr_page ocr_carea ocr_par ocr_line ocrx_word'/>
</head>
<body>
  <div class='ocr_page' id='page_1' title='image "./studiaromanasive00zump_0241.png"; bbox 0 0 1846 3100; ppageno 0'>
   <div class='ocr_carea' id='block_1_1' title="bbox 580 142 1692 186">
    <p class='ocr_par' dir='ltr' id='par_1_1' title="bbox 580 142 1692 186">
     <span class='ocr_line' id='line_1_1' title="bbox 580 142 1692 186; baseline -0.004 -8"><span class='ocrx_word' id='word_1_1' title='bbox 580 146 634 178; x_wconf 85' lang='lat' dir='ltr'>De</span> <span class='ocrx_word' id='word_1_2' title='bbox 662 146 834 178; x_wconf 79' lang='lat' dir='ltr'>dictatoris</span> <span class='ocrx_word' id='word_1_3' title='bbox 861 144 1020 178; x_wconf 79' lang='lat' dir='ltr'><strong>Caesaris</strong></span> <span class='ocrx_word' id='word_1_4' title='bbox 1046 144 1247 177; x_wconf 87' lang='lat' dir='ltr'>honoribus.</span> <span class='ocrx_word' id='word_1_5' title='bbox 1608 142 1692 186; x_wconf 83' lang='lat'>229</span> 
     </span>
    </p>
   </div>
   <div class='ocr_carea' id='block_1_2' title="bbox 143 252 1694 455">
    <p class='ocr_par' dir='ltr' id='par_1_2' title="bbox 143 252 1694 455">
     <span class='ocr_line' id='line_1_2' title="bbox 144 252 1693 299; baseline -0.002 0"><span class='ocrx_word' id='word_1_6' title='bbox 144 270 283 299; x_wconf 83' lang='lat' dir='ltr'>sarem</span> <span class='ocrx_word' id='word_1_7' title='bbox 320 254 607 299; x_wconf 88' lang='lat' dir='ltr'>Octavianum</span> <span class='ocrx_word' id='word_1_8' title='bbox 645 254 870 298; x_wconf 82' lang='lat' dir='ltr'>abdicasse</span> <span class='ocrx_word' id='word_1_9' title='bbox 909 259 952 295; x_wconf 88' lang='lat' dir='ltr'>et</span> <span class='ocrx_word' id='word_1_10' title='bbox 993 253 1037 294; x_wconf 91' lang='lat' dir='ltr'>in</span> <span class='ocrx_word' id='word_1_11' title='bbox 1079 252 1172 294; x_wconf 89' lang='lat' dir='ltr'>eius</span> <span class='ocrx_word' id='word_1_12' title='bbox 1211 253 1353 295; x_wconf 91' lang='lat' dir='ltr'>locum</span> <span class='ocrx_word' id='word_1_13' title='bbox 1393 253 1556 296; x_wconf 87' lang='lat' dir='ltr'>factum</span> <span class='ocrx_word' id='word_1_14' title='bbox 1598 269 1693 296; x_wconf 89' lang='lat' dir='ltr'>esse</span> 
     </span>
     <span class='ocr_line' id='line_1_3' title="bbox 143 323 1694 384; baseline -0.001 -14"><span class='ocrx_word' id='word_1_15' title='bbox 143 328 292 378; x_wconf 85' lang='lat' dir='ltr'>alium,</span> <span class='ocrx_word' id='word_1_16' title='bbox 319 328 437 384; x_wconf 91' lang='lat' dir='ltr'>quod</span> <span class='ocrx_word' id='word_1_17' title='bbox 466 328 581 370; x_wconf 92' lang='lat' dir='ltr'>idem</span> <span class='ocrx_word' id='word_1_18' title='bbox 609 341 719 369; x_wconf 87' lang='lat' dir='ltr'>anno</span> <span class='ocrx_word' id='word_1_19' title='bbox 740 326 792 369; x_wconf 81' lang='lat'>23</span> <span class='ocrx_word' id='word_1_20' title='bbox 820 342 856 368; x_wconf 91' lang='lat' dir='ltr'>a.</span> <span class='ocrx_word' id='word_1_21' title='bbox 876 323 979 368; x_wconf 87' lang='lat' dir='ltr'><strong>Chr.</strong></span> <span class='ocrx_word' id='word_1_22' title='bbox 1011 325 1251 382; x_wconf 88' lang='lat' dir='ltr'>reperitur?</span> <span class='ocrx_word' id='word_1_23' title='bbox 1305 325 1416 368; x_wconf 89' lang='lat' dir='ltr'>Nam</span> <span class='ocrx_word' id='word_1_24' title='bbox 1443 332 1492 367; x_wconf 90' lang='lat' dir='ltr'>ut</span> <span class='ocrx_word' id='word_1_25' title='bbox 1517 326 1561 367; x_wconf 90' lang='lat' dir='ltr'>in</span> <span class='ocrx_word' id='word_1_26' title='bbox 1592 341 1694 368; x_wconf 88' lang='lat' dir='ltr'>con-</span> 
     </span>
     <span class='ocr_line' id='line_1_4' title="bbox 145 397 1693 455; baseline -0.003 -12"><span class='ocrx_word' id='word_1_27' title='bbox 145 400 314 443; x_wconf 91' lang='lat' dir='ltr'>sulibus</span> <span class='ocrx_word' id='word_1_28' title='bbox 347 400 551 450; x_wconf 86' lang='lat' dir='ltr'>suffectis,</span> <span class='ocrx_word' id='word_1_29' title='bbox 585 399 660 455; x_wconf 88' lang='lat' dir='ltr'>qui</span> <span class='ocrx_word' id='word_1_30' title='bbox 689 405 787 454; x_wconf 89' lang='lat' dir='ltr'>post</span> <span class='ocrx_word' id='word_1_31' title='bbox 810 398 931 440; x_wconf 91' lang='lat' dir='ltr'>illum</span> <span class='ocrx_word' id='word_1_32' title='bbox 961 413 1119 441; x_wconf 91' lang='lat' dir='ltr'>annum</span> <span class='ocrx_word' id='word_1_33' title='bbox 1149 398 1338 448; x_wconf 85' lang='lat' dir='ltr'>fuerunt,</span> <span class='ocrx_word' id='word_1_34' title='bbox 1366 397 1471 439; x_wconf 88' lang='lat' dir='ltr'><strong>nihil</strong></span> <span class='ocrx_word' id='word_1_35' title='bbox 1495 397 1693 447; x_wconf 85' lang='lat' dir='ltr'>addatur,</span> 
     </span>
    </p>
   </div>
   <div class='ocr_carea' id='block_1_3' title="bbox 79 469 1694 526">
    <p class='ocr_par' dir='ltr' id='par_1_3' title="bbox 79 469 1694 526">
     <span class='ocr_line' id='line_1_5' title="bbox 79 469 1694 526; baseline -0.001 -11"><span class='ocrx_word' id='word_1_36' title='bbox 79 510 83 514; x_wconf 93' lang='lat'>.</span> <span class='ocrx_word' id='word_1_37' title='bbox 142 473 250 515; x_wconf 86' lang='lat' dir='ltr'>haec</span> <span class='ocrx_word' id='word_1_38' title='bbox 277 488 406 515; x_wconf 84' lang='lat' dir='ltr'>causa</span> <span class='ocrx_word' id='word_1_39' title='bbox 436 479 514 522; x_wconf 89' lang='lat' dir='ltr'>est,</span> <span class='ocrx_word' id='word_1_40' title='bbox 550 471 665 526; x_wconf 91' lang='lat' dir='ltr'>quod</span> <span class='ocrx_word' id='word_1_41' title='bbox 694 471 724 512; x_wconf 92' lang='lat' dir='ltr'>ii</span> <span class='ocrx_word' id='word_1_42' title='bbox 755 486 840 512; x_wconf 92' lang='lat' dir='ltr'>non</span> <span class='ocrx_word' id='word_1_43' title='bbox 868 471 913 512; x_wconf 93' lang='lat' dir='ltr'>in</span> <span class='ocrx_word' id='word_1_44' title='bbox 942 485 1103 513; x_wconf 91' lang='lat' dir='ltr'>annum</span> <span class='ocrx_word' id='word_1_45' title='bbox 1135 469 1495 525; x_wconf 83' lang='lat' dir='ltr'>designabantur,</span> <span class='ocrx_word' id='word_1_46' title='bbox 1539 477 1588 512; x_wconf 90' lang='lat' dir='ltr'>ut</span> <span class='ocrx_word' id='word_1_47' title='bbox 1617 470 1694 513; x_wconf 89' lang='lat' dir='ltr'>ab·</span> 
     </span>
    </p>
   </div>
   <div class='ocr_carea' id='block_1_4' title="bbox 127 541 1702 2911">
    <p class='ocr_par' dir='ltr' id='par_1_4' title="bbox 127 541 1702 2610">
     <span class='ocr_line' id='line_1_6' title="bbox 145 541 1693 601; baseline -0.002 -13"><span class='ocrx_word' id='word_1_48' title='bbox 145 545 358 588; x_wconf 85' lang='lat' dir='ltr'>dicatione</span> <span class='ocrx_word' id='word_1_49' title='bbox 387 560 497 601; x_wconf 89' lang='lat' dir='ltr'>opus</span> <span class='ocrx_word' id='word_1_50' title='bbox 526 552 661 593; x_wconf 86' lang='lat' dir='ltr'>esset,</span> <span class='ocrx_word' id='word_1_51' title='bbox 697 543 774 584; x_wconf 90' lang='lat' dir='ltr'>sed</span> <span class='ocrx_word' id='word_1_52' title='bbox 803 558 852 584; x_wconf 90' lang='lat' dir='ltr'>ea</span> <span class='ocrx_word' id='word_1_53' title='bbox 878 543 974 599; x_wconf 90' lang='lat' dir='ltr'>lege</span> <span class='ocrx_word' id='word_1_54' title='bbox 1005 541 1182 592; x_wconf 80' lang='lat' dir='ltr'>inibant,</span> <span class='ocrx_word' id='word_1_55' title='bbox 1214 548 1262 583; x_wconf 91' lang='lat' dir='ltr'>ut</span> <span class='ocrx_word' id='word_1_56' title='bbox 1291 549 1389 598; x_wconf 89' lang='lat' dir='ltr'>post</span> <span class='ocrx_word' id='word_1_57' title='bbox 1421 557 1496 584; x_wconf 86' lang='lat' dir='ltr'>sex</span> <span class='ocrx_word' id='word_1_58' title='bbox 1525 557 1693 586; x_wconf 89' lang='lat' dir='ltr'>menses</span> 
     </span>
     <span class='ocr_line' id='line_1_7' title="bbox 144 614 1693 671; baseline -0.002 -10"><span class='ocrx_word' id='word_1_59' title='bbox 144 618 254 660; x_wconf 74' lang='lat' dir='ltr'>alius</span> <span class='ocrx_word' id='word_1_60' title='bbox 281 617 544 666; x_wconf 80' lang='lat' dir='ltr'>succederet,</span> <span class='ocrx_word' id='word_1_61' title='bbox 575 616 617 657; x_wconf 90' lang='lat' dir='ltr'>in</span> <span class='ocrx_word' id='word_1_62' title='bbox 645 614 803 670; x_wconf 90' lang='lat' dir='ltr'>quibus</span> <span class='ocrx_word' id='word_1_63' title='bbox 829 623 998 671; x_wconf 88' lang='lat' dir='ltr'>tempus</span> <span class='ocrx_word' id='word_1_64' title='bbox 1022 615 1178 670; x_wconf 88' lang='lat' dir='ltr'>ipsum,</span> <span class='ocrx_word' id='word_1_65' title='bbox 1207 629 1292 670; x_wconf 91' lang='lat' dir='ltr'>quo</span> <span class='ocrx_word' id='word_1_66' title='bbox 1316 615 1499 670; x_wconf 88' lang='lat' dir='ltr'>quisque</span> <span class='ocrx_word' id='word_1_67' title='bbox 1527 616 1693 666; x_wconf 84' lang='lat' dir='ltr'>inierat,</span> 
     </span>
     <span class='ocr_line' id='line_1_8' title="bbox 144 686 1694 742; baseline -0.003 -9"><span class='ocrx_word' id='word_1_68' title='bbox 144 690 282 733; x_wconf 88' lang='lat' dir='ltr'>notari</span> <span class='ocrx_word' id='word_1_69' title='bbox 311 688 565 733; x_wconf 85' lang='lat' dir='ltr'>sufficiebat.</span> <span class='ocrx_word' id='word_1_70' title='bbox 624 687 770 742; x_wconf 87' lang='lat' dir='ltr'>Atque</span> <span class='ocrx_word' id='word_1_71' title='bbox 800 695 848 729; x_wconf 92' lang='lat' dir='ltr'>ut</span> <span class='ocrx_word' id='word_1_72' title='bbox 878 687 960 729; x_wconf 92' lang='lat' dir='ltr'>hoc</span> <span class='ocrx_word' id='word_1_73' title='bbox 990 687 1084 729; x_wconf 93' lang='lat' dir='ltr'>loco</span> <span class='ocrx_word' id='word_1_74' title='bbox 1113 686 1313 728; x_wconf 87' lang='lat' dir='ltr'>addendo</span> <span class='ocrx_word' id='word_1_75' title='bbox 1351 694 1576 742; x_wconf 89' lang='lat' dir='ltr'>peccatum</span> <span class='ocrx_word' id='word_1_76' title='bbox 1615 694 1694 737; x_wconf 86' lang='lat' dir='ltr'>est,</span> 
     </span>
     <span class='ocr_line' id='line_1_9' title="bbox 143 758 1696 819; baseline -0.002 -14"><span class='ocrx_word' id='word_1_77' title='bbox 143 763 203 805; x_wconf 86' lang='lat' dir='ltr'>ita</span> <span class='ocrx_word' id='word_1_78' title='bbox 231 763 360 819; x_wconf 83' lang='lat' dir='ltr'>paulo</span> <span class='ocrx_word' id='word_1_79' title='bbox 391 768 487 818; x_wconf 88' lang='lat' dir='ltr'>post</span> <span class='ocrx_word' id='word_1_80' title='bbox 518 760 763 803; x_wconf 86' lang='lat' dir='ltr'>omittendo.</span> <span class='ocrx_word' id='word_1_81' title='bbox 831 759 1005 801; x_wconf 87' lang='lat' dir='ltr'>Etenim</span> <span class='ocrx_word' id='word_1_82' title='bbox 1038 766 1230 814; x_wconf 85' lang='lat' dir='ltr'>quartam</span> <span class='ocrx_word' id='word_1_83' title='bbox 1265 758 1516 802; x_wconf 79' lang='lat' dir='ltr'>dictaturam</span> <span class='ocrx_word' id='word_1_84' title='bbox 1548 767 1696 816; x_wconf 89' lang='lat' dir='ltr'>postea</span> 
     </span>
     <span class='ocr_line' id='line_1_10' title="bbox 145 831 1694 888; baseline -0.003 -10"><span class='ocrx_word' id='word_1_85' title='bbox 145 835 422 878; x_wconf 79' lang='lat' dir='ltr'>ostendemus</span> <span class='ocrx_word' id='word_1_86' title='bbox 464 833 605 875; x_wconf 91' lang='lat' dir='ltr'>medio</span> <span class='ocrx_word' id='word_1_87' title='bbox 643 833 732 875; x_wconf 85' lang='lat' dir='ltr'>fere</span> <span class='ocrx_word' id='word_1_88' title='bbox 774 847 884 874; x_wconf 88' lang='lat' dir='ltr'>anno</span> <span class='ocrx_word' id='word_1_89' title='bbox 915 832 966 873; x_wconf 77' lang='lat'>45</span> <span class='ocrx_word' id='word_1_90' title='bbox 1006 832 1152 873; x_wconf 86' lang='lat' dir='ltr'>initam</span> <span class='ocrx_word' id='word_1_91' title='bbox 1184 846 1303 873; x_wconf 89' lang='lat' dir='ltr'>esse:</span> <span class='ocrx_word' id='word_1_92' title='bbox 1350 832 1385 873; x_wconf 89' lang='lat' dir='ltr'>si</span> <span class='ocrx_word' id='word_1_93' title='bbox 1414 831 1529 874; x_wconf 91' lang='lat' dir='ltr'>idem</span> <span class='ocrx_word' id='word_1_94' title='bbox 1559 832 1694 888; x_wconf 89' lang='lat' dir='ltr'>signi-</span> 
     </span>
     <span class='ocr_line' id='line_1_11' title="bbox 146 904 1694 959; baseline -0.003 -9"><span class='ocrx_word' id='word_1_95' title='bbox 146 907 274 950; x_wconf 82' lang='lat' dir='ltr'>ficare</span> <span class='ocrx_word' id='word_1_96' title='bbox 303 906 474 949; x_wconf 90' lang='lat' dir='ltr'>volebat</span> <span class='ocrx_word' id='word_1_97' title='bbox 502 906 708 947; x_wconf 83' lang='lat' dir='ltr'>fastorum</span> <span class='ocrx_word' id='word_1_98' title='bbox 739 912 909 954; x_wconf 85' lang='lat' dir='ltr'>auctor,</span> <span class='ocrx_word' id='word_1_99' title='bbox 942 919 1020 946; x_wconf 90' lang='lat' dir='ltr'>cur</span> <span class='ocrx_word' id='word_1_100' title='bbox 1048 911 1147 959; x_wconf 91' lang='lat' dir='ltr'>post</span> <span class='ocrx_word' id='word_1_101' title='bbox 1178 904 1425 946; x_wconf 89' lang='lat' dir='ltr'>consulatus</span> <span class='ocrx_word' id='word_1_102' title='bbox 1455 919 1540 947; x_wconf 90' lang='lat' dir='ltr'>non</span> <span class='ocrx_word' id='word_1_103' title='bbox 1570 905 1694 947; x_wconf 90' lang='lat' dir='ltr'>addi-</span> 
     </span>
     <span class='ocr_line' id='line_1_12' title="bbox 147 976 1694 1034; baseline -0.001 -13"><span class='ocrx_word' id='word_1_104' title='bbox 147 980 211 1021; x_wconf 86' lang='lat' dir='ltr'>dit</span> <span class='ocrx_word' id='word_1_105' title='bbox 239 982 373 1021; x_wconf 77' lang='lat' dir='ltr'>eodem</span> <span class='ocrx_word' id='word_1_106' title='bbox 403 993 537 1026; x_wconf 74' lang='lat' dir='ltr'>anno,</span> <span class='ocrx_word' id='word_1_107' title='bbox 567 984 616 1019; x_wconf 89' lang='lat' dir='ltr'>ut</span> <span class='ocrx_word' id='word_1_108' title='bbox 646 993 776 1034; x_wconf 87' lang='lat' dir='ltr'>supra</span> <span class='ocrx_word' id='word_1_109' title='bbox 805 977 847 1018; x_wconf 90' lang='lat' dir='ltr'>in</span> <span class='ocrx_word' id='word_1_110' title='bbox 881 977 1016 1034; x_wconf 80' lang='lat' dir='ltr'>prima</span> <span class='ocrx_word' id='word_1_111' title='bbox 1047 976 1287 1018; x_wconf 86' lang='lat' dir='ltr'>dictatura?</span> <span class='ocrx_word' id='word_1_112' title='bbox 1341 976 1419 1018; x_wconf 88' lang='lat' dir='ltr'>Sin</span> <span class='ocrx_word' id='word_1_113' title='bbox 1451 992 1612 1019; x_wconf 90' lang='lat' dir='ltr'>annum</span> <span class='ocrx_word' id='word_1_114' title='bbox 1641 978 1694 1020; x_wconf 84' lang='grc'>44</span> 
     </span>
     <span class='ocr_line' id='line_1_13' title="bbox 146 1048 1695 1107; baseline -0.001 -13"><span class='ocrx_word' id='word_1_115' title='bbox 146 1051 200 1094; x_wconf 84' lang='lat' dir='ltr'>ab</span> <span class='ocrx_word' id='word_1_116' title='bbox 231 1060 383 1107; x_wconf 85' lang='lat' dir='ltr'>quarta</span> <span class='ocrx_word' id='word_1_117' title='bbox 408 1051 619 1092; x_wconf 85' lang='lat' dir='ltr'>dictatura</span> <span class='ocrx_word' id='word_1_118' title='bbox 646 1048 900 1105; x_wconf 87' lang='lat' dir='ltr'>incipiebat,</span> <span class='ocrx_word' id='word_1_119' title='bbox 941 1056 1082 1090; x_wconf 88' lang='lat' dir='ltr'>tamen</span> <span class='ocrx_word' id='word_1_120' title='bbox 1110 1063 1195 1090; x_wconf 89' lang='lat' dir='ltr'>non</span> <span class='ocrx_word' id='word_1_121' title='bbox 1226 1049 1367 1090; x_wconf 88' lang='lat' dir='ltr'>minus</span> <span class='ocrx_word' id='word_1_122' title='bbox 1397 1049 1511 1091; x_wconf 91' lang='lat' dir='ltr'>idem</span> <span class='ocrx_word' id='word_1_123' title='bbox 1538 1049 1695 1092; x_wconf 81' lang='lat' dir='ltr'>ascribi</span> 
     </span>
     <span class='ocr_line' id='line_1_14' title="bbox 145 1119 1695 1180; baseline -0.001 -14"><span class='ocrx_word' id='word_1_124' title='bbox 145 1123 367 1180; x_wconf 85' lang='lat' dir='ltr'>oportebat</span> <span class='ocrx_word' id='word_1_125' title='bbox 407 1138 534 1179; x_wconf 84' lang='lat' dir='ltr'>quam</span> <span class='ocrx_word' id='word_1_126' title='bbox 572 1129 670 1163; x_wconf 88' lang='lat' dir='ltr'>ante</span> <span class='ocrx_word' id='word_1_127' title='bbox 711 1119 860 1163; x_wconf 87' lang='lat' dir='ltr'>Caleni</span> <span class='ocrx_word' id='word_1_128' title='bbox 891 1121 1140 1176; x_wconf 90' lang='lat' dir='ltr'>Vatiniique</span> <span class='ocrx_word' id='word_1_129' title='bbox 1178 1128 1220 1163; x_wconf 89' lang='lat' dir='ltr'>et</span> <span class='ocrx_word' id='word_1_130' title='bbox 1260 1128 1459 1176; x_wconf 87' lang='lat' dir='ltr'>quartum</span> <span class='ocrx_word' id='word_1_131' title='bbox 1497 1120 1695 1164; x_wconf 88' lang='lat' dir='ltr'>Caesaris</span> 
     </span>
     <span class='ocr_line' id='line_1_15' title="bbox 146 1191 1695 1250; baseline -0.002 -11"><span class='ocrx_word' id='word_1_132' title='bbox 146 1196 429 1239; x_wconf 86' lang='lat' dir='ltr'>consulatum.</span> <span class='ocrx_word' id='word_1_133' title='bbox 497 1194 654 1236; x_wconf 90' lang='lat' dir='ltr'>Totum</span> <span class='ocrx_word' id='word_1_134' title='bbox 685 1194 818 1250; x_wconf 87' lang='lat' dir='ltr'>igitur</span> <span class='ocrx_word' id='word_1_135' title='bbox 846 1193 962 1235; x_wconf 91' lang='lat' dir='ltr'>hunc</span> <span class='ocrx_word' id='word_1_136' title='bbox 988 1193 1157 1243; x_wconf 90' lang='lat' dir='ltr'>locum,</span> <span class='ocrx_word' id='word_1_137' title='bbox 1199 1193 1274 1249; x_wconf 91' lang='lat' dir='ltr'>qui</span> <span class='ocrx_word' id='word_1_138' title='bbox 1306 1193 1360 1234; x_wconf 91' lang='lat' dir='ltr'>de</span> <span class='ocrx_word' id='word_1_139' title='bbox 1388 1191 1587 1236; x_wconf 82' lang='lat' dir='ltr'>Caesaris</span> <span class='ocrx_word' id='word_1_140' title='bbox 1617 1194 1695 1236; x_wconf 90' lang='lat' dir='ltr'>ho-</span> 
     </span>
     <span class='ocr_line' id='line_1_16' title="bbox 144 1265 1695 1321; baseline -0.002 -10"><span class='ocrx_word' id='word_1_141' title='bbox 144 1269 323 1311; x_wconf 89' lang='lat' dir='ltr'>noribus</span> <span class='ocrx_word' id='word_1_142' title='bbox 361 1275 448 1317; x_wconf 90' lang='lat' dir='ltr'>est,</span> <span class='ocrx_word' id='word_1_143' title='bbox 492 1282 572 1309; x_wconf 91' lang='lat' dir='ltr'>nec</span> <span class='ocrx_word' id='word_1_144' title='bbox 609 1267 720 1308; x_wconf 90' lang='lat' dir='ltr'>inter</span> <span class='ocrx_word' id='word_1_145' title='bbox 758 1281 852 1307; x_wconf 90' lang='lat' dir='ltr'>sese</span> <span class='ocrx_word' id='word_1_146' title='bbox 889 1265 991 1307; x_wconf 87' lang='lat' dir='ltr'>satis</span> <span class='ocrx_word' id='word_1_147' title='bbox 1032 1266 1272 1307; x_wconf 88' lang='lat' dir='ltr'>consentire</span> <span class='ocrx_word' id='word_1_148' title='bbox 1300 1266 1538 1321; x_wconf 90' lang='lat' dir='ltr'>reperimus</span> <span class='ocrx_word' id='word_1_149' title='bbox 1571 1273 1613 1308; x_wconf 86' lang='lat' dir='ltr'>et</span> <span class='ocrx_word' id='word_1_150' title='bbox 1643 1265 1695 1308; x_wconf 91' lang='lat' dir='ltr'>ab</span> 
     </span>
     <span class='ocr_line' id='line_1_17' title="bbox 146 1337 1696 1397; baseline -0.002 -14"><span class='ocrx_word' id='word_1_151' title='bbox 146 1341 406 1397; x_wconf 87' lang='lat' dir='ltr'>reliquorum</span> <span class='ocrx_word' id='word_1_152' title='bbox 445 1355 654 1382; x_wconf 89' lang='lat' dir='ltr'>annorum</span> <span class='ocrx_word' id='word_1_153' title='bbox 690 1353 806 1380; x_wconf 91' lang='lat' dir='ltr'>more</span> <span class='ocrx_word' id='word_1_154' title='bbox 838 1345 982 1394; x_wconf 90' lang='lat' dir='ltr'>aperte</span> <span class='ocrx_word' id='word_1_155' title='bbox 1015 1338 1251 1380; x_wconf 87' lang='lat' dir='ltr'>discedere.</span> <span class='ocrx_word' id='word_1_156' title='bbox 1309 1337 1451 1391; x_wconf 79' lang='lat' dir='ltr'>Quem</span> <span class='ocrx_word' id='word_1_157' title='bbox 1482 1338 1696 1394; x_wconf 90' lang='lat' dir='ltr'>quomodo</span> 
     </span>
     <span class='ocr_line' id='line_1_18' title="bbox 146 1410 1697 1469; baseline -0.003 -13"><span class='ocrx_word' id='word_1_158' title='bbox 146 1414 241 1456; x_wconf 83' lang='lat' dir='ltr'>talis</span> <span class='ocrx_word' id='word_1_159' title='bbox 264 1413 432 1469; x_wconf 83' lang='lat' dir='ltr'>qualem</span> <span class='ocrx_word' id='word_1_160' title='bbox 456 1411 664 1454; x_wconf 88' lang='lat' dir='ltr'>habemus</span> <span class='ocrx_word' id='word_1_161' title='bbox 689 1411 872 1454; x_wconf 87' lang='lat' dir='ltr'>existere</span> <span class='ocrx_word' id='word_1_162' title='bbox 892 1411 1105 1466; x_wconf 89' lang='lat' dir='ltr'>potuisset</span> <span class='ocrx_word' id='word_1_163' title='bbox 1123 1426 1221 1453; x_wconf 91' lang='lat' dir='ltr'>cum</span> <span class='ocrx_word' id='word_1_164' title='bbox 1240 1411 1567 1460; x_wconf 88' lang='lat' dir='ltr'>considerarem,</span> <span class='ocrx_word' id='word_1_165' title='bbox 1593 1410 1697 1452; x_wconf 92' lang='lat' dir='ltr'>mihi</span> 
     </span>
     <span class='ocr_line' id='line_1_19' title="bbox 147 1481 1697 1541; baseline -0.003 -12"><span class='ocrx_word' id='word_1_166' title='bbox 147 1486 325 1529; x_wconf 89' lang='lat' dir='ltr'>videbar</span> <span class='ocrx_word' id='word_1_167' title='bbox 363 1485 622 1541; x_wconf 87' lang='lat' dir='ltr'>intelligere,</span> <span class='ocrx_word' id='word_1_168' title='bbox 663 1484 741 1526; x_wconf 91' lang='lat' dir='ltr'>hos</span> <span class='ocrx_word' id='word_1_169' title='bbox 780 1484 913 1525; x_wconf 83' lang='lat' dir='ltr'>fastos</span> <span class='ocrx_word' id='word_1_170' title='bbox 941 1481 1205 1539; x_wconf 88' lang='lat' dir='ltr'>Capitolinos</span> <span class='ocrx_word' id='word_1_171' title='bbox 1243 1499 1327 1525; x_wconf 91' lang='lat' dir='ltr'>non</span> <span class='ocrx_word' id='word_1_172' title='bbox 1360 1498 1455 1525; x_wconf 87' lang='lat' dir='ltr'>esse</span> <span class='ocrx_word' id='word_1_173' title='bbox 1485 1498 1580 1532; x_wconf 91' lang='lat' dir='ltr'>eos,</span> <span class='ocrx_word' id='word_1_174' title='bbox 1622 1483 1697 1539; x_wconf 92' lang='lat' dir='ltr'>qui</span> 
     </span>
     <span class='ocr_line' id='line_1_20' title="bbox 145 1555 1697 1614; baseline -0.003 -13"><span class='ocrx_word' id='word_1_175' title='bbox 145 1558 371 1614; x_wconf 82' lang='lat' dir='ltr'>quot-annis</span> <span class='ocrx_word' id='word_1_176' title='bbox 400 1557 571 1614; x_wconf 88' lang='lat' dir='ltr'>publice</span> <span class='ocrx_word' id='word_1_177' title='bbox 604 1556 911 1605; x_wconf 85' lang='lat' dir='ltr'>scriberentur,</span> <span class='ocrx_word' id='word_1_178' title='bbox 953 1555 1029 1598; x_wconf 90' lang='lat' dir='ltr'>sed</span> <span class='ocrx_word' id='word_1_179' title='bbox 1063 1570 1157 1597; x_wconf 88' lang='lat' dir='ltr'>esse</span> <span class='ocrx_word' id='word_1_180' title='bbox 1189 1555 1272 1597; x_wconf 89' lang='lat' dir='ltr'>hoc</span> <span class='ocrx_word' id='word_1_181' title='bbox 1302 1555 1546 1611; x_wconf 84' lang='lat' dir='ltr'>exemplum</span> <span class='ocrx_word' id='word_1_182' title='bbox 1579 1555 1697 1597; x_wconf 86' lang='lat' dir='ltr'>aedi-</span> 
     </span>
     <span class='ocr_line' id='line_1_21' title="bbox 145 1627 1693 1684; baseline -0.003 -11"><span class='ocrx_word' id='word_1_183' title='bbox 145 1631 232 1674; x_wconf 79' lang='lat' dir='ltr'>ficii</span> <span class='ocrx_word' id='word_1_184' title='bbox 272 1630 454 1673; x_wconf 86' lang='lat' dir='ltr'>alicuius</span> <span class='ocrx_word' id='word_1_185' title='bbox 494 1629 672 1672; x_wconf 83' lang='lat' dir='ltr'>ornandi</span> <span class='ocrx_word' id='word_1_186' title='bbox 714 1644 844 1671; x_wconf 87' lang='lat' dir='ltr'>causa</span> <span class='ocrx_word' id='word_1_187' title='bbox 884 1628 938 1670; x_wconf 88' lang='lat' dir='ltr'>de</span> <span class='ocrx_word' id='word_1_188' title='bbox 974 1627 1252 1684; x_wconf 86' lang='lat' dir='ltr'>amplioribus</span> <span class='ocrx_word' id='word_1_189' title='bbox 1293 1642 1342 1669; x_wconf 90' lang='lat' dir='ltr'>ac</span> <span class='ocrx_word' id='word_1_190' title='bbox 1382 1627 1693 1684; x_wconf 86' lang='lat' dir='ltr'>copiosioribus</span> 
     </span>
     <span class='ocr_line' id='line_1_22' title="bbox 146 1692 1695 1756; baseline -0.003 -11"><span class='ocrx_word' id='word_1_191' title='bbox 146 1704 268 1746; x_wconf 83' lang='lat' dir='ltr'>fast-is</span> <span class='ocrx_word' id='word_1_192' title='bbox 299 1703 472 1751; x_wconf 83' lang='lat' dir='ltr'>factum,</span> <span class='ocrx_word' id='word_1_193' title='bbox 504 1702 548 1743; x_wconf 90' lang='lat' dir='ltr'>in</span> <span class='ocrx_word' id='word_1_194' title='bbox 575 1716 660 1756; x_wconf 92' lang='lat' dir='ltr'>quo</span> <span class='ocrx_word' id='word_1_195' title='bbox 691 1700 925 1742; x_wconf 88' lang='lat' dir='ltr'>dummodo</span> <span class='ocrx_word' id='word_1_196' title='bbox 952 1699 1246 1755; x_wconf 84' lang='lat' dir='ltr'>perspicuitati</span> <span class='ocrx_word' id='word_1_197' title='bbox 1266 1699 1368 1741; x_wconf 87' lang='lat' dir='ltr'>satis</span> <span class='ocrx_word' id='word_1_198' title='bbox 1389 1692 1695 1750; x_wconf 86' lang='lat' dir='ltr'>consuleretur,</span> 
     </span>
     <span class='ocr_line' id='line_1_23' title="bbox 149 1771 1697 1827; baseline -0.003 -10"><span class='ocrx_word' id='word_1_199' title='bbox 149 1782 361 1818; x_wconf 88' lang='lat' dir='ltr'>certarum</span> <span class='ocrx_word' id='word_1_200' title='bbox 381 1774 658 1816; x_wconf 82' lang='lat' dir='ltr'>formularum</span> <span class='ocrx_word' id='word_1_201' title='bbox 683 1773 887 1815; x_wconf 87' lang='lat' dir='ltr'>severitas</span> <span class='ocrx_word' id='word_1_202' title='bbox 902 1787 952 1813; x_wconf 85' lang='lat' dir='ltr'>ac</span> <span class='ocrx_word' id='word_1_203' title='bbox 970 1771 1207 1814; x_wconf 87' lang='lat' dir='ltr'>constantia</span> <span class='ocrx_word' id='word_1_204' title='bbox 1223 1787 1307 1814; x_wconf 91' lang='lat' dir='ltr'>non</span> <span class='ocrx_word' id='word_1_205' title='bbox 1329 1771 1505 1814; x_wconf 89' lang='lat' dir='ltr'>deberet</span> <span class='ocrx_word' id='word_1_206' title='bbox 1523 1771 1697 1827; x_wconf 87' lang='lat' dir='ltr'>requiri.</span> 
     </span>
     <span class='ocr_line' id='line_1_24' title="bbox 147 1843 1699 1903; baseline -0.003 -13"><span class='ocrx_word' id='word_1_207' title='bbox 147 1847 256 1890; x_wconf 87' lang='lat' dir='ltr'>Nam</span> <span class='ocrx_word' id='word_1_208' title='bbox 286 1847 590 1903; x_wconf 87' lang='lat' dir='ltr'>perspicuitas,</span> <span class='ocrx_word' id='word_1_209' title='bbox 628 1845 824 1901; x_wconf 89' lang='lat' dir='ltr'>quamvis</span> <span class='ocrx_word' id='word_1_210' title='bbox 854 1843 996 1886; x_wconf 90' lang='lat' dir='ltr'>omnia</span> <span class='ocrx_word' id='word_1_211' title='bbox 1024 1859 1133 1898; x_wconf 91' lang='lat' dir='ltr'>quae</span> <span class='ocrx_word' id='word_1_212' title='bbox 1165 1843 1256 1884; x_wconf 88' lang='lat' dir='ltr'>dixi</span> <span class='ocrx_word' id='word_1_213' title='bbox 1286 1859 1389 1885; x_wconf 89' lang='lat' dir='ltr'>vera</span> <span class='ocrx_word' id='word_1_214' title='bbox 1416 1843 1525 1892; x_wconf 89' lang='lat' dir='ltr'>sint,</span> <span class='ocrx_word' id='word_1_215' title='bbox 1558 1850 1699 1886; x_wconf 87' lang='lat' dir='ltr'>tamen</span> 
     </span>
     <span class='ocr_line' id='line_1_25' title="bbox 147 1913 1699 1974; baseline -0.003 -12"><span class='ocrx_word' id='word_1_216' title='bbox 147 1935 232 1962; x_wconf 92' lang='lat' dir='ltr'>non</span> <span class='ocrx_word' id='word_1_217' title='bbox 261 1919 466 1962; x_wconf 85' lang='lat' dir='ltr'>laeditur:</span> <span class='ocrx_word' id='word_1_218' title='bbox 508 1918 719 1974; x_wconf 90' lang='lat' dir='ltr'>siquidem</span> <span class='ocrx_word' id='word_1_219' title='bbox 751 1917 976 1959; x_wconf 88' lang='lat' dir='ltr'>consulum</span> <span class='ocrx_word' id='word_1_220' title='bbox 1004 1916 1188 1966; x_wconf 87' lang='lat' dir='ltr'>nomina,</span> <span class='ocrx_word' id='word_1_221' title='bbox 1221 1930 1272 1957; x_wconf 90' lang='lat' dir='ltr'>ex</span> <span class='ocrx_word' id='word_1_222' title='bbox 1301 1913 1459 1970; x_wconf 80' lang='lat' dir='ltr'>quibus</span> <span class='ocrx_word' id='word_1_223' title='bbox 1488 1931 1699 1958; x_wconf 89' lang='lat' dir='ltr'>annorum</span> 
     </span>
     <span class='ocr_line' id='line_1_26' title="bbox 147 1987 1698 2048; baseline -0.003 -14"><span class='ocrx_word' id='word_1_224' title='bbox 147 1992 385 2034; x_wconf 85' lang='lat' dir='ltr'>numeratio</span> <span class='ocrx_word' id='word_1_225' title='bbox 426 1990 661 2048; x_wconf 88' lang='lat' dir='ltr'>pendebat,</span> <span class='ocrx_word' id='word_1_226' title='bbox 704 1989 903 2031; x_wconf 88' lang='lat' dir='ltr'>versibus</span> <span class='ocrx_word' id='word_1_227' title='bbox 946 1988 1058 2030; x_wconf 91' lang='lat' dir='ltr'>ultra</span> <span class='ocrx_word' id='word_1_228' title='bbox 1098 1988 1286 2043; x_wconf 87' lang='lat' dir='ltr'>reliquos</span> <span class='ocrx_word' id='word_1_229' title='bbox 1321 1987 1565 2030; x_wconf 87' lang='lat' dir='ltr'>extantibus</span> <span class='ocrx_word' id='word_1_230' title='bbox 1600 2003 1698 2044; x_wconf 89' lang='lat' dir='ltr'>per-</span> 
     </span>
     <span class='ocr_line' id='line_1_27' title="bbox 151 2058 1700 2119; baseline -0.003 -13"><span class='ocrx_word' id='word_1_231' title='bbox 151 2064 410 2113; x_wconf 90' lang='lat' dir='ltr'>scribuntur,</span> <span class='ocrx_word' id='word_1_232' title='bbox 441 2078 550 2119; x_wconf 90' lang='lat' dir='ltr'>quae</span> <span class='ocrx_word' id='word_1_233' title='bbox 580 2063 615 2105; x_wconf 88' lang='lat' dir='ltr'>si</span> <span class='ocrx_word' id='word_1_234' title='bbox 643 2062 876 2117; x_wconf 89' lang='lat' dir='ltr'>sequimur,</span> <span class='ocrx_word' id='word_1_235' title='bbox 909 2061 1110 2117; x_wconf 90' lang='lat' dir='ltr'>quoniam</span> <span class='ocrx_word' id='word_1_236' title='bbox 1138 2061 1249 2102; x_wconf 88' lang='lat' dir='ltr'>inter</span> <span class='ocrx_word' id='word_1_237' title='bbox 1265 2058 1495 2102; x_wconf 83' lang='lat' dir='ltr'>Caesarem</span> <span class='ocrx_word' id='word_1_238' title='bbox 1524 2075 1611 2103; x_wconf 89' lang='lat' dir='ltr'>cos.</span> <span class='ocrx_word' id='word_1_239' title='bbox 1633 2060 1700 2103; x_wconf 88' lang='lat' dir='ltr'>IV</span> 
     </span>
     <span class='ocr_line' id='line_1_28' title="bbox 149 2132 1702 2190; baseline -0.002 -12"><span class='ocrx_word' id='word_1_240' title='bbox 149 2143 191 2178; x_wconf 90' lang='lat' dir='ltr'>et</span> <span class='ocrx_word' id='word_1_241' title='bbox 218 2136 274 2190; x_wconf 82' lang='lat' dir='ltr'>Q.</span> <span class='ocrx_word' id='word_1_242' title='bbox 304 2135 489 2177; x_wconf 88' lang='lat' dir='ltr'>Fabium</span> <span class='ocrx_word' id='word_1_243' title='bbox 519 2133 569 2177; x_wconf 91' lang='lat' dir='ltr'>C.</span> <span class='ocrx_word' id='word_1_244' title='bbox 596 2134 860 2177; x_wconf 87' lang='lat' dir='ltr'>Trebonium</span> <span class='ocrx_word' id='word_1_245' title='bbox 891 2148 976 2175; x_wconf 90' lang='lat' dir='ltr'>cos.</span> <span class='ocrx_word' id='word_1_246' title='bbox 1006 2135 1140 2174; x_wconf 76' lang='lat' dir='ltr'>eodem</span> <span class='ocrx_word' id='word_1_247' title='bbox 1169 2147 1282 2172; x_wconf 81' lang='lat' dir='ltr'>anno</span> <span class='ocrx_word' id='word_1_248' title='bbox 1311 2132 1605 2188; x_wconf 87' lang='lat' dir='ltr'>interpositum</span> <span class='ocrx_word' id='word_1_249' title='bbox 1637 2138 1702 2175; x_wconf 88' lang='lat' dir='ltr'>est</span> 
     </span>
     <span class='ocr_line' id='line_1_29' title="bbox 148 2204 1700 2263; baseline -0.003 -13"><span class='ocrx_word' id='word_1_250' title='bbox 148 2209 289 2263; x_wconf 86' lang='lat' dir='ltr'>itaque</span> <span class='ocrx_word' id='word_1_251' title='bbox 320 2222 438 2249; x_wconf 88' lang='lat' dir='ltr'>error</span> <span class='ocrx_word' id='word_1_252' title='bbox 464 2206 735 2263; x_wconf 89' lang='lat' dir='ltr'>prohibetur,</span> <span class='ocrx_word' id='word_1_253' title='bbox 767 2213 808 2248; x_wconf 89' lang='lat' dir='ltr'>et</span> <span class='ocrx_word' id='word_1_254' title='bbox 837 2206 892 2248; x_wconf 90' lang='lat' dir='ltr'>ad</span> <span class='ocrx_word' id='word_1_255' title='bbox 921 2205 1084 2247; x_wconf 88' lang='lat' dir='ltr'>iustum</span> <span class='ocrx_word' id='word_1_256' title='bbox 1112 2218 1322 2246; x_wconf 89' lang='lat' dir='ltr'>annorum</span> <span class='ocrx_word' id='word_1_257' title='bbox 1347 2219 1595 2254; x_wconf 85' lang='lat' dir='ltr'>numerum,</span> <span class='ocrx_word' id='word_1_258' title='bbox 1626 2204 1700 2260; x_wconf 89' lang='lat' dir='ltr'>qui</span> 
     </span>
     <span class='ocr_line' id='line_1_30' title="bbox 150 2275 1700 2334; baseline -0.004 -12"><span class='ocrx_word' id='word_1_259' title='bbox 150 2280 261 2322; x_wconf 91' lang='lat' dir='ltr'>inter</span> <span class='ocrx_word' id='word_1_260' title='bbox 287 2279 467 2322; x_wconf 87' lang='lat' dir='ltr'>alterum</span> <span class='ocrx_word' id='word_1_261' title='bbox 494 2286 536 2321; x_wconf 91' lang='lat' dir='ltr'>et</span> <span class='ocrx_word' id='word_1_262' title='bbox 563 2279 674 2322; x_wconf 91' lang='lat' dir='ltr'>inter</span> <span class='ocrx_word' id='word_1_263' title='bbox 698 2278 894 2334; x_wconf 90' lang='lat' dir='ltr'>quintum</span> <span class='ocrx_word' id='word_1_264' title='bbox 913 2276 1111 2319; x_wconf 87' lang='lat' dir='ltr'>Caesaris</span> <span class='ocrx_word' id='word_1_265' title='bbox 1143 2276 1412 2318; x_wconf 89' lang='lat' dir='ltr'>consulatum</span> <span class='ocrx_word' id='word_1_266' title='bbox 1436 2276 1531 2326; x_wconf 84' lang='lat' dir='ltr'>fuit,</span> <span class='ocrx_word' id='word_1_267' title='bbox 1562 2275 1700 2317; x_wconf 89' lang='lat' dir='ltr'>dedu-</span> 
     </span>
     <span class='ocr_line' id='line_1_31' title="bbox 151 2347 1700 2407; baseline -0.004 -12"><span class='ocrx_word' id='word_1_268' title='bbox 151 2353 289 2395; x_wconf 90' lang='lat' dir='ltr'>cimur</span> <span class='ocrx_word' id='word_1_269' title='bbox 318 2359 360 2394; x_wconf 92' lang='lat' dir='ltr'>et</span> <span class='ocrx_word' id='word_1_270' title='bbox 387 2350 543 2406; x_wconf 87' lang='lat' dir='ltr'>quibus</span> <span class='ocrx_word' id='word_1_271' title='bbox 572 2352 755 2407; x_wconf 89' lang='lat' dir='ltr'>quisque</span> <span class='ocrx_word' id='word_1_272' title='bbox 786 2365 923 2392; x_wconf 89' lang='lat' dir='ltr'>annus</span> <span class='ocrx_word' id='word_1_273' title='bbox 952 2347 1202 2391; x_wconf 87' lang='lat' dir='ltr'>consulibus</span> <span class='ocrx_word' id='word_1_274' title='bbox 1232 2347 1447 2389; x_wconf 86' lang='lat' dir='ltr'>notandus</span> <span class='ocrx_word' id='word_1_275' title='bbox 1477 2347 1544 2397; x_wconf 91' lang='lat' dir='ltr'>sit,</span> <span class='ocrx_word' id='word_1_276' title='bbox 1575 2347 1700 2390; x_wconf 87' lang='lat' dir='ltr'>intel-</span> 
     </span>
     <span class='ocr_line' id='line_1_32' title="bbox 150 2419 1701 2480; baseline -0.004 -14"><span class='ocrx_word' id='word_1_277' title='bbox 150 2424 340 2480; x_wconf 88' lang='lat' dir='ltr'>ligimus.</span> <span class='ocrx_word' id='word_1_278' title='bbox 401 2423 500 2477; x_wconf 81' lang='lat' dir='ltr'>Quo</span> <span class='ocrx_word' id='word_1_279' title='bbox 540 2422 678 2479; x_wconf 86' lang='lat' dir='ltr'>magis</span> <span class='ocrx_word' id='word_1_280' title='bbox 717 2423 834 2473; x_wconf 87' lang='lat' dir='ltr'>eius,</span> <span class='ocrx_word' id='word_1_281' title='bbox 875 2421 949 2477; x_wconf 89' lang='lat' dir='ltr'>qui</span> <span class='ocrx_word' id='word_1_282' title='bbox 979 2421 1156 2463; x_wconf 91' lang='lat' dir='ltr'>lineolas</span> <span class='ocrx_word' id='word_1_283' title='bbox 1188 2434 1397 2462; x_wconf 87' lang='lat' dir='ltr'>annorum</span> <span class='ocrx_word' id='word_1_284' title='bbox 1428 2419 1701 2475; x_wconf 87' lang='lat' dir='ltr'>distinguen-</span> 
     </span>
     <span class='ocr_line' id='line_1_33' title="bbox 153 2491 1701 2547; baseline -0.003 -9"><span class='ocrx_word' id='word_1_285' title='bbox 153 2496 302 2538; x_wconf 90' lang='lat' dir='ltr'>dorum</span> <span class='ocrx_word' id='word_1_286' title='bbox 335 2510 466 2538; x_wconf 86' lang='lat' dir='ltr'>causa</span> <span class='ocrx_word' id='word_1_287' title='bbox 496 2495 604 2536; x_wconf 85' lang='lat' dir='ltr'>male</span> <span class='ocrx_word' id='word_1_288' title='bbox 632 2494 857 2544; x_wconf 89' lang='lat' dir='ltr'>interiecit,</span> <span class='ocrx_word' id='word_1_289' title='bbox 889 2507 1075 2535; x_wconf 88' lang='lat' dir='ltr'>errorem</span> <span class='ocrx_word' id='word_1_290' title='bbox 1107 2500 1232 2547; x_wconf 88' lang='lat' dir='ltr'>atque</span> <span class='ocrx_word' id='word_1_291' title='bbox 1259 2491 1543 2547; x_wconf 87' lang='lat' dir='ltr'>ignorantiam</span> <span class='ocrx_word' id='word_1_292' title='bbox 1569 2491 1701 2534; x_wconf 91' lang='lat' dir='ltr'>debe-</span> 
     </span>
     <span class='ocr_line' id='line_1_34' title="bbox 127 2566 541 2610; baseline -0.007 0"><span class='ocrx_word' id='word_1_293' title='bbox 127 2567 298 2610; x_wconf 55' lang='lat' dir='ltr'>:bimus</span> <span class='ocrx_word' id='word_1_294' title='bbox 328 2566 541 2609; x_wconf 87' lang='lat' dir='ltr'>admirari.</span> 
     </span>
    </p>

    <p class='ocr_par' dir='ltr' id='par_1_5' title="bbox 154 2634 1702 2911">
     <span class='ocr_line' id='line_1_35' title="bbox 269 2634 1701 2694; baseline -0.004 -13"><span class='ocrx_word' id='word_1_295' title='bbox 269 2638 476 2694; x_wconf 85' lang='lat' dir='ltr'>Sequitur</span> <span class='ocrx_word' id='word_1_296' title='bbox 512 2645 663 2692; x_wconf 88' lang='lat' dir='ltr'>quarta</span> <span class='ocrx_word' id='word_1_297' title='bbox 692 2635 891 2681; x_wconf 87' lang='lat' dir='ltr'>Caesaris</span> <span class='ocrx_word' id='word_1_298' title='bbox 924 2637 1156 2685; x_wconf 89' lang='lat' dir='ltr'>dictatura,</span> <span class='ocrx_word' id='word_1_299' title='bbox 1196 2635 1250 2677; x_wconf 89' lang='lat' dir='ltr'>de</span> <span class='ocrx_word' id='word_1_300' title='bbox 1283 2650 1370 2690; x_wconf 89' lang='lat' dir='ltr'>qua</span> <span class='ocrx_word' id='word_1_301' title='bbox 1398 2634 1514 2677; x_wconf 89' lang='lat' dir='ltr'>varie</span> <span class='ocrx_word' id='word_1_302' title='bbox 1545 2634 1701 2676; x_wconf 88' lang='lat' dir='ltr'>sentire</span> 
     </span>
     <span class='ocr_line' id='line_1_36' title="bbox 154 2705 1701 2765; baseline -0.003 -13"><span class='ocrx_word' id='word_1_303' title='bbox 154 2710 281 2752; x_wconf 89' lang='lat' dir='ltr'>video</span> <span class='ocrx_word' id='word_1_304' title='bbox 319 2710 434 2752; x_wconf 87' lang='lat' dir='ltr'>viros</span> <span class='ocrx_word' id='word_1_305' title='bbox 473 2709 646 2760; x_wconf 89' lang='lat' dir='ltr'>doctos,</span> <span class='ocrx_word' id='word_1_306' title='bbox 688 2716 736 2752; x_wconf 90' lang='lat' dir='ltr'>ut</span> <span class='ocrx_word' id='word_1_307' title='bbox 774 2710 949 2765; x_wconf 88' lang='lat' dir='ltr'>quidam</span> <span class='ocrx_word' id='word_1_308' title='bbox 983 2709 1090 2752; x_wconf 87' lang='lat' dir='ltr'>adeo</span> <span class='ocrx_word' id='word_1_309' title='bbox 1128 2706 1181 2749; x_wconf 86' lang='lat' dir='ltr'>ab</span> <span class='ocrx_word' id='word_1_310' title='bbox 1213 2707 1422 2748; x_wconf 83' lang='lat' dir='ltr'>fastorum</span> <span class='ocrx_word' id='word_1_311' title='bbox 1452 2705 1701 2748; x_wconf 86' lang='lat' dir='ltr'>auctoritate</span> 
     </span>
     <span class='ocr_line' id='line_1_37' title="bbox 156 2777 1702 2838; baseline -0.003 -15"><span class='ocrx_word' id='word_1_312' title='bbox 156 2781 445 2824; x_wconf 86' lang='lat' dir='ltr'>desciscentes</span> <span class='ocrx_word' id='word_1_313' title='bbox 486 2781 658 2838; x_wconf 85' lang='lat' dir='ltr'>publica</span> <span class='ocrx_word' id='word_1_314' title='bbox 700 2788 975 2824; x_wconf 87' lang='lat' dir='ltr'>monumenta</span> <span class='ocrx_word' id='word_1_315' title='bbox 1013 2786 1284 2823; x_wconf 88' lang='lat' dir='ltr'>contemnant</span> <span class='ocrx_word' id='word_1_316' title='bbox 1327 2793 1377 2820; x_wconf 90' lang='lat' dir='ltr'>ac</span> <span class='ocrx_word' id='word_1_317' title='bbox 1421 2792 1577 2820; x_wconf 90' lang='lat' dir='ltr'>novam</span> <span class='ocrx_word' id='word_1_318' title='bbox 1618 2777 1702 2834; x_wconf 87' lang='lat' dir='ltr'>ipsi</span> 
     </span>
     <span class='ocr_line' id='line_1_38' title="bbox 156 2849 1702 2911; baseline -0.003 -15"><span class='ocrx_word' id='word_1_319' title='bbox 156 2853 362 2898; x_wconf 82' lang='lat' dir='ltr'>rationem</span> <span class='ocrx_word' id='word_1_320' title='bbox 386 2854 642 2911; x_wconf 86' lang='lat' dir='ltr'>excogitent.</span> <span class='ocrx_word' id='word_1_321' title='bbox 683 2853 792 2897; x_wconf 87' lang='lat' dir='ltr'>Nam</span> <span class='ocrx_word' id='word_1_322' title='bbox 809 2859 858 2897; x_wconf 88' lang='lat' dir='ltr'>ut</span> <span class='ocrx_word' id='word_1_323' title='bbox 875 2852 1077 2910; x_wconf 89' lang='lat' dir='ltr'>reliquos,</span> <span class='ocrx_word' id='word_1_324' title='bbox 1104 2851 1177 2907; x_wconf 88' lang='lat' dir='ltr'>qui</span> <span class='ocrx_word' id='word_1_325' title='bbox 1193 2851 1373 2893; x_wconf 88' lang='lat' dir='ltr'>fortasse</span> <span class='ocrx_word' id='word_1_326' title='bbox 1393 2850 1534 2893; x_wconf 89' lang='lat' dir='ltr'>minus</span> <span class='ocrx_word' id='word_1_327' title='bbox 1556 2849 1702 2909; x_wconf 88' lang='lat' dir='ltr'>magni</span> 
     </span>
    </p>
   </div>
  </div>
 </body>
</html>
