1846 3100
206 138 286 182 132
637 142 692 175 De
718 140 830 175 Gallia
852 142 1088 175 Romanorum
1121 143 1307 185 provincia.

201 256 366 292 tantum
400 250 499 293 anni
530 249 844 306 intelligantur,
891 250 1050 305 quibus
1081 248 1340 293 Germanico
1365 250 1544 294 Romam
1576 267 1749 296 reverso

201 321 364 365 Tiberii
393 323 606 380 legatione
635 323 811 382 functus
839 331 917 365 est.
968 322 1114 378 Atque
1143 322 1198 365 ab
1227 338 1338 365 anno
1370 324 1419 366 16
1449 339 1491 380 p.
1518 322 1636 374 Chr„
1663 340 1749 380 quo

202 393 508 438 Germanicum
540 411 565 436 a
595 395 771 438 Tiberio
801 402 1050 437 revocatum
1080 410 1175 438 esse
1207 396 1382 447 scimus,
1414 397 1468 440 ad
1497 412 1655 439 annum
1682 398 1749 448 24,

201 482 286 522 quo
319 465 453 510 Silius
493 475 720 511 accusatus
758 475 845 519 est,
887 467 969 524 ipsi
999 474 1162 523 septem
1192 468 1290 511 anni
1321 455 1592 520 efficiuntur,
1632 470 1749 513 unde

201 538 289 582 duo
325 540 430 583 haec
463 541 549 583 iam
585 548 732 597 aperta
766 547 888 591 sunt,
926 539 1136 596 primum,
1176 541 1295 596 quod
1329 556 1458 598 supra
1495 541 1588 586 aliis
1619 557 1750 599 argu-

200 613 354 654 mentis
394 613 733 656 demonstratum
774 619 860 663 est,
905 627 1004 655 cum
1041 612 1326 656 Germanicus
1360 612 1525 657 Gallias
1566 622 1748 671 regeret,

199 684 366 727 nullum
392 685 436 727 in
465 686 518 729 iis
547 686 781 743 provinciis
810 685 945 728 fuisse
970 685 1161 742 legatum
1191 685 1375 736 Tiberii,
1405 685 1585 738 deinde,
1616 687 1749 730 conti-

199 771 287 799 nuo
318 765 544 814 postquam
574 757 862 801 Germanicus
894 757 1102 808 decessit,
1143 757 1398 801 Germanias
1433 766 1475 801 et
1503 759 1748 802 inferiorem

200 837 242 872 et
283 831 547 887 superiorem
584 847 609 873 a
644 830 819 873 Tiberio
860 846 956 874 esse
993 830 1224 875 institutas.
1288 831 1569 874 Memorabile
1607 839 1749 874 autem

199 910 285 954 est,
330 910 593 960 quantopere
627 903 828 954 Tacitus,
870 903 1067 959 quamvis
1109 910 1272 959 septem
1311 918 1444 946 annos
1483 905 1749 947 numerando

200 975 309 1018 duas
340 974 391 1018 C.
423 974 518 1018 Silii
549 975 785 1032 legationes
815 975 1042 1025 discernat,
1073 975 1116 1016 in
1142 975 1272 1018 rebus
1301 977 1394 1018 eius
1423 976 1557 1033 gestis
1587 983 1748 1019 utram-

199 1063 283 1104 que
313 1049 589 1105 permisceat3
627 1065 726 1092 nam
756 1048 1029 1105 triumphalia
1059 1055 1304 1090 ornamenta
1334 1055 1547 1091 meruerat
1575 1049 1746 1105 fideque

198 1121 418 1177 legionum
450 1121 708 1164 continenda
732 1120 894 1163 Tiberii
918 1120 1145 1177 imperium
1171 1120 1434 1163 stabiliverat
1462 1120 1507 1162 in
1535 1121 1748 1178 legatione

201 1192 462 1244 Germanici,
495 1192 771 1237 Sacrovirum
800 1194 962 1237 vicerat
988 1193 1033 1235 in
1063 1193 1276 1250 legatione
1303 1192 1479 1235 Tiberii.

311 1266 372 1308 At
400 1266 512 1308 enim
545 1282 643 1308 cum
674 1274 866 1324 tempus,
900 1281 985 1322 quo
1015 1265 1271 1309 Germaniae
1298 1264 1518 1307 institutae
1554 1265 1651 1316 sint,
1681 1265 1748 1307 in-

199 1338 466 1389 venerimus,
507 1339 560 1381 de
599 1346 752 1382 natura
792 1355 938 1381 earum
973 1338 1291 1396 provinciarum
1325 1353 1462 1394 pauca
1491 1337 1749 1394 disputanda

202 1418 301 1453 sunt
325 1411 682 1467 redeundumque
709 1412 764 1454 ad
788 1412 986 1454 Fechteri
1013 1418 1054 1454 et
1070 1410 1344 1453 Mommsenii
1374 1409 1608 1466 opiniones,
1641 1426 1748 1466 quas

200 1498 330 1539 supra
357 1484 798 1527 commemoravimus.
852 1485 904 1527 In
934 1484 1092 1540 quibus
1123 1483 1228 1539 quid
1258 1497 1355 1525 cum
1385 1483 1587 1525 universa
1617 1498 1747 1539 repw-

197 1555 311 1598 blica
338 1556 533 1598 Romana
566 1572 760 1613 pugnare
800 1557 1019 1605 videatur,
1060 1555 1359 1612 exposuimus,
1399 1554 1587 1596 diximus
1622 1555 1747 1597 etiam

199 1627 253 1670 de
279 1628 508 1671 Ammiano
537 1629 791 1672 Marcellino
815 1630 921 1680 XV,
955 1631 1029 1679 11,
1073 1628 1189 1684 apud
1228 1642 1356 1683 quem
1391 1641 1500 1682 quae
1528 1627 1747 1683 leguntur,

197 1707 271 1741 aut
311 1715 505 1757 pugnare
555 1716 653 1743 cum
702 1702 879 1744 historia
919 1708 992 1743 aut
1029 1700 1113 1743 levi
1146 1699 1476 1755 transpositione
1517 1699 1745 1742 verborum

198 1772 467 1815 emendanda
510 1788 605 1816 esse
651 1774 932 1816 ostendimus.
1006 1771 1095 1816 Sed
1142 1771 1360 1814 adversari
1402 1771 1576 1814 videtur
1621 1771 1746 1813 etiam

198 1845 431 1888 Ptolemaei
469 1845 563 1888 libr.
594 1846 659 1897 II,
700 1847 726 1889 6
767 1847 1018 1897 auctoritas,
1068 1845 1143 1901 qui
1178 1843 1364 1886 Galliam
1401 1842 1746 1899 (Κελτογαλατίαν

197 1917 402 1973 appellat)
443 1918 487 1959 in
520 1925 722 1974 quattuor
746 1919 1016 1976 provincias,
1055 1916 1354 1972 Aquitaniam,
1392 1915 1746 1971 Lugdunensem,

197 1989 440 2045 Belgicam,
475 1990 821 2042 Narbonensem,
859 1990 1058 2034 dividens
1086 1988 1288 2044 deinceps
1317 2002 1404 2030 uno
1432 1987 1568 2044 capite
1598 1987 1746 2043 Belgi-

198 2077 290 2104 cam
325 2077 422 2104 cum
455 2061 687 2105 Germania
721 2063 924 2105 inferiore
962 2069 1003 2105 et
1040 2060 1259 2117 superiore
1297 2059 1610 2116 complectitur:
1661 2074 1746 2115 qua

196 2134 258 2176 illi
291 2135 541 2177 auctoritate
583 2135 644 2177 sic
679 2141 883 2184 utuntur,
921 2140 969 2176 ut
997 2132 1252 2176 Germanias
1290 2133 1400 2176 ullas
1436 2131 1608 2174 omnino
1647 2119 1745 2188 pro:

198 2206 357 2249 vincias
395 2206 530 2250 fuisse
565 2214 694 2264 neget
723 2207 983 2258 Fechterus,
1022 2204 1336 2248 Mommsenius
1369 2219 1422 2246 ex
1448 2204 1531 2247 alio
1559 2204 1743 2259 quodam

198 2293 355 2335 genere
381 2279 515 2321 fuisse
545 2279 770 2321 existimet.
820 2277 890 2322 Ac
914 2279 1021 2322 solet
1049 2292 1148 2320 sane
1176 2276 1362 2332 reliquas
1388 2276 1632 2332 provincias
1659 2276 1745 2318 sin-

200 2351 324 2407 gulas
355 2351 536 2408 singulis
569 2351 780 2408 capitibus
810 2351 1046 2400 illustrare,
1078 2349 1197 2391 velut
1227 2348 1421 2391 Raetiam
1451 2355 1493 2390 et
1519 2355 1745 2403 utramque

197 2423 464 2466 Pannoniam
495 2430 536 2466 et
562 2429 786 2478 utramque
803 2423 1035 2472 Moesiam3
1073 2436 1150 2463 cur
1175 2420 1309 2477 igitur
1327 2419 1582 2463 Germanias
1614 2435 1744 2463 anne-

197 2496 270 2537 ctit
289 2495 523 2552 Belgicae?
574 2495 790 2545 Primum,
816 2494 989 2551 opinor,
1020 2493 1134 2549 quod
1165 2493 1272 2535 fines
1294 2491 1621 2536 Germaniarum
1643 2506 1744 2535 sane

197 2566 345 2623 exigui
384 2574 503 2610 erant
538 2582 679 2623 neque
716 2567 768 2617 ii,
808 2582 916 2622 quos
947 2566 1220 2622 geographus
1260 2573 1434 2622 propter
1461 2572 1592 2608 artem
1623 2579 1742 2606 suam

195 2654 455 2697 magnopere
485 2639 734 2682 referendos
763 2654 858 2681 esse
884 2645 1075 2694 putaret,
1115 2645 1186 2688 ut,
1224 2638 1297 2693 qui
1326 2637 1553 2694 imperium
1584 2636 1743 2679 Roma-

195 2727 300 2753 num
331 2711 506 2754 flumine
532 2712 685 2754 Rheno
716 2710 997 2762 describeret,
1028 2711 1153 2753 facile
1184 2710 1239 2752 ad
1266 2709 1521 2753 Germanias
1552 2723 1742 2751 commu-

195 2783 306 2825 niter
337 2799 436 2827 cum
465 2784 645 2841 Belgica
673 2783 957 2826 recensendas
992 2783 1294 2825 adduceretur.
1348 2781 1459 2824 Nam
1488 2781 1605 2837 quod
1637 2779 1742 2823 Gal-

194 2855 273 2897 lias
304 2856 611 2910 quadrifariam
642 2855 820 2906 dividit,
858 2870 998 2897 nonne
1032 2855 1162 2897 tradit
1194 2853 1465 2897 rectissime?
1517 2851 1743 2908 Siquidem
