1846 3100
197 151 280 194 208
641 151 695 183 De
720 150 892 182 dictatoris
918 148 1075 182 Caesaris
1102 148 1301 181 honoribus

198 264 339 307 vimus
369 228 611 305 auctbritati
639 259 840 302 videntur
869 257 1118 301 adversari?
1174 257 1263 311 Qui
1289 272 1386 300 cum
1412 258 1498 302 fide
1525 258 1745 316 digniores

197 342 450 393 putarentur
479 348 588 383 esse,
620 332 682 374 sie
709 332 798 374 fere
828 331 988 374 factum
1017 338 1095 380 est,
1130 337 1177 371 ut
1202 328 1394 387 Appiani
1421 331 1608 375 narratio
1637 338 1744 374 tam-

197 424 325 465 quam
365 409 474 451 falsa
514 410 867 449 contemneretur.
936 403 978 445 A
1017 418 1103 458 qua
1137 402 1337 458 equidem
1379 404 1587 446 sententia
1616 403 1745 460 longe

198 481 390 524 discedo.
457 479 539 522 Tot
569 477 682 520 enim
710 476 840 519 rebus
871 490 980 531 quae
1008 469 1234 531 Appianas
1265 482 1430 526 narrat,
1471 476 1524 519 ab
1554 476 1608 518 iis
1637 491 1745 531 quae

197 553 350 608 reliqui
377 552 594 601 differunt,
623 557 669 592 ut
699 549 872 591 diversa
898 563 947 590 ea
975 541 1070 590 esse
1099 562 1275 590 11666886
1303 548 1370 590 sit.
1417 548 1495 590 Ille
1517 546 1746 591 Caesarem

199 633 387 668 creatum
419 639 514 667 esse
544 623 602 666 ait
630 629 858 679 postquam
886 621 929 662 in
959 619 1111 662 urbem
1141 619 1329 671 advenit,
1358 620 1403 662 hi
1432 635 1530 663 cum
1558 627 1671 679 esset
1702 620 1747 662 in

197 699 361 749 itinere,
391 698 461 740 ille
492 697 583 739 sine
616 700 779 744 senatu,
808 693 852 735 hi
880 708 933 735 ex
962 690 1071 742 SC.,
1102 692 1173 734 ille
1203 703 1255 736 ek
1282 693 1443 736 nullius
1471 692 1746 750 magistratus

200 771 468 820 auctoritate,
499 769 543 810 hi
571 784 596 810 a
622 767 685 810 M.
717 766 900 823 Lepido,
928 764 998 807 ille
1027 764 1096 806 vel
1126 765 1227 820 quia
1251 765 1456 808 invidiam
1481 766 1651 822 fugeret
1681 766 1749 808 vel

197 844 299 899 quia
330 859 417 886 non
445 857 555 899 opus
585 840 774 890 haberet,
805 837 922 894 quod
948 836 1135 880 oblatum
1163 845 1265 888 erat,
1294 853 1393 881 eum
1413 853 1499 880 non
1515 838 1746 895 accepisse,

197 917 242 958 hi
269 916 510 973 accepisse,
550 921 598 956 ut
627 913 680 955 de
712 912 795 954 alia
823 926 869 953 re
898 910 1140 953 necessario
1175 917 1316 952 narret
1349 910 1443 960 ille,
1486 910 1540 953 de
1576 911 1658 954 alia
1689 911 1746 953 hi.

199 987 289 1032 Sed
319 1003 369 1030 ea
394 987 458 1030 uti
486 987 670 1035 diversa,
699 984 759 1026 ita
787 982 914 1026 simili
943 989 1082 1024 tamen
1114 998 1167 1024 ex
1196 998 1354 1039 genere
1384 990 1494 1034 erat3
1529 999 1627 1027 nam
1652 983 1746 1039 Ap-

197 1062 350 1119 pianus
393 1075 491 1103 cum
532 1056 761 1100 Caesarem
799 1056 913 1098 dieat
950 1070 1036 1096 non
1076 1062 1250 1112 accepta
1287 1071 1356 1106 ea,
1398 1071 1526 1111 quam
1561 1056 1746 1113 populus

199 1135 399 1184 deferret,
429 1129 638 1189 potestate
666 1128 868 1171 undecim
896 1134 1060 1169 tantum
1089 1128 1182 1170 dies
1213 1128 1349 1182 fuisse
1377 1128 1639 1179 dictatorem,
1669 1143 1747 1185 po-

197 1207 348 1264 pulum
388 1205 525 1247 maius
562 1200 735 1257 aliquod
773 1200 1008 1243 dictaturae
1046 1215 1183 1257 genus
1213 1200 1252 1242 ei
1282 1200 1488 1243 obtulisse
1521 1202 1746 1258 signifieat.

197 1280 267 1323 Ac
298 1279 360 1322 sic
388 1293 479 1320 rem
504 1282 642 1318 actam
670 1288 763 1316 esse
796 1272 1050 1315 debebimus
1082 1280 1281 1316 statuere.
1337 1271 1520 1324 Caesar,
1557 1281 1607 1316 ut
1635 1274 1746 1317 dixi-

197 1368 308 1402 mus,
336 1349 538 1407 quoniam
570 1354 611 1390 et
634 1346 679 1388 in
705 1345 937 1402 provinciis
965 1352 1005 1387 et
1029 1345 1073 1387 in
1099 1345 1206 1388 urbe
1235 1345 1337 1395 satis
1357 1345 1570 1401 potentiae
1589 1345 1746 1389 habere

199 1425 280 1468 sibi
318 1422 547 1467 videbatur
585 1420 757 1462 decreta
793 1418 866 1460 illa
898 1418 1214 1475 proconsulari,
1256 1418 1310 1461 de
1339 1433 1425 1474 qua
1451 1419 1746 1475 exposuimus,

197 1503 426 1555 potestate,
468 1509 554 1536 una
593 1493 646 1534 de
687 1507 731 1534 re
769 1490 1033 1547 ambigebat,
1077 1505 1162 1546 quo
1192 1498 1317 1547 paeto
1350 1491 1614 1547 insequentis
1646 1492 1746 1534 anni

198 1570 368 1614 comitia
402 1567 600 1616 haberet3
644 1579 774 1621 quare
809 1570 908 1620 post
944 1563 1166 1606 victoriam
1197 1563 1532 1619 Hispaniensem
1567 1563 1630 1606 M.
1660 1564 1746 1608 Le-

196 1642 327 1700 pidus
357 1642 499 1697 legem
526 1638 636 1688 tulit,
666 1644 715 1679 ut
744 1636 1012 1679 comitiorum
1037 1635 1334 1678 habendorum
1361 1650 1492 1679 eausa
1516 1635 1569 1679 ab
1597 1651 1646 1680 eo
1673 1637 1747 1692 qui

197 1722 289 1757 tum
317 1713 416 1756 urbi
443 1716 674 1768 praeesset,
706 1716 902 1765 praetore
927 1708 1178 1750 dictatorem
1205 1708 1291 1750 dici
1311 1708 1469 1751 liceret..
1515 1708 1625 1752 Nam
1647 1724 1747 1766 ges-

199 1787 307 1830 sisse
338 1792 451 1828 eerte
483 1782 714 1826 Caesarem
742 1781 821 1823 1106
846 1781 986 1823 levius
1010 1779 1327 1836 quodammodo
1351 1780 1587 1824 dictaturae
1609 1797 1746 1838 genus

199 1859 267 1902 vel
303 1857 413 1900 illud
453 1863 518 1899 est
555 1861 830 1911 argumento,
879 1853 996 1909 quod
1039 1852 1206 1894 nullum
1255 1853 1509 1910 magistrum
1558 1855 1747 1910 equitum

196 1931 368 1975 habuit:
401 1944 486 1985 quo
516 1942 658 1970 carere
689 1926 938 1969 dictatorem
968 1941 1064 1968 curn
1093 1939 1172 1968 1166
1199 1925 1347 1968 liceret
1376 1926 1580 1982 (Dionys.
1599 1927 1654 1978 V,
1671 1927 1746 1982 75)

197 2012 239 2048 et
268 2005 359 2047 sine
388 2001 583 2057 exemplo
611 1999 812 2041 historiae
841 1998 909 2048 sit,
938 1998 1021 2040 nisi
1053 2013 1175 2048 eum,
1206 1998 1280 2053 qui
1310 2013 1395 2040 non
1424 1998 1486 2042 rei
1518 1999 1745 2055 gerendae,

199 2077 274 2120 sed
313 2074 416 2117 certi
456 2073 585 2114 unius
625 2070 787 2126 negotii
824 2070 1150 2112 administrandi
1193 2085 1323 2113 661186
1357 2071 1498 2114 factus
1537 2072 1591 2114 sit
1626 2071 1746 2127 (Liv.

196 2147 378 2197 XXIII,
396 2145 483 2202 22),
513 2159 566 2186 ne
586 2141 817 2185 Caesarem
846 2143 1022 2199 quidem
1051 2142 1387 2185 existimabimus
1418 2143 1472 2186 ob
1499 2143 1623 2186 aliam
1654 2160 1745 2188 rem

198 2219 418 2276 accepisse
446 2218 703 2260 dictaturam
731 2216 814 2258 nisi
839 2222 887 2257 ut
913 2215 990 2257 rite
1021 2215 1217 2257 6011811168
1248 2221 1422 2257 crearet.
1466 2216 1527 2258 At
1543 2217 1744 2272 populus,

197 2292 271 2336 ubi
297 2292 368 2334 ille
394 2289 546 2333 urbem
571 2288 744 2338 introiit,
771 2288 987 2344 postulare
1010 2287 1162 2343 coepit,
1189 2294 1236 2328 ut
1255 2287 1457 2329 maiorem
1475 2287 1592 2330 illam
1609 2287 1745 2332 diota-

197 2372 350 2414 turam,
377 2378 463 2419 qua
488 2362 541 2404 L.
572 2360 695 2404 Sulla
721 2361 821 2402 olim
848 2360 903 2402 ad
929 2359 1236 2415 rempublicam
1266 2359 1608 2403 constituendam
1637 2376 1744 2404 usus

197 2443 306 2486 erat,
347 2434 505 2478 deferri
546 2433 628 2476 sibi
662 2439 892 2489 pateretur.
957 2431 1058 2485 Qua
1091 2440 1288 2474 recusata
1328 2433 1446 2488 (nam
1479 2432 1525 2474 id
1555 2432 1744 2489 Appiani

196 2508 495 2566 imperfectum
523 2504 661 2562 ἡρεῖτο
695 2505 926 2561 significat)
958 2503 1073 2546 omni
1103 2503 1275 2546 omnino
1305 2504 1517 2546 dictatura
1547 2519 1641 2547 sese
1668 2505 1744 2548 ab·

198 2581 371 2625 dicavit.
429 2579 579 2635 Neque
611 2579 723 2620 enim
753 2593 802 2620 ea
829 2592 937 2634 opus
963 2575 1146 2618 habebat
1156 2593 1166 2627 3
1201 2592 1298 2618 nam
1327 2576 1413 2619 Dio
1433 2577 1560 2628 XLI,
1584 2577 1636 2620 36
1666 2578 1742 2620 ait:

199 2658 249 2709 τῇ
278 2669 319 2694 τε
349 2651 424 2707 γὰρ
452 2652 562 2707 παρὰ
590 2654 667 2692 τῶν
702 2650 838 2692 ὅπλων
871 2649 978 2705 ἰσχύϊ
1007 2649 1154 2704 ἐχρῆτο
1186 2651 1252 2691 καὶ
1279 2649 1439 2705 προςέτι
1465 2650 1531 2690 καὶ
1560 2650 1742 2695 ἐξουσίαν

200 2725 367 2780 ἔννομον
401 2725 448 2778 δή
477 2738 562 2764 τινα
590 2722 702 2778 παρὰ
728 2725 798 2776 τῆς
825 2721 911 2762 ἐκεῖ
934 2723 1086 2777 βουλῆς
1114 2721 1361 2778 προςέλαβε·
1395 2722 1524 2762 πάντα
1546 2721 1620 2777 γὰρ
1644 2721 1744 2776 μετὰ

200 2797 340 2841 ἀδείας
379 2781 458 2838 &cot
496 2795 541 2837 ἂν
585 2795 774 2852 βουληθῇ
809 2795 993 2850 πράττειν
1028 2795 1064 2834 οἱ
1099 2795 1315 2850 ἐπετράπη.
1381 2792 1593 2835 Nimirum
1624 2793 1742 2843 haee,

200 2884 328 2924 quam
346 2868 433 2911 Dio
463 2869 544 2911 1106
567 2868 663 2910 1060
686 2874 996 2917 commemorat,
1024 2882 1048 2909 a
1068 2873 1216 2908 senatu
1235 2866 1372 2908 delata
1391 2865 1581 2907 omnium
1602 2880 1743 2908 rerum
