1846 3100
6 2479 11 2499 -
0 2408 13 2453 'fun
0 1877 14 2393 *tvvm—*vv

581 147 635 179 De
659 147 831 180 dictatoris
858 146 1015 179 Caesaris
1041 147 1239 179 honoribus.
1601 146 1682 190 247

139 264 270 300 tatem
306 258 380 301 illo
417 257 634 299 iudicante
672 255 904 305 obtineret,
939 270 1066 311 quam
1104 255 1326 312 epistolam
1361 265 1460 313 post
1499 258 1684 301 reditum

141 328 340 374 Caesaris
371 337 552 373 exeunte
583 343 693 371 anno
723 328 775 371 45
809 328 1010 384 scriptam
1040 343 1134 370 esse
1163 329 1263 371 hinc
1294 329 1524 381 discimus,
1566 331 1684 386 quod

139 404 327 446 Plancus
364 401 592 445 Caesarem
629 399 802 442 iubetur
840 400 894 441 de
931 399 982 441 T.
1020 400 1210 443 Antistio
1246 402 1509 458 interrogare
1545 418 1684 459 neque

140 476 228 518 ulla
257 475 511 532 significatio
542 473 728 523 additur,
759 487 869 528 quae
896 487 981 514 non
1008 488 1135 528 posse
1168 489 1266 516 eum
1295 483 1562 530 praesentem
1598 484 1684 518 sta-

139 547 215 589 tim
240 547 347 589 adiri
368 547 577 589 ostendat.
616 545 832 587 Praetoris
851 544 985 600 igitur
1003 544 1156 587 urbani
1178 561 1356 589 munera
1376 555 1479 589 tunc
1497 547 1684 591 Plancus

140 620 296 662 obibat.
355 620 500 675 Atque
542 618 667 661 etiam
711 617 793 659 alia
830 617 993 658 ratione
1031 617 1085 659 de
1123 626 1321 673 praetura
1360 620 1452 661 eius
1490 635 1601 662 anno
1632 621 1684 662 45

140 699 262 749 gesta
293 691 609 748 cognoscimus.
670 689 841 731 Etenim
871 704 956 731 non
986 689 1115 731 modo
1150 705 1174 731 a
1205 688 1390 733 Caesare
1425 693 1576 734 consul
1609 693 1685 736 de-

141 765 336 822 signatus
367 771 432 806 est
457 763 501 804 in
528 778 686 805 annum
715 762 768 804 4⁶2
795 777 893 803 cum
924 762 982 803 D.
1001 762 1136 804 Bruto
1161 760 1420 817 (Comment.
1439 764 1485 805 II
1511 780 1551 820 p.
1571 765 1685 818 234),

139 852 291 880 verum
319 837 445 878 etiam
474 850 584 877 anno
610 835 662 877 44
693 833 879 876 Galliam
905 834 1232 890 Transalpinam
1262 836 1495 890 regendam
1523 838 1687 893 accepit

140 908 254 965 (Cic.
292 909 403 951 Phil.
434 909 522 957 111,
562 908 633 956 153
677 907 799 963 epist.
828 907 895 957 X,
939 910 952 948 1
992 907 1099 961 sq.)‚
1144 922 1223 949 nec
1260 914 1365 962 puto
1403 907 1457 950 ab
1500 907 1685 951 Caesare

139 983 324 1030 factum,
364 980 482 1037 quod
514 994 682 1035 semper
711 979 927 1021 rarissime
959 979 1127 1029 accidit,
1157 986 1204 1020 ut
1231 979 1275 1020 in
1303 986 1420 1021 tanta
1448 980 1687 1036 frequentia

140 1055 490 1111 magistratuum,
533 1067 660 1107 quam
694 1066 873 1093 numero
911 1058 1155 1107 praetorum
1186 1058 1227 1093 et
1255 1060 1530 1107 quaestorum
1560 1061 1686 1094 aucto

140 1127 364 1175 effecisset,
394 1125 447 1167 iis
477 1124 551 1180 qui
582 1123 723 1165 nullos
756 1123 939 1166 honores
973 1123 1232 1179 gessissent,
1268 1124 1509 1180 provincias
1537 1125 1686 1167 decer-

139 1206 272 1241 neret.
315 1199 408 1240 Iam
437 1203 603 1253 poterat
628 1195 789 1238 Planco
819 1196 1000 1238 fortasse
1030 1196 1156 1237 etiam
1185 1196 1266 1238 hoc
1293 1197 1346 1239 ab
1369 1196 1554 1240 Caesare
1586 1212 1686 1238 con-

140 1271 256 1321 cedi,
289 1278 357 1322 ut,
394 1269 510 1325 quod
541 1268 751 1325 praetorio
783 1283 957 1309 munere
988 1268 1163 1310 functus
1196 1276 1334 1319 esset,
1366 1269 1459 1326 ipsa
1486 1277 1688 1326 praetura

139 1343 334 1399 neglecta
370 1343 482 1395 inter
517 1340 749 1397 praetorios
779 1341 1037 1394 allegeretur
1068 1341 1246 1396 (multos
1274 1350 1417 1384 autem
1444 1342 1555 1384 inter
1585 1357 1687 1384 con-

141 1415 318 1465 sulares,
348 1413 598 1471 praetorios,
629 1413 815 1468 reliquos
846 1413 1020 1455 allectos
1051 1428 1146 1455 esse
1179 1414 1264 1456 Dio
1293 1415 1466 1464 XLIII,
1497 1415 1547 1458 47
1582 1415 1686 1456 scri-

138 1487 244 1543 bit);
287 1487 363 1530 sed
403 1502 455 1528 ex
494 1486 576 1527 hoc
615 1484 848 1527 allectionis
889 1500 1045 1540 genere
1079 1501 1217 1542 usque
1253 1487 1307 1528 ad
1335 1494 1525 1529 extrema
1553 1502 1687 1543 prope

138 1560 303 1617 imperii
331 1567 522 1614 tempora
550 1557 760 1599 neminem
785 1572 973 1612 unquam
994 1557 1154 1600 scimus
1172 1558 1436 1614 provinciam
1456 1560 1686 1615 accepisse.

139 1632 286 1687 Quare
326 1647 423 1673 cum
462 1638 585 1672 antea
620 1629 830 1671 Plancum
870 1629 1061 1671 nondum
1102 1638 1339 1686 praetorem
1380 1631 1516 1673 fuisse
1558 1647 1688 1688 supra

139 1705 436 1752 docuerimus,
475 1701 705 1749 efficietur,
734 1708 794 1742 <ut
832 1701 927 1756 ipso
955 1702 1028 1743 illo
1057 1717 1167 1744 anno
1196 1717 1282 1757 quo
1312 1704 1556 1759 praefectus
1587 1703 1685 1745 urbi

138 1777 232 1826 fuit,
260 1782 442 1819 exeunte
469 1781 709 1830 praeturam
738 1774 964 1827 acceperit,
992 1774 1444 1830 confirmabunturque
1470 1776 1686 1831 praeclare

137 1849 296 1905 insigni
338 1846 553 1902 exemplo,
593 1860 701 1900 quae
729 1845 782 1886 de
808 1846 998 1886 omnium
1029 1846 1343 1901 praefectorum
1373 1846 1535 1888 ratione
1565 1848 1686 1889 anni-

137 1936 221 1976 que
253 1921 306 1963 45
345 1918 528 1962 comitiis
570 1925 666 1959 ante
706 1917 998 1973 exposuimus.
1063 1917 1238 1958 Nummi
1278 1925 1420 1959 autem
1453 1917 1686 1969 Goltziani‚

138 1993 211 2049 qui
251 1993 335 2034 iam
377 1990 492 2033 citati
536 1998 658 2038 sunt,
704 1989 747 2030 in
784 1988 942 2044 quibus
986 2004 1083 2031 cum
1119 1990 1435 2045 praefectorum
1474 1991 1686 2033 mentione

137 2072 289 2122 quarta
317 2062 515 2106 Caesaris
546 2060 758 2102 dictatura
788 2061 1076 2117 coniungitur,
1107 2076 1235 2116 quam
1264 2076 1466 2116 perverse
1498 2063 1686 2104 ementiti

140 2138 224 2180 sint
253 2143 440 2193 apparet.
488 2134 556 2175 Ex
588 2132 738 2174 eodem
767 2132 848 2174 hoc
875 2134 1190 2188 praefectorum
1220 2148 1376 2189 genere
1403 2134 1485 2175 fuit
1513 2132 1563 2176 C.
1583 2132 1685 2176 Clo-

140 2211 237 2252 vius
262 2207 476 2251 PRAEF-
505 2206 534 2248 i.
559 2220 596 2247 e.
626 2205 883 2260 praefectus,
914 2205 988 2260 qui
1015 2205 1059 2246 in
1083 2205 1176 2247 aliis
1204 2205 1390 2246 nummis
1420 2206 1544 2247 tertia
1575 2203 1685 2247 Cae-

141 2282 247 2325 saris
274 2281 486 2323 dictatura
510 2277 726 2332 inscriptis
756 2276 872 2333 apud
891 2276 1071 2318 Eckhel.
1091 2277 1155 2319 VI
1181 2292 1223 2333 p.
1242 2278 1265 2320 7
1293 2284 1334 2318 et
1353 2275 1516 2318 Caved.
1544 2292 1586 2333 p.
1608 2278 1686 2320 152

140 2358 503 2397 commemoratur.
563 2349 663 2404 Ipse
694 2348 821 2390 homo
854 2349 1042 2404 ignotior
1067 2356 1152 2398 est,
1194 2347 1410 2405 probabile
1446 2355 1585 2390 tamen
1621 2349 1685 2391 vi-

140 2426 268 2468 detur
298 2439 407 2474 esse,
439 2423 624 2466 eundem
652 2421 843 2476 legatum
870 2436 948 2477 pro
975 2428 1168 2477 praetore
1197 2420 1312 2476 agris
1342 2420 1386 2461 in
1401 2420 1544 2463 Gallia
1574 2421 1686 2463 divi-

140 2497 293 2539 dendis
314 2511 408 2538 esse
424 2496 701 2552 praefectum,
726 2495 781 2535 ad
802 2509 928 2549 quem
946 2492 1099 2535 Cicero
1118 2492 1287 2547 scripsit
1305 2492 1526 2547 epistolam
1544 2492 1567 2535 7
1589 2493 1685 2535 libr.

124 2569 278 2619 XIII,
319 2568 372 2610 de
402 2582 487 2623 quo
519 2566 616 2608 olim
646 2565 835 2608 diximus
866 2566 948 2622 ipsi
977 2566 1021 2606 in
1050 2571 1274 2606 comment.
1307 2563 1442 2619 epigr.
1466 2563 1488 2605 I
1518 2579 1560 2620 p.
1590 2564 1686 2613 301,

140 2641 256 2682 idem
284 2641 466 2682 fortasse
497 2638 637 2688 etiam,
669 2652 797 2693 quem
826 2638 913 2679 Dio
940 2638 1038 2686 LII,
1069 2637 1121 2679 42
1147 2635 1191 2676 in
1222 2635 1511 2676 consularium
1535 2651 1686 2677 nume-

143 2726 238 2753 rum
269 2710 323 2753 ab
351 2711 557 2767 Augusto
588 2710 768 2752 relatum
800 2725 894 2752 esse
924 2709 1085 2752 scribit.
1140 2707 1250 2749 Nam
1277 2706 1372 2761 quis
1400 2706 1471 2748 ille
1499 2704 1549 2748 C.
1580 2704 1686 2748 Clu-

142 2783 239 2825 vius
269 2783 314 2825 in
345 2783 504 2825 celebri
535 2796 745 2824 marmore
777 2781 893 2836 apud
921 2780 1055 2823 Orell.
1084 2780 1220 2822 Inscr.
1240 2779 1348 2821 4859
1380 2778 1447 2827 sit,
1477 2778 1686 2820 incertum

146 2868 322 2910 prorsus
355 2869 450 2896 esse
481 2853 640 2896 iudico.
686 2852 802 2895 Illud
827 2858 968 2894 autem
997 2867 1083 2894 non
1112 2850 1255 2900 credo,
1277 2850 1390 2905 quod
1410 2847 1686 2892 Cavedonius
