1846 3100
6 1875 29 1954 ’.Ἦ

584 143 638 174 De
664 140 778 174 Gallia
802 140 1035 172 Romanorum
1056 138 1240 181 provincia.
1630 135 1683 177 45

137 254 172 304 Ι,
199 252 304 309 82),
335 250 567 308 imprimis,
599 248 771 305 opinor,
807 247 851 288 in
891 247 971 289 hac
1001 246 1096 302 ipsa
1125 245 1268 289 Gallia
1305 260 1494 288 versans.
1535 245 1685 301 Itaque

137 324 252 381 App.
283 324 320 375 Ι,
349 323 402 366 86
434 321 632 365 consules
660 320 732 369 ait,
761 326 988 376 postquam
1016 318 1182 361 cladem
1213 335 1238 362 a
1264 317 1386 361 Sulla
1416 325 1685 374 acceperunt,

136 411 272 439 novos
314 394 528 438 exercitus
567 409 620 435 ex
653 391 801 447 ,Gallia
839 389 1188 447 Circumpadana
1227 391 1475 447 collegisse,
1519 391 1687 433 nullum

137 469 212 524 qui
247 467 495 525 provinciae
537 465 575 508 ei
612 463 846 521 praefuerit
883 463 1129 514 nominans,
1175 470 1217 505 et
1247 463 1362 505 Plut.
1403 464 1555 520 Pomp.
1592 478 1627 505 c.
1661 462 1687 505 6

139 538 382 583 Carbonem
408 539 454 580 in
482 538 644 580 Piceno
681 536 866 578 multum
906 535 1094 578 valuisse
1130 535 1273 578 tradit.
1336 537 1443 579 Item
1483 551 1593 579 anno
1619 536 1687 586 82,

138 612 212 668 qui
240 612 418 654 ultimus
445 610 667 652 Marianae
698 607 1001 650 dominationis
1030 607 1126 658 fuit,
1159 623 1246 650 cos.
1279 606 1329 651 C.
1349 609 1515 651 Marius
1545 615 1587 651 et
1606 606 1687 650 Cn.

140 683 283 728 Carbo
313 683 485 726 easdem
514 680 757 738 provincias
788 679 1089 730 obtinuerunt,
1129 680 1331 723 adiuncto
1368 681 1543 736 quidem
1575 680 1687 722 Nor-

140 758 264 807 bano,
294 755 363 798 cui
393 754 619 811 imperium
649 759 927 809 prorogatum
957 759 1046 794 erat
1076 751 1211 809 (App.
1243 753 1278 804 I,
1307 754 1396 808 90).
1432 753 1501 796 Ac
1520 753 1686 794 Marius

140 829 316 886 quidem
344 843 443 870 mox
464 828 696 869 Praeneste
726 826 920 881 inclusus
952 832 1029 875 est,
1060 822 1202 866 Carbo
1230 832 1372 867 autem
1399 834 1440 868 et
1458 825 1688 868 Norbanus
1733 852 1735 856 -

139 901 367 959 praecipue
393 901 438 942 in
472 897 694 956 Cisalpina
722 898 864 941 Gallia
892 913 991 939 cum
1016 896 1193 938 Metello
1219 897 1295 939 Pio
1324 904 1365 939 et
1387 896 1467 940 Cn.
1483 898 1688 954 Pompeio

141 980 389 1030 pugnarunt
419 973 561 1029 (App.
592 973 635 1022 Ι,
670 971 724 1013 90
756 973 870 1026 sq.);
915 978 1298 1011 commemorantur
1334 971 1447 1012 enim
1478 969 1688 1012 Carbonis

143 1060 314 1102 pugnae
344 1045 400 1087 ad
427 1044 693 1093 Fidentiam,
733 1041 1005 1091 Faventiam,
1043 1041 1301 1083 Placentiam
1333 1058 1382 1085 ac
1412 1042 1582 1085 tandem
1610 1042 1690 1083 hoc

144 1118 344 1160 effectum
384 1132 478 1159 esse
522 1116 670 1159 scribit
697 1116 808 1171 App.
838 1115 881 1163 Ι,
918 1114 997 1162 92,
1036 1120 1084 1155 ut
1123 1112 1266 1157 Carbo
1303 1115 1507 1157 universa
1534 1114 1689 1163 Gallia,

144 1205 254 1246 quae
280 1206 305 1232 a
329 1190 537 1232 Ravenna
561 1189 615 1231 ad
647 1188 783 1244 Alpes
809 1187 994 1243 pertinet
1023 1186 1104 1228 sibi
1130 1193 1274 1242 erepta
1299 1187 1342 1227 in
1367 1186 1560 1229 Africam
1592 1201 1690 1243 pro-

144 1263 328 1318 fugeret.
375 1261 505 1304 Nulla
533 1261 577 1303 in
607 1261 674 1303 his
704 1260 752 1302 fit
784 1259 956 1308 mentio,
986 1266 1035 1300 ut
1063 1258 1322 1314 peculiarem
1353 1258 1518 1301 Galliae
1551 1257 1690 1301 Cisal-

146 1334 270 1390 pinae
301 1334 543 1390 praesidem
575 1333 711 1376 fuisse
739 1331 972 1374 debeamus
1005 1338 1204 1382 statuere,
1235 1331 1341 1373 nihil
1370 1331 1423 1373 de
1456 1331 1690 1381 sortitione,

145 1406 251 1448 nihil
281 1406 335 1448 de
366 1406 565 1448 mandata
593 1405 818 1447 consulum
838 1404 959 1446 alteri
987 1404 1223 1460 provincia,
1257 1404 1333 1446 sed
1354 1403 1497 1445 omnia
1516 1419 1691 1459 prorsus

145 1478 205 1520 ita
231 1485 470 1529 narrantur,
501 1478 624 1534 quasi
651 1491 874 1520 commune
903 1491 953 1518 ac
982 1476 1236 1532 permistum
1266 1477 1310 1518 in
1340 1476 1465 1518 Italia
1493 1482 1534 1517 et
1551 1475 1694 1518 Gallia

145 1551 373 1608 imperium
403 1550 600 1592 consules
630 1549 868 1591 habuerint.
915 1551 968 1590 At
996 1548 1280 1604 Transalpina
1311 1548 1453 1591 Gallia
1483 1562 1568 1604 quo
1599 1548 1692 1590 iure

145 1637 224 1680 per
253 1623 359 1668 haec
387 1630 580 1679 tempora
615 1621 847 1664 utebatur?
901 1622 1010 1664 Eam
1050 1622 1133 1664 iam
1162 1636 1292 1677 supra
1324 1636 1450 1662 suum
1484 1628 1694 1663 rectorem

147 1696 350 1739 habuisse
379 1695 660 1745 ostendimus,
695 1694 771 1736 sed
790 1701 1146 1736 commemoratur
1165 1694 1291 1736 etiam
1308 1708 1332 1734 a
1349 1691 1441 1735 Cic.
1458 1709 1497 1750 p.
1518 1692 1692 1746 Quinct.

148 1782 183 1810 c.
217 1768 241 1811 7
274 1773 316 1809 G.
355 1769 544 1809 Valerius
580 1770 761 1817 Flaccus,
792 1781 920 1822 quem
947 1766 1064 1822 quod
1093 1766 1323 1822 imperator
1354 1772 1544 1815 vocatur,
1582 1764 1694 1807 bella

148 1839 327 1882 feliciter
354 1839 541 1894 gessisse
570 1839 864 1895 intelligimus.

261 1912 353 1954 Iam
369 1912 421 1954 L.
438 1910 666 1954 Cornelius
687 1911 809 1953 Sulla
832 1918 1058 1966 postquam
1080 1909 1387 1966 rempublicam
1409 1908 1695 1952 vi’subactam

150 1984 321 2040 legibus
349 1985 581 2035 constituit,
616 1999 756 2026 nonne
786 1998 897 2026 nova
930 1984 1139 2039 quaedam
1170 1983 1295 2024 etiam
1324 1983 1377 2024 de
1413 1980 1567 2024 Galliis
1596 1995 1695 2036 pro-

149 2055 303 2098 vinciis
335 2057 501 2099 sanxit?
558 2056 727 2098 Paucae
769 2056 882 2098 enim
914 2056 1085 2098 omnino
1117 2062 1216 2097 sunt
1246 2054 1508 2111 reipublicae
1538 2060 1694 2110 partes,

150 2128 193 2169 in
224 2128 383 2184 quibus
410 2129 516 2171 nihil
553 2129 624 2171 ille
654 2129 755 2170 novi
791 2128 997 2177 decrerit,
1046 2134 1172 2183 atque
1205 2128 1299 2184 ipsa
1337 2128 1463 2178 haec,
1503 2141 1613 2182 quae
1641 2125 1695 2167 ad

151 2201 395 2256 provincias
410 2202 636 2257 pertinent,
668 2201 908 2243 accuratius
926 2199 979 2242 ab
1002 2215 1052 2242 eo
1071 2200 1301 2242 constituta
1326 2214 1420 2242 esse
1438 2199 1695 2241 invenimus.

151 2273 220 2315 Ac
249 2274 384 2316 multa
413 2289 513 2316 sane
533 2274 655 2316 Sulla
681 2274 725 2315 in
751 2272 973 2329 republica
1002 2287 1131 2327 quam
1163 2271 1420 2321 inveniebat,
1452 2271 1521 2314 vel
1539 2270 1696 2311 immu-

152 2346 258 2387 tavit
287 2346 355 2388 vel
389 2345 541 2396 sanxit,
575 2346 652 2388 sed
684 2346 822 2402 magis
855 2353 996 2388 tamen
1027 2346 1194 2387 in'eam
1223 2351 1400 2401 partem,
1437 2350 1484 2384 ut
1510 2357 1560 2384 ea
1586 2355 1697 2397 quae

151 2417 195 2459 in
235 2417 427 2460 moribus
459 2433 509 2460 ac
551 2418 723 2475 legibus
753 2416 971 2460 veteribus
1009 2424 1150 2468 erant,
1191 2416 1459 2459 confirmaret
1492 2429 1622 2470 quam
1650 2419 1699 2454 ut

151 2503 264 2532 nova
307 2505 486 2546 prorsus
526 2490 761 2533 induceret.
832 2490 1106 2532 Provinciam
1140 2490 1314 2546 quidem
1352 2502 1505 2530 novam
1551 2486 1605 2528 ab
1650 2498 1698 2526 eo

146 2562 314 2604 ‘nullam
359 2563 514 2605 factam
555 2577 650 2605 esse
684 2563 851 2618 reperio
892 2571 1061 2618 praeter
1091 2561 1305 2611 Ciliciam,
1349 2575 1458 2616 quae
1500 2573 1597 2600 cum
1630 2556 1697 2599 vel

153 2634 346 2676 nondum
377 2622 552 2677 subacta
583 2635 652 2677 vel
693 2649 791 2676 cum
826 2635 933 2677 Asia
962 2636 1189 2677 coniuncta
1219 2634 1395 2683 fuisset,
1442 2646 1552 2674 anno
1587 2629 1641 2672 80
1674 2644 1700 2671 a

155 2703 236 2748 Cn.
270 2704 472 2749 Cornelio
501 2706 746 2756 Dolabella,
786 2713 981 2762 praetore
1023 2706 1255 2763 superioris
1291 2705 1412 2754 anni,
1457 2696 1548 2744 tum
1586 2716 1698 2744 anno

154 2778 208 2821 79
234 2793 258 2819 a
286 2778 337 2820 P.
364 2776 549 2821 Servilio
578 2777 705 2821 Vatia
741 2785 857 2821 recta
891 2785 967 2822 est.
1034 2779 1274 2822 Galliarum
1312 2783 1454 2819 autem
1491 2774 1699 2830 quamdiu

155 2848 276 2891 Sulla
315 2850 570 2892 dictaturam
607 2849 763 2905 gessit,
806 2851 926 2893 nulla
953 2851 1124 2893 omnino
1154 2850 1311 2892 mentio
1348 2849 1418 2898 fit,
1463 2847 1547 2889 nisi
1582 2847 1699 2902 quod
