1846 3100
201 146 283 190 214
645 149 699 181 De
726 149 899 181 dictatoris
928 148 1085 181 Caesaris
1110 149 1308 182 honoribus.

203 274 271 301 ses
302 266 344 301 et
374 258 601 301 dimidium
625 257 807 299 dictator
825 257 954 299 fuerit
972 256 1182 312 facileque
1206 257 1368 312 priores
1386 273 1494 314 quos
1512 259 1751 310 citavimus,

200 331 356 374 Dionis
390 332 475 374 loci
508 332 785 380 incusentur,
822 330 939 385 quod
969 345 1159 372 annuum
1189 331 1372 386 spatium
1404 331 1639 375 dictaturae
1675 333 1751 374 tri-

200 403 383 447 buerint.
425 403 515 446 Sed
534 409 599 445 est
615 402 685 444 hic
702 402 991 444 Romanorum
1020 417 1127 453 mos,
1157 410 1206 444 ut
1234 402 1278 444 in
1311 403 1596 459 potestatibus
1624 411 1752 459 atque

200 475 392 532 imperiis
433 476 468 518 si
506 474 611 530 quid
653 489 739 516 non
769 488 974 529 magnum
1004 481 1078 516 aut
1106 474 1161 517 ad
1191 482 1325 517 totum
1355 490 1515 518 annum
1542 475 1655 518 desit
1678 482 1753 518 aut

199 548 312 590 ultra
327 563 487 590 annum
509 554 721 597 excurrat,
751 553 890 588 tamen
905 561 1095 589 annuum
1113 547 1340 603 appellent,
1365 547 1489 590 cuius
1503 547 1566 589 rei
1585 547 1753 603 insigne

201 620 444 676 exemplum
481 619 702 662 attulimus
740 619 784 660 in
825 626 1048 661 comment.
1086 618 1306 675 epigraph.
1341 619 1364 661 I
1390 634 1433 675 p.
1463 619 1534 669 17,
1574 619 1753 662 alterum

201 692 327 735 etiam
363 691 501 748 magis
531 691 702 747 insigne
733 698 798 733 est
833 691 935 740 hoc,
973 691 1026 732 de
1064 705 1149 746 quo
1188 691 1394 741 dicimus,
1434 691 1608 734 tertium
1643 691 1755 734 infra

199 764 244 806 in
278 764 404 806 tertia
439 763 652 806 dictatura
685 764 912 813 afferetur,
953 770 1152 818 quartum
1191 764 1372 806 fortasse
1413 776 1467 804 ex
1500 763 1638 820 prima
1665 764 1753 820 peti

199 837 407 893 potuerit,
447 852 576 893 quam
613 836 649 879 si
686 836 782 891 quis
819 852 844 878 a
871 835 970 878 Kal.
1010 835 1128 877 Sext.
1167 835 1267 877 anni
1308 835 1361 877 49
1399 850 1538 891 usque
1567 836 1623 879 ad
1652 836 1751 879 Kal.

203 909 295 951 Ian.
327 908 426 950 anni
454 909 507 952 48
535 908 795 964 pertinuisse
828 914 870 950 et
898 915 1038 950 tamen
1065 915 1180 950 recte
1209 922 1284 949 sex
1310 907 1523 951 mensium
1551 908 1637 952 dici
1661 909 1751 951 exi-

205 980 359 1030 stimet,
388 980 562 1024 habebit
579 996 663 1036 quo
685 980 937 1023 sententiam
967 995 1087 1022 suam
1113 987 1298 1021 tueatur.
1336 979 1623 1023 Veruntamen
1642 968 1752 1023 ‘cum

202 1053 284 1094 hoc
322 1060 435 1095 esset
463 1053 647 1108 spatium
674 1053 925 1102 dictaturae,
959 1067 1086 1108 quam
1119 1051 1211 1094 eius
1244 1060 1439 1095 naturam
1467 1052 1590 1108 quasi
1617 1052 1752 1095 fuisse

203 1125 433 1182 putamus?
493 1125 667 1167 Ascribi
711 1125 824 1167 enim
867 1125 974 1167 solet
1007 1125 1051 1166 in
1092 1124 1214 1166 fastis
1246 1131 1373 1179 atque
1407 1124 1453 1166 in
1479 1124 1650 1180 legibus
1685 1125 1753 1168 vel

203 1206 376 1240 senatus
418 1197 625 1240 consultis
671 1197 974 1247 adficiebatur,
1016 1196 1140 1239 cuius
1176 1196 1237 1238 rei
1275 1211 1406 1238 causa
1435 1196 1753 1252 susciperentur

203 1269 451 1312 dictaturae.
503 1269 596 1311 Iam
624 1269 730 1312 haec
761 1284 860 1311 cum
887 1269 1056 1325 longior
1086 1275 1219 1318 esset,
1257 1283 1343 1310 non
1376 1269 1646 1312 comitiorum
1675 1270 1752 1312 ha-

200 1341 443 1384 bendorum
473 1356 615 1391 causa,
649 1349 697 1383 ut
713 1341 862 1398 prima,
893 1356 973 1383 nec
989 1340 1250 1396 reipublicae
1271 1341 1594 1384 constituendae
1609 1357 1753 1393 causa,

200 1421 249 1455 ut
279 1413 450 1464 ultima,
489 1428 597 1468 quae
632 1420 839 1469 perpetua
870 1421 982 1463 erat,
1014 1413 1105 1463 sed,
1133 1413 1305 1469 opinor,
1342 1413 1403 1455 rei
1432 1414 1652 1469 gerundae
1684 1415 1754 1457 vel

204 1486 385 1528 fortasse
422 1486 645 1528 seditionis
684 1485 898 1528 sedandae
937 1500 1068 1527 causa
1104 1485 1149 1526 in
1188 1485 1309 1527 fastis
1346 1485 1569 1528 dicebatur
1594 1487 1752 1538 fuisse3

206 1574 304 1600 nam
343 1559 397 1600 de
422 1557 645 1614 republica
677 1557 978 1600 constituenda
1025 1565 1122 1600 ante
1162 1558 1273 1600 bella
1307 1557 1427 1600 finita
1460 1559 1640 1615 cogitari
1667 1574 1754 1603 non

201 1638 379 1687 poterat.
430 1630 498 1673 Ita
522 1630 656 1687 igitur
682 1631 880 1673 lacunam
915 1630 1070 1686 lapidis
1103 1630 1383 1686 explevimus.

312 1703 435 1745 Haec
468 1711 695 1758 postquam
733 1703 787 1744 de
825 1703 1037 1744 dictatura
1075 1700 1273 1745 Caesaris
1310 1702 1652 1759 disputavimus,
1688 1702 1753 1745 fa-

203 1777 404 1819 ciendum
441 1785 526 1825 est,
565 1783 614 1817 ut
662 1775 717 1817 ad
755 1775 1025 1818 consulatum
1068 1775 1320 1824 redeamus,
1359 1774 1482 1817 cuius
1523 1774 1754 1830 singularis

202 1864 381 1906 prorsus
422 1848 530 1891 ratio
577 1862 755 1903 magnas
797 1846 925 1889 habet
967 1847 1257 1890 difficultates.
1311 1847 1484 1890 Etenim
1530 1861 1659 1903 supra
1701 1861 1754 1888 ex

202 1922 359 1964 Dionis
395 1920 646 1963 auctoritate
677 1919 928 1969 docuimus,
964 1919 1075 1961 Idib.
1110 1918 1290 1962 Octobr.
1322 1919 1421 1960 anni
1450 1919 1502 1962 48
1530 1919 1570 1962 ei
1597 1933 1753 1961 consu-

202 1995 336 2036 latum
363 1993 407 2034 in
437 1992 775 2047 quinquennium
809 1991 956 2033 datum
984 2006 1079 2033 esse
1109 1991 1136 2032 i.
1170 2006 1207 2033 e.
1239 1991 1343 2033 dum
1372 1998 1485 2033 esset
1516 1991 1667 2033 cons'ul
1692 1990 1752 2040 ΙΙ,

210 2065 486 2121 designatum
516 2079 614 2106 eum
630 2078 724 2105 esse
743 2063 930 2113 tertium,
958 2070 1170 2118 quartum,
1200 2070 1241 2105 et
1265 2063 1481 2120 deinceps,
1508 2062 1612 2105 dum
1627 2063 1753 2119 quin-

207 2137 444 2194 quennium
482 2136 708 2190 explesset.
768 2136 927 2178 Utrum
965 2135 1173 2191 receperit
1208 2135 1323 2177 hunc
1361 2135 1562 2177 honorem
1605 2150 1752 2186 necne,

205 2225 290 2252 non
319 2209 441 2252 addit
471 2208 573 2258 Dio,
604 2207 686 2250 nisi
719 2208 815 2262 quis
844 2209 952 2250 forte
983 2222 1035 2249 ex
1068 2207 1235 2249 silentio
1266 2207 1358 2250 eius
1391 2221 1486 2248 cum
1518 2207 1753 2250 dictaturae

208 2282 398 2339 insignia
433 2280 485 2323 ab
517 2295 567 2322 eo
595 2287 766 2335 sumpta
790 2294 885 2322 esse
903 2280 1074 2329 scribat,
1102 2293 1186 2321 non
1203 2294 1298 2321 esse
1314 2286 1535 2335 receptum
1551 2279 1752 2335 colligere

205 2354 319 2396 velit.
375 2354 443 2396 Ac
474 2361 589 2396 recte
621 2352 683 2394 sic
711 2352 909 2395 videatur
940 2351 1161 2407 colligere3
1189 2367 1285 2393 narn
1315 2351 1350 2392 si
1380 2351 1624 2408 recepisset,
1651 2351 1753 2394 Kal.

203 2427 296 2468 Ian.
326 2425 426 2467 anni
456 2426 507 2468 47
535 2424 691 2467 fuisset
719 2424 892 2473 consul,
935 2423 1023 2464 Dio
1060 2430 1201 2465 autem
1239 2423 1331 2478 ipse
1357 2423 1517 2473 XLII,
1556 2423 1607 2466 27
1634 2423 1754 2464 initio

205 2497 306 2539 anni
338 2497 389 2540 47
424 2496 572 2539 scribit
604 2496 764 2538 Romae
791 2495 984 2538 homines
1014 2495 1149 2537 fuisse
1179 2503 1295 2537 metu
1324 2494 1606 2552 perturbatos,
1635 2494 1753 2550 quod

203 2584 328 2612 nemo
367 2577 481 2611 esset
507 2568 678 2618 consul,
714 2582 839 2609 nemo
880 2575 1068 2623 praetor,
1109 2581 1232 2609 nemo
1271 2567 1443 2609 omnino
1473 2567 1634 2609 curulis
1663 2581 1752 2608 ma-

205 2642 433 2697 gistratus,
463 2641 540 2683 sed
568 2640 630 2682 M.
658 2639 901 2688 Antonius,
941 2639 1145 2695 magister
1175 2640 1388 2695 equitum,
1420 2654 1495 2682 sex
1527 2637 1751 2681 lictoribus

204 2713 463 2768 armatisque
493 2713 673 2768 stipatus
704 2711 845 2754 omnia
873 2711 1201 2753 administraret.
1244 2711 1485 2766 Singularis
1503 2711 1636 2767 igitur
1649 2718 1752 2752 tunc

204 2785 310 2828 haec
348 2792 435 2827 erat
470 2784 729 2841 reipublicae
771 2783 987 2833 condicio,
1019 2791 1065 2824 ut
1097 2791 1138 2825 et
1171 2791 1284 2826 esset
1312 2783 1462 2826 consul
1495 2783 1606 2832 iure,
1635 2781 1751 2836 quod

203 2857 394 2913 legitime
409 2855 570 2899 Caesar
598 2871 623 2898 a
653 2863 803 2898 senatu
832 2855 1072 2912 populoque
1100 2863 1212 2898 esset
1237 2855 1502 2911 designatus,
1532 2863 1572 2895 et
1606 2853 1750 2895 nullus
