1846 3100
802 144 912 176 Index
938 153 1062 176 rerum.
1624 140 1704 184 383

158 253 310 286 coloniae
342 253 486 286 Latinae
525 253 659 284 civitate
696 255 841 286 donatae
876 252 930 286 32.
999 253 1151 285 coloniae
1182 253 1310 285 habent
1346 253 1480 285 diversa
1515 254 1706 286 incolarum

250 317 377 348 genera
401 306 477 340 286.
526 307 584 349 qui
607 308 643 339 in
667 308 801 340 colonia
825 313 912 346 sunt,
941 316 1042 349 saepe
1067 307 1255 349 municipes
1279 307 1493 350 appellantur
1521 307 1599 341 287.
1650 319 1705 340 co-

250 361 420 394 loniarum
442 361 642 394 Latinarum
667 362 718 394 ius
746 359 823 394 367.

159 416 295 448 comitia
321 416 384 448 sub
408 415 665 458 imperatoribus
689 416 807 448 habita
836 413 912 447 298.

160 470 407 502 communicare
430 469 636 511 provinciam
664 470 746 511 quid
773 470 816 501 sit
843 468 899 501 58.

157 524 314 558 consules
338 523 475 556 Italiam
502 524 710 565 provinciam
733 524 858 555 habere
882 523 992 554 solent
1032 521 1064 555 9.
1117 523 1152 554 iu
1179 523 1348 556 civitatem
1372 525 1540 566 recipiunt
1564 534 1608 556 ex
1627 524 1704 565 lege

249 578 338 610 Iulia
372 576 427 610 35.
478 578 612 619 quando
646 577 816 618 coeperint
849 581 968 608 exacto
1004 576 1203 616 magistratu
1236 578 1271 608 in
1301 579 1491 619 provincias
1521 578 1614 609 abire
1649 576 1704 611 73.

250 633 418 671 consules,
442 632 497 672 qui
519 641 580 673 pro
598 631 791 663 consulibus
811 636 900 670 sunt,
922 639 992 661 non
1010 630 1225 671 appellantur
1246 629 1320 663 182.
1359 632 1555 664 consulatus
1573 642 1705 673 semper

249 686 362 718 finitur
395 686 479 727 prid.
503 685 580 718 Kal.
607 684 681 716 Ian.
720 682 798 716 210.
850 693 1093 724 nonnunquam
1124 694 1193 716 non
1220 691 1419 717 numeratur
1444 687 1479 717 in
1503 685 1599 718 fastis
1626 684 1703 718 214.

249 739 407 772 consules
433 740 571 780 quando
593 738 738 780 primum
767 743 863 780 parte
886 740 966 770 anni
993 748 1068 770 esse
1094 739 1267 779 coeperint
1293 738 1370 771 218.
1419 741 1598 772 continuus
1625 751 1705 780 cos„

253 804 322 826 non
351 799 533 835 perpetuus
565 798 617 824 est
647 791 775 824 Caesar
807 790 883 824 224.
930 794 1106 825 consulum
1134 793 1186 826 ius
1214 794 1248 824 in
1276 800 1397 826 senatu
1423 793 1589 826 referendi
1625 792 1705 826 261.

157 847 197 880 P.
223 847 402 880 Cornelius
426 846 618 886 Dolabella,
647 846 775 886 Illyrici
801 852 909 879 rector
941 846 1013 879 114.
1040 845 1114 879 116.

156 901 197 934 L.
220 901 367 934 Cornelii
391 900 507 934 Sullae
541 901 668 942 legatio
704 901 739 932 in
774 899 989 943 Cappadocia
1016 901 1071 934 28.
1123 902 1242 933 dicitur
1278 902 1463 943 imperator
1488 902 1523 934 II
1561 912 1604 934 ex
1638 912 1705 934 uno

247 956 347 996 bello,
375 956 436 987 sed
460 965 529 987 non
554 955 690 996 saepius
718 965 795 987 eum
819 957 958 988 titulum
984 957 1141 998 repetivit
1167 954 1247 989 232.

157 1011 206 1043 M.
233 1010 377 1043 Crassus
402 1009 530 1041 Italicis
555 1008 648 1040 favet
674 1007 729 1041 36.

157 1064 259 1098 Creta
282 1074 372 1096 nova
395 1064 569 1106 provincia
594 1061 650 1095 48.

157 1120 268 1151 curiae
291 1118 550 1160 municipiorum
576 1117 841 1160 Hispanicorum
868 1115 945 1150 291.
971 1115 1049 1149 321.
1107 1106 1112 1111 ’

158 1173 314 1216 Cyrenae
336 1172 512 1216 provincia
537 1170 590 1204 48.

157 1282 356 1314 decuriones
388 1281 444 1313 vel
477 1281 565 1313 cives
590 1279 735 1312 Romani
769 1279 823 1310 vel
847 1278 959 1310 Latini
995 1275 1071 1310 282.
1108 1275 1186 1310 296.
1235 1289 1296 1320 pro
1324 1283 1398 1310 rata
1430 1283 1525 1320 parte
1553 1279 1637 1311 fiunt
1663 1289 1707 1312 ex

250 1335 391 1368 diversis
417 1334 560 1366 civitatis
586 1334 767 1375 generibus
794 1330 871 1364 296.
915 1333 956 1364 ad
981 1332 1129 1364 honores
1156 1332 1400 1373 admittuntur,
1435 1334 1491 1374 qui
1525 1343 1594 1365 non
1626 1339 1705 1365 sunt

251 1389 450 1422 decuriones
477 1386 554 1421 297.

158 1444 349 1476 delectuum
374 1448 528 1485 tempora
554 1451 629 1473 esse
654 1441 781 1472 incerta
811 1437 886 1471 189.

158 1497 338 1529 Delmatae
356 1498 391 1528 in
407 1497 580 1539 provincia
590 1495 692 1527 Italia
705 1498 782 1525 sunt
798 1491 830 1525 9.
862 1503 920 1525 cur
934 1494 1058 1525 tradita
1071 1494 1115 1524 sit
1129 1493 1303 1534 provincia
1315 1493 1441 1534 populo
1455 1493 1612 1525 Romano
1632 1492 1706 1526 106.

158 1552 344 1583 dictaturae
367 1551 571 1592 incipiuntur
595 1549 713 1590 quovis
739 1548 792 1579 die
823 1546 894 1579 193.
951 1558 971 1579 a
992 1547 1078 1587 lege,
1107 1557 1150 1578 ex
1173 1556 1239 1588 qua
1265 1547 1396 1578 delatae
1421 1553 1500 1578 sunt
1524 1546 1601 1579 ⁸205.
1627 1545 1705 1580 210.

250 1606 320 1638 eius
345 1605 438 1636 varia
464 1614 590 1646 genera
615 1602 692 1636 207.
721 1600 796 1635 209.
841 1603 977 1643 quando
1004 1601 1111 1643 repeti
1135 1606 1295 1643 putentur
1320 1599 1397 1632 223.
1439 1601 1606 1632 dictatura
1630 1612 1706 1643 per—

249 1665 351 1702 petua
375 1657 452 1692 224.
501 1660 684 1700 eademque
709 1661 829 1699 quarta
853 1656 1023 1696 quomodo
1048 1655 1249 1696 appellanda
1274 1654 1318 1686 sit
1341 1652 1420 1688 232.
1445 1652 1522 1688 238.
1568 1665 1648 1686 num
1673 1656 1708 1687 in

248 1713 347 1746 fastis
381 1713 573 1745 consulatui
604 1711 843 1753 anteponenda
872 1710 914 1741 sit
952 1708 1028 1742 238.
1081 1719 1161 1741 num
1189 1709 1224 1740 in
1253 1709 1417 1740 dictatura
1444 1708 1524 1740 nulli
1556 1708 1611 1740 ulii
1636 1719 1707 1741 ma-

251 1769 411 1810 gistratus
436 1766 520 1798 fiant
547 1763 625 1796 244.

158 1822 228 1855 Dio
253 1821 396 1855 Cassius
424 1820 613 1862 explicatus
647 1817 702 1850 82.
731 1817 786 1850 86.
812 1815 867 1849 96.
900 1814 974 1850 136.
1001 1815 1076 1848 159.
1106 1815 1181 1848 161.
1214 1814 1285 1848 178.
1311 1815 1388 1847 210.
1413 1814 1490 1847 215.
1520 1814 1598 1847 220.
1627 1813 1706 1847 222.

249 1874 326 1909 239.
352 1874 429 1908 251.
456 1873 532 1907 253.
560 1872 637 1905 255.
663 1871 740 1905 341.
788 1882 857 1903 non
885 1872 1149 1903 contemnendus
1178 1869 1251 1903 158.
1301 1871 1498 1902 emendatur
1524 1868 1603 1902 230.

159 1931 344 1973 diplomata
367 1930 610 1971 imperatorum
637 1927 678 1958 de
705 1926 840 1957 civitate
868 1924 944 1957 303.

158 1984 377 2017 Domitianus
402 1983 482 2025 imp.
507 1991 682 2022 nunquam
705 1980 811 2022 patris
836 1985 893 2010 aut
916 1978 1028 2010 fratris
1059 1979 1093 2009 in
1117 1978 1259 2020 imperio
1285 1987 1426 2009 consors
1454 1975 1531 2008 307.
1586 1985 1707 2007 censor

250 2043 434 2082 perpetuus
461 2043 494 2068 et
512 2036 683 2068 censoriae
706 2034 882 2077 potestatis
905 2032 982 2065 308.
1024 2033 1102 2074 quid
1123 2032 1285 2074 Hispanis
1308 2031 1437 2064 dederit
1461 2027 1538 2062 309.
1581 2029 1707 2060 eximio

251 2093 381 2125 honore
409 2079 548 2123 affefftus
573 2089 615 2120 ab
642 2087 864 2130 Salpensanis
891 2086 967 2119 318.

160 2146 222 2179 Cn.
250 2146 419 2178 Domitius
443 2143 616 2182 Calvinus,
643 2143 817 2175 dictatoris
843 2141 1001 2174 Caesaris
1028 2149 1118 2180 mag.
1143 2149 1194 2181 eq.
1223 2137 1300 2172 240.

159 2200 199 2232 L.
224 2199 407 2237 Domitius,
435 2197 586 2239 Augusti
610 2197 829 2239 propinquus,
858 2194 991 2227 Galliae
1016 2203 1155 2235 praeses
1189 2192 1263 2226 119.

161 2254 333 2286 Domitius
358 2252 510 2285 Corbulo
538 2250 757 2284 Germaniam
783 2251 872 2290 regit
902 2248 974 2282 153.

162 2308 306 2348 Drusus,
337 2306 484 2347 Augusti
505 2305 687 2347 privignus,
715 2304 816 2345 quale
839 2304 1015 2344 imperium
1043 2303 1076 2334 in
1103 2301 1224 2334 Galliis
1251 2300 1408 2332 habuerit
1442 2297 1512 2331 117.

148 2362 308 2401 ‘Drusus‚
331 2359 461 2392 Tiberii
487 2359 584 2398 filius,
611 2359 783 2401 Illyricum
807 2358 893 2398 regit
924 2355 998 2389 116.

163 2470 272 2501 edicta
293 2468 535 2510 imperatorum
564 2465 745 2498 tribunicia
772 2470 805 2497 et
829 2464 981 2497 censoria
1010 2462 1087 2496 307.

162 2522 294 2555 Ennius
321 2525 423 2563 poeta
450 2521 582 2552 civitate
609 2520 754 2552 donatus
785 2517 862 2551 353.

161 2576 287 2617 Epora.
315 2574 502 2616 Hispaniae
523 2573 681 2606 Baeticae
707 2574 931 2615 municipium
959 2569 1037 2604 319.

163 2682 205 2722 Q.
234 2681 362 2713 Fabius
389 2681 564 2713 Maximus
590 2690 660 2713 cos.
686 2679 729 2712 45
759 2691 789 2712 a.
812 2679 891 2712 Chr.
919 2676 997 2710 226.

163 2737 243 2770 fasti
268 2734 451 2777 Capitolini
487 2739 601 2776 aperte
631 2733 707 2767 falsi
734 2733 812 2766 201.
859 2737 1015 2775 pugnant
1041 2740 1116 2761 cum
1144 2729 1293 2760 nummis
1319 2726 1386 2760 215
1412 2736 1463 2768 sq.
1490 2736 1597 2763 annos
1625 2736 1709 2768 quo-

254 2791 356 2822 modo
375 2788 564 2829 significent
585 2786 663 2820 227.
704 2788 793 2820 male
816 2786 973 2828 descripti
998 2782 1076 2816 229.
1117 2782 1194 2815 fasti
1213 2781 1385 2815 Colotiani
1407 2779 1486 2813 230.
1525 2779 1709 2822 Capitolini

255 2843 401 2885 suppleti
429 2840 509 2874 241.
559 2840 637 2873 fasti
664 2852 684 2873 a
711 2841 857 2874 Caesare
883 2840 1029 2872 ordinati
1059 2835 1135 2870 244.
