1846 3100
204 171 285 215 274
612 172 666 204 De
691 171 823 212 legibus
847 170 1107 212 municipalibus
1133 169 1338 212 Hispanicis.

203 282 247 323 in
272 282 326 324 iis
355 288 397 323 et
422 279 668 323 Latinitatis
697 285 738 321 et
766 277 1098 334 municipiorum
1125 277 1303 319 mentio:
1335 292 1439 319 num
1459 276 1594 334 igitur
1615 290 1748 317 unum

204 354 346 397 afferri
374 360 513 410 potest
537 351 759 409 oppidum,
791 351 907 406 quod
936 358 977 392 et
1000 350 1203 393 Latinum
1234 350 1371 392 fuisse
1400 359 1441 392 et
1469 347 1749 404 municipium

204 427 408 483 appellari
437 434 612 476 constet,
644 432 741 467 ante
769 423 923 466 Iuliam
949 422 1123 478 quidem
1149 422 1302 477 legem,
1330 437 1414 477 qua
1435 422 1585 464 civitas
1604 421 1750 463 Italiae

205 499 305 542 data
335 498 428 542 est?
487 499 625 540 Immo
656 504 752 554 post
780 511 872 538 eam
900 495 1018 551 ipsae
1044 495 1154 545 illae,
1185 510 1296 550 quae
1322 494 1421 536 olim
1448 494 1635 536 coloniae
1663 493 1752 535 La-

204 572 318 615 tinae
355 573 545 622 fuerant‚
589 570 690 626 quia
725 569 894 628 civitate
930 567 1181 618 utebantur,
1223 583 1348 624 saepe
1379 583 1404 608 a
1431 566 1576 608 multis
1605 565 1752 621 appel-

204 645 348 686 lantur
378 644 610 700 municipia
649 657 788 697 neque
818 640 1093 683 Latinitatem
1135 640 1362 696 quisquam
1402 637 1566 696 putabit
1595 638 1655 680 ita
1681 637 1752 679 illo

205 726 396 773 tempore
432 731 527 759 esse
565 722 791 764 mutatam,
832 720 881 755 ut
913 728 1004 755 eam
1036 727 1145 768 quae
1176 712 1380 754 haberent
1411 711 1590 767 oppida,
1630 717 1754 752 antea

205 805 292 833 non
325 796 502 847 possent
538 787 740 845 appellari
774 785 1028 842 municipia,
1067 792 1215 841 postea
1235 791 1431 841 possent.
1491 783 1592 837 Quo
1622 796 1752 837 argu-

205 869 348 905 mento
394 861 500 918 quid
541 867 680 917 potest
719 859 898 916 cogitari
938 858 1095 900 certius
1138 864 1264 913 atque
1307 857 1361 900 ad
1403 854 1752 913 persuadendum

206 934 376 991 aptius?
431 934 595 976 Verum
634 933 834 974 nolumus
874 931 980 973 haec
1018 937 1210 986 tempora
1246 930 1483 986 explicare,
1527 927 1686 984 quibus
1717 927 1755 969 si

206 1007 303 1062 quis
335 1006 549 1063 duplicem
579 1006 694 1048 illam
725 1003 1057 1060 municipiorum
1086 1009 1295 1052 naturam,
1326 1010 1375 1043 ut
1404 1009 1477 1044 aut
1501 1000 1657 1043 Latina
1681 1005 1755 1041 aut

207 1079 378 1122 civitate
415 1079 608 1122 Romana
644 1077 803 1120 fuerint
844 1078 962 1131 (nam
998 1075 1100 1131 quin
1143 1074 1451 1131 antiquissimis
1491 1072 1754 1129 temporibus

207 1151 333 1194 etiam
371 1152 445 1207 qui
483 1151 600 1193 cives
638 1166 722 1192 non
763 1157 907 1192 essent
943 1146 1208 1204 municipum
1250 1155 1391 1190 tamen
1430 1146 1523 1188 iure
1555 1145 1622 1187 usi
1657 1145 1754 1195 sint,

206 1239 293 1267 non
322 1239 532 1281 negamus
561 1223 692 1280 idque
725 1237 778 1265 ex
808 1221 890 1264 alio
920 1221 1106 1276 quodam
1139 1236 1296 1277 genere
1329 1234 1423 1262 esse
1453 1217 1754 1274 intelligimus)

206 1322 263 1328 -——
292 1297 369 1338 sed
402 1297 438 1339 si
463 1296 560 1352 quis
592 1296 808 1352 duplicem
837 1294 953 1336 illam
984 1293 1314 1349 municipiorum
1341 1291 1547 1334 rationem
1579 1289 1755 1332 florente

206 1369 401 1412 libertate
431 1368 751 1425 deprehendere
775 1367 856 1409 sibi
877 1366 1087 1415 videatur,
1118 1365 1314 1407 maximis
1335 1362 1600 1420 argumentis
1618 1361 1756 1404 refelli

206 1441 375 1498 poterit.
421 1441 548 1484 Nunc
575 1456 672 1483 cum
695 1440 740 1482 in
764 1438 1030 1495 imperatoris
1049 1437 1284 1480 Domitiani
1311 1443 1446 1480 aetate
1473 1448 1756 1484 versaremur,

206 1514 416 1571 imprimis
458 1513 589 1556 Plinii
635 1512 928 1556 auctoritatem
973 1509 1230 1566 putabamus
1275 1524 1370 1552 esse
1418 1505 1756 1556 examinandam,

207 1587 367 1644 quippe
397 1586 471 1642 qui
501 1594 543 1628 et
571 1585 908 1642 Hispanicorum
934 1583 1089 1625 horum
1118 1588 1492 1624 monumentorum
1520 1593 1654 1635 prope
1685 1593 1756 1621 ae-

207 1659 346 1716 qualis
375 1659 530 1701 fuisset
552 1666 593 1700 et
615 1673 668 1700 ex
695 1656 967 1714 publicarum
996 1654 1239 1697 tabularum
1265 1653 1349 1695 fide
1374 1652 1567 1694 universi
1590 1650 1757 1708 imperii

208 1732 389 1776 Romani
430 1730 761 1786 descriptionem
804 1727 1083 1778 instituisset3
1127 1727 1456 1770 memineramus
1493 1724 1618 1766 etiam
1660 1738 1758 1765 eum

208 1806 253 1847 in
281 1805 376 1861 ipsa
405 1802 619 1860 Hispania
647 1801 884 1845 enarranda
911 1815 1066 1857 magna
1095 1815 1223 1842 usum
1264 1813 1358 1840 esse
1396 1796 1639 1852 diligentia,
1683 1794 1757 1850 qui

211 1878 246 1920 si
275 1876 556 1926 consentiret,
589 1889 767 1931 gravem
795 1889 932 1916 novae
962 1873 1148 1929 opinioni
1178 1869 1588 1914 commendationem
1618 1867 1757 1910 conci-

208 1949 317 1999 liari,
345 1949 409 1991 sin
436 1947 696 1997 dissentiret,
726 1962 778 1988 ne
802 1947 846 1988 in
866 1947 1036 1988 illorum
1058 1943 1404 2000 interpretatione
1426 1947 1612 1983 erratum
1630 1947 1758 1990 esset,

210 2022 484 2064 vehementer
514 2018 751 2062 verendum
781 2034 875 2062 esse
905 2017 1172 2060 videbamus.
1219 2014 1340 2069 Quid
1366 2014 1501 2069 igitur
1523 2012 1652 2055 habet
1667 2011 1758 2054 Pli-

210 2093 337 2136 nius?
389 2092 442 2134 In
470 2091 707 2148 Hispaniae
734 2091 935 2133 Baeticae
961 2089 1224 2132 enarratione
1256 2088 1361 2143 (nat.
1389 2085 1486 2128 hist.
1512 2083 1594 2133 ΙΠ,
1620 2084 1666 2138 7)
1697 2083 1758 2126 sic

211 2166 290 2209 ait:
339 2166 500 2219 Oppida
529 2166 668 2205 onmia
697 2177 869 2204 numero
900 2164 1054 2205 CLXX
1063 2164 1102 2212 V,
1141 2164 1186 2201 in
1219 2162 1271 2200 z’z's
1297 2160 1480 2200 coloniae
1508 2159 1586 2206 IX,
1623 2159 1759 2197 muni-

211 2241 320 2292 czpz'a
359 2240 463 2286 VIII,
494 2239 620 2278 Latio
651 2238 884 2288 antiquitus
913 2237 1069 2276 donata
1097 2236 1250 2282 XXIX,
1280 2231 1466 2271 libertate
1503 2231 1536 2270 V
1537 2231 1564 2278 I,
1582 2230 1760 2282 foedere

213 2313 286 2359 III,
311 2311 583 2363 stipendiaria
605 2310 728 2352 CXX.
779 2308 881 2363 Ipsa
910 2307 1015 2348 haec
1043 2319 1241 2361 magnam
1273 2301 1562 2358 suspicionem
1587 2313 1759 2342 movere

213 2382 384 2431 debent,
414 2388 463 2423 ut
491 2380 723 2437 municipia
752 2380 926 2422 diversa
953 2392 1047 2420 esse
1075 2391 1326 2419 censeamus
1357 2375 1410 2417 ab
1437 2373 1606 2430 oppidis
1634 2371 1759 2414 Latio

213 2454 447 2510 antiquitus
479 2453 645 2496 donatis
674 2453 702 2495 i.
732 2468 768 2495 e.
805 2451 858 2494 ab
894 2449 1063 2507 oppidis
1095 2448 1280 2498 Latinis3
1327 2462 1423 2489 nam
1452 2445 1644 2495 Plinius,
1685 2443 1759 2499 qui

213 2526 481 2583 imperatoris
513 2525 707 2581 Augusti
731 2523 1038 2579 Agrippaeque
1067 2520 1234 2562 tabulas
1268 2519 1460 2575 sequitur
1499 2525 1624 2573 atque
1660 2515 1758 2558 uni-

214 2613 363 2641 versae
401 2598 634 2650 Hispaniae
672 2595 946 2638 Latinitatem
987 2593 1040 2636 ab
1083 2592 1350 2648 Vespasiano
1393 2591 1535 2633 datam
1578 2602 1673 2631 esse
1713 2586 1759 2628 in

214 2678 403 2713 extrema
431 2670 717 2726 descriptione
745 2667 903 2721 adiicit,
931 2665 1166 2720 antiquitus
1196 2664 1350 2706 Latina
1378 2662 1482 2704 dicit
1510 2676 1560 2703 ea
1587 2658 1758 2716 oppida,

213 2758 323 2798 quae
354 2749 450 2785 ante
477 2742 791 2798 Vespasianum
825 2754 874 2782 eo
905 2738 997 2780 iure
1026 2738 1207 2786 fuerant,
1240 2736 1338 2778 dato
1362 2734 1461 2777 olim
1488 2733 1541 2775 ab
1558 2732 1758 2786 Augusto

213 2816 409 2866 maxime,
442 2821 541 2871 post
570 2814 692 2856 cuius
722 2820 912 2867 tempora
941 2809 1048 2852 nihil
1074 2808 1118 2849 in
1149 2807 1384 2863 Hispaniae
1415 2805 1664 2848 condicione
1693 2802 1758 2844 vi-

214 2887 340 2930 detur
368 2902 462 2930 esse
491 2893 722 2936 mutatum,
760 2898 900 2939 neque
930 2881 1159 2938 quicquam
1187 2879 1287 2922 hinc
1319 2878 1447 2922 debet
1476 2876 1641 2933 colligi,
1671 2889 1757 2931 quo
