1846 3100
588 141 643 172 De
671 138 786 172 Gallia
810 140 1043 172 Romanorum
1075 141 1259 183 provincia.
1642 141 1694 184 37

145 250 288 306 legem
313 250 564 292 voluissent.
625 248 899 305 Quamquam
933 248 977 290 in
1014 248 1095 291 hac
1125 251 1343 294 censoriae
1379 258 1421 293 et
1457 253 1695 296 consularis

144 321 366 379 potest-atis
394 322 694 364 coniunctione
714 321 917 363 maiorem
946 327 1087 364 tamen
1114 322 1200 364 vim
1230 322 1363 366 fuisse
1381 323 1564 367 arbitror
1593 341 1695 369 con-

147 394 326 445 sularis,
363 409 495 450 quare
535 408 634 436 cum
675 409 728 436 ex
765 392 1016 436 censoribus
1053 394 1152 435 anni
1187 395 1239 438 89
1279 396 1386 439 alter
1423 396 1694 450 decessisset,

145 467 252 509 alter
279 482 356 523 per
379 467 612 510 seditiones
635 466 784 509 civiles
811 466 1062 508 int-erfectus
1088 472 1214 516 esset,
1246 468 1384 510 omnis
1400 469 1695 513 faciendorum

145 539 305 581 civium
334 546 523 595 potestas
550 539 606 582 ad
644 538 842 581 consules
881 537 1049 581 transiit
1092 553 1227 594 eoque
1257 540 1420 596 magis,
1465 541 1582 597 quod
1609 557 1695 584 non

147 611 281 653 multo
310 618 409 667 post
441 626 625 654 censura
642 609 833 653 Sullanis
858 609 1030 666 legibus
1050 610 1222 653 omnino
1246 611 1414 655 sublata
1432 620 1509 656 est.
1545 615 1696 670 Itaque

144 689 187 725 et
227 683 412 726 Mariani
452 690 679 740 postquam
722 682 943 739 republica
977 683 1287 739 consulatuque
1321 685 1444 741 potiti
1480 694 1600 737 sunt,
1647 693 1696 729 ut

144 763 286 812 partes
311 771 412 799 suas
452 756 770 805 confirmarent,
812 754 1019 811 plurimos
1061 757 1241 812 populos
1278 757 1322 798 in
1362 758 1577 802 civitatem
1606 760 1695 803 Ro-

145 844 314 871 manam
343 828 460 870 nulla
491 843 602 870 nova
635 828 731 883 lege
772 827 1166 884 latareceperunt,
1209 836 1250 871 et
1291 845 1442 873 rursus
1473 830 1526 873 L.
1559 830 1694 883 Sulla,

144 900 215 943 cui
251 900 416 943 etiamsi
463 915 538 956 per
580 900 722 956 legem
759 899 975 942 Valeriam
1013 900 1067 942 de
1104 900 1316 944 dictatura
1357 917 1441 945 non
1488 903 1695 955 licuisset,

143 979 282 1015 tamen
311 988 387 1028 per
410 973 694 1022 consulatum,
721 987 846 1027 quem
876 988 987 1014 anno
1015 972 1069 1015 80
1098 972 1259 1024 habuit,
1289 974 1458 1026 licebat,
1499 983 1540 1018 et
1570 976 1695 1019 resti-

136 1052 234 1087 tuta
262 1060 373 1088 anno
403 1046 457 1088 70
486 1061 563 1102 per
593 1043 673 1087 Cn.
698 1045 953 1101 Pompeium
983 1060 1165 1088 censura
1198 1045 1252 1088 de
1290 1046 1438 1089 eadem
1476 1062 1522 1089 re
1551 1048 1694 1091 denuo

142 1124 285 1160 actum
316 1124 380 1160 est
410 1125 451 1160 et
481 1118 665 1173 denique
694 1132 805 1160 anno
836 1117 888 1160 49
928 1117 1112 1159 dictator
1142 1114 1322 1168 Caesar,
1359 1133 1456 1162 cum
1496 1135 1694 1164 censores

145 1190 363 1247 superiore
391 1205 502 1232 anno
530 1189 660 1232 creati
690 1190 775 1246 Ap.
809 1187 1021 1232 Claudius
1050 1189 1239 1232 Pulcher
1278 1198 1319 1232 et
1350 1191 1401 1234 L.
1431 1190 1694 1249 Calpurnius

145 1262 249 1304 Piso
279 1263 530 1316 magistratu
548 1262 753 1312 abissent,
786 1277 861 1319 pro
880 1262 1094 1304 consulari
1122 1269 1329 1318 potestate
1358 1264 1476 1306 nulla
1496 1265 1579 1307 alia
1597 1265 1694 1321 lege

148 1334 234 1377 lata
261 1335 368 1391 ipsis
402 1334 722 1391 Transpadanis
754 1334 967 1377 civitatem
998 1335 1162 1378 tribuit.

256 1408 317 1450 At
344 1408 457 1450 enim
483 1414 649 1464 praeter
678 1407 801 1456 hanc,
832 1407 886 1448 de
915 1421 999 1462 qua
1019 1407 1353 1463 disputavimus,
1382 1409 1524 1466 legem
1541 1409 1694 1452 Iuliam

144 1479 268 1522 etiam
312 1479 394 1522 alia
447 1479 501 1522 de
550 1479 720 1521 civitate
766 1480 849 1521 lata
893 1486 958 1521 est
1001 1495 1112 1522 anno
1154 1481 1206 1524 89
1249 1481 1419 1523 Plautia
1459 1482 1632 1539 Papiria
1671 1499 1695 1524 a

144 1551 207 1593 M.
230 1549 406 1594 *Plautio
435 1551 613 1593 Silvano
644 1558 686 1593 et
715 1548 764 1592 C.
794 1551 965 1606 Papirio
995 1550 1194 1595 Carbone
1225 1553 1410 1596 tribunis
1436 1554 1595 1610 plebis,
1640 1555 1695 1598 de

143 1624 268 1666 cuius
299 1631 488 1680 tempore
519 1639 618 1666 cum
645 1623 716 1665 alii
749 1624 829 1665 viri
868 1623 1008 1674 docti,
1046 1625 1163 1666 velut
1197 1623 1389 1667 Orellius
1430 1626 1474 1667 in
1506 1641 1695 1669 excursu

143 1696 198 1737 ad
214 1694 437 1738 Ciceronis
467 1696 701 1738 orationem
732 1711 809 1753 pro
834 1696 967 1739 Arch.
996 1696 1040 1738 in
1061 1694 1258 1739 Ciceron.
1290 1704 1393 1739 orat.
1427 1697 1570 1740 select.
1588 1698 1694 1749 XV,

146 1767 295 1810 Tui-ici
318 1768 437 1817 1836,
457 1783 496 1824 p.
517 1767 598 1810 459
618 1768 720 1810 satis
750 1775 866 1811 recte
894 1767 1155 1818 iudicarunt,
1185 1775 1276 1810 tum
1293 1770 1410 1811 Bart.
1426 1769 1694 1826 Borghesius

144 1839 187 1881 in
202 1840 358 1889 Diurn.
380 1839 543 1882 Arcad.
570 1841 669 1883 anni
688 1842 809 1891 1829,
837 1842 853 1882 1
887 1855 927 1896 p.
949 1841 1025 1882 115
1045 1855 1107 1896 sq.
1137 1856 1292 1897 magna
1324 1856 1422 1883 cum
1454 1842 1694 1885 eruditione

145 1911 362 1955 disseruit.
434 1913 543 1955 Eius
589 1920 783 1955 naturam
822 1913 875 1956 ab
920 1913 1017 1968 lege
1055 1912 1167 1955 Iulia
1199 1913 1411 1956 diversam
1449 1914 1584 1957 fuisse
1627 1915 1695 1958 vel

145 1986 250 2028 haec
279 2000 348 2027 res
378 1984 516 2035 docet,
533 1986 662 2040 quod
693 1986 746 2028 ab
773 1985 957 2028 tribunis
976 1985 1113 2042 plebis
1135 1985 1162 2026 i.
1179 2001 1213 2028 e.
1233 2001 1318 2028 non
1339 1994 1510 2029 auctore
1530 1994 1694 2038 senatu,

145 2057 218 2113 qui
248 2072 416 2100 omnem
451 2057 654 2099 maiorem
693 2057 991 2100 liberalitatem
1026 2058 1301 2113 prohibebat,
1338 2059 1414 2101 sed
1451 2075 1476 2101 a
1501 2059 1695 2115 populari

146 2129 330 2172 factione
356 2135 505 2185 rogata
533 2137 610 2171 est.
668 2129 941 2184 Quamquam
977 2145 1069 2171 eam
1109 2145 1194 2172 non
1224 2146 1423 2187 magnam
1451 2131 1588 2174 fuisse
1615 2145 1695 2174 nec

147 2202 281 2244 multa
309 2217 421 2244 nova
452 2201 644 2244 sanxisse
675 2201 870 2244 arbitror.
929 2200 1043 2243 Cum
1069 2202 1184 2244 enim
1211 2203 1322 2246 Iulia
1362 2204 1432 2246 lex
1463 2204 1606 2246 omnia
1634 2203 1694 2246 ci-

145 2273 324 2316 vitatum
344 2288 502 2330 genera
523 2274 916 2330 comprehenderet,
946 2274 1051 2329 quid
1070 2274 1239 2317 Plautia
1253 2275 1424 2332 Papiria
1444 2275 1696 2318 concederet

145 2345 356 2402 amplius?
416 2345 565 2387 Unum
591 2346 714 2389 affert
749 2344 902 2388 Cicero
933 2361 971 2401 p.
1006 2346 1139 2388 Arch.
1171 2347 1216 2396 4,
1249 2347 1274 2389 7
1311 2347 1387 2402 (cf.
1419 2347 1552 2389 schol.
1585 2347 1694 2389 Bob.

145 2433 188 2474 p.
205 2417 320 2472 353),
350 2423 397 2458 ut
417 2417 460 2467 ii,
492 2417 565 2472 qui
592 2418 823 2460 foederatis
852 2417 1097 2460 civitatibus
1125 2419 1299 2474 ascripti
1321 2418 1519 2468 fuissent,
1546 2419 1582 2461 si
1603 2425 1694 2460 tum

147 2504 246 2531 cum
273 2489 343 2531 lex
373 2490 570 2540 ferretur,
600 2490 865 2533 domicilium
894 2491 938 2532 in
965 2490 1089 2533 Italia
1113 2490 1366 2533 habuissent
1400 2496 1441 2531 et
1473 2490 1696 2546 sexaginta

147 2560 352 2616 proximis
384 2560 538 2604 diebus
568 2563 682 2618 apud
709 2570 948 2620 praetorem
976 2563 1138 2605 Romae
1166 2562 1350 2619 professi
1381 2568 1538 2612 essent,
1577 2562 1693 2605 cives

145 2632 327 2675 Romani
351 2632 514 2675 fierent.
574 2632 784 2691 Suspicor
811 2635 937 2677 etiam
971 2635 1107 2678 fuisse
1131 2635 1178 2676 'in
1205 2650 1268 2685 ea,
1302 2635 1337 2677 si
1373 2634 1447 2689 qui
1474 2649 1558 2676 non
1589 2634 1694 2676 civi-

146 2710 230 2747 tate
256 2703 318 2746 illi
343 2703 539 2759 quidem,
570 2706 647 2748 sed
676 2707 864 2763 praemio
894 2714 1035 2749 tamen
1064 2707 1186 2764 digni
1217 2721 1312 2749 esse
1344 2706 1615 2756 viderentur,
1646 2712 1695 2749 ut

146 2776 296 2819 liceret
315 2776 368 2819 iis
384 2775 660 2820 Latinitatem
676 2778 769 2820 dari
785 2777 837 2820 ab
860 2779 1029 2830 iisdem,
1058 2778 1215 2835 quibus
1239 2777 1422 2821 civitatis
1440 2776 1694 2822 tribuendae

146 2846 216 2890 ius
249 2855 385 2898 esset3
419 2849 494 2891 sed
526 2849 630 2891 certi
656 2849 763 2892 nihil
790 2850 968 2901 affirmo,
998 2851 1209 2907 siquidem
1235 2850 1358 2893 etiam
1374 2848 1486 2892 Iulia
1511 2848 1582 2892 lex
1611 2850 1694 2893 tale
