1846 3100
186 143 267 186 344
602 146 658 178 De
686 145 932 188 propagatione
959 144 1104 178 civitatis
1128 145 1315 179 Romanae.

296 256 389 298 Iam
419 262 516 299 ante
544 255 686 311 legem
719 253 889 304 Iuliam,
922 253 958 295 si
992 252 1045 295 ab
1077 254 1320 312 municipiis
1355 263 1396 299 et
1426 258 1604 302 coloniis
1634 273 1734 302 vore

184 328 390 371 Romanis
419 328 591 370 interim
619 326 907 376 discedamus,
942 325 1030 367 duo
1060 326 1280 370 hominum
1312 331 1381 372 vel
1407 330 1627 374 civitatum
1658 345 1733 386 ge-

184 415 286 443 nera
323 401 367 442 in
406 401 530 443 Italia
561 406 692 450 erant,
730 413 866 440 unum
901 412 1060 448 earum,
1102 414 1211 454 quae
1241 400 1475 446 Latinitate
1505 401 1735 445 utebantur

184 487 425 528 nomenque
455 472 661 514 Latinum
696 469 952 520 efficiebant,
986 469 1167 513 alterum
1196 486 1355 525 earum,
1386 489 1494 530 quae
1523 474 1618 516 aliis
1648 473 1734 516 foe-

186 544 361 587 deribus
408 559 505 586 cum
537 543 717 600 imperio
756 542 949 584 Romano
982 542 1234 586 coniunctae
1267 547 1483 588 communi
1523 546 1736 590 sociorum

183 617 354 660 nomine
386 615 871 673 comprehendebantur.
911 613 1208 671 Utrorumque
1226 616 1360 673 igitur
1385 618 1454 661 ius
1475 619 1599 674 quale
1618 619 1735 662 erat?

186 690 284 732 Non
314 689 509 732 dicemus
541 689 595 730 de
623 687 838 730 connubio
873 692 915 728 et
947 687 1215 738 commercio,
1245 690 1359 746 quod
1389 697 1534 733 utrum
1567 691 1735 734 Latinis

184 762 316 805 fuerit
346 776 494 812 necne,
531 774 790 817 magnopere
828 758 909 800 viri
942 758 1058 800 docti
1095 759 1366 812 dissentiunt,
1407 762 1482 805 sed
1513 762 1735 819 publicum

187 841 351 877 tantum
381 834 450 876 ius
488 832 781 881 tractabimus,
819 844 903 885 quo
935 837 983 871 ut
1015 831 1307 875 contineamur
1341 834 1410 877 ius
1449 835 1672 885 honorum,
1711 851 1738 878 a

185 921 270 963 quo
300 906 534 963 disputatio
561 913 710 947 nostra
734 903 926 959 profecta
957 911 1035 954 est,
1066 905 1230 946 suadet.
1274 904 1344 948 Ac
1365 906 1418 948 de
1446 907 1616 951 Latinis
1641 907 1736 963 qui-

184 979 283 1021 dem
324 994 455 1021 unam
497 992 602 1027 rem,
645 990 754 1032 quae
797 975 852 1017 ad
894 989 1042 1017 eorum
1083 977 1152 1019 ius
1193 979 1414 1034 pertineat,
1459 980 1735 1037 exposuimus

185 1067 316 1108 supra
352 1067 394 1108 p.
418 1050 495 1093 291
539 1050 583 1091 in
622 1047 925 1092 commentario
969 1047 1023 1089 de
1058 1048 1214 1092 tabulis
1246 1050 1511 1108 Hispanicis,
1551 1052 1627 1095 ubi
1654 1052 1736 1095 hoc

186 1124 240 1167 iis
274 1124 424 1166 datum
455 1137 550 1165 esse
585 1121 823 1170 docuimus,
857 1126 917 1169 ut,
958 1120 995 1162 si
1027 1120 1209 1164 Romam
1237 1123 1388 1166 urbem
1417 1124 1662 1175 incolerent,
1692 1125 1737 1167 in

186 1213 274 1239 una
300 1196 353 1238 iis
384 1195 499 1237 tribu
530 1202 627 1236 ante
658 1192 865 1248 suffragia
892 1191 946 1235 ab
980 1207 1030 1235 eo
1063 1193 1137 1248 qui
1163 1194 1343 1238 comitiis
1373 1204 1604 1253 praeesset,
1625 1206 1737 1240 sorte

188 1270 319 1312 ducta
355 1267 611 1324 suffragium
648 1267 759 1308 ferre
797 1265 956 1307 liceret.
1021 1263 1235 1307 Carebant
1268 1267 1403 1323 igitur
1437 1283 1523 1310 non
1559 1284 1735 1325 prorsus

187 1340 382 1397 suffragii
426 1341 518 1382 iure
560 1338 724 1388 Latini,
770 1337 847 1380 sed
886 1337 946 1378 ita
989 1335 1216 1387 habebant,
1259 1346 1306 1380 ut
1348 1339 1545 1383 voluntas
1589 1356 1736 1385 eorum

187 1422 534 1470 cognosceretur,
562 1411 607 1452 in
634 1409 855 1466 republica
882 1408 989 1450 nihil
1025 1408 1237 1460 valerent3
1267 1426 1400 1467 quare
1427 1427 1535 1456 usus
1566 1413 1738 1456 dicendi

184 1487 252 1528 hic
293 1492 371 1535 est,
409 1491 457 1527 ut
494 1483 775 1527 communiter
813 1481 958 1523 Latini
1002 1496 1143 1524 carere
1185 1483 1389 1540 suffragio
1425 1484 1622 1528 dicantur
1657 1501 1738 1530 nec

186 1559 416 1615 quisquam
453 1572 645 1613 unquam
675 1562 869 1599 veterum
907 1559 1129 1596 auctorum
1159 1555 1240 1597 hoc
1275 1556 1391 1610 quod
1422 1572 1549 1600 unam
1580 1558 1738 1602 tribum

184 1630 412 1681 habebant,
455 1631 515 1672 ita
554 1630 858 1685 interpretatus
893 1633 971 1676 est,
1003 1632 1052 1667 ut
1091 1626 1145 1669 iis
1183 1627 1252 1669 ius
1293 1628 1487 1686 suffragii
1519 1629 1737 1674 tribueret.

186 1703 461 1759 Quamquam
490 1717 618 1758 quam
648 1715 782 1757 prope
821 1699 1037 1742 civitatem
1068 1699 1230 1741 fuerint
1269 1709 1442 1757 apparet
1471 1717 1550 1745 nec
1579 1703 1736 1746 mirum

185 1776 324 1819 videri
357 1775 485 1818 debet
520 1774 615 1825 hoc,
647 1773 765 1829 quod
797 1771 953 1813 Livius
988 1770 1116 1821 XLI,
1147 1771 1172 1814 8
1203 1780 1359 1815 narrat.
1417 1774 1589 1817 Etenim
1626 1790 1738 1818 anno

194 1850 267 1892 177
297 1864 333 1890 a.
357 1846 461 1890 Chr.
490 1847 746 1889 Latinorum
772 1843 968 1900 querelas
996 1843 1114 1899 apud
1142 1851 1337 1887 senatum
1361 1845 1602 1890 Romanum
1622 1862 1736 1890 com-

186 1936 425 1964 memorans
454 1920 593 1974 legem
623 1918 759 1961 fuisse
792 1917 863 1966 ait,
894 1922 955 1966 ut,
986 1917 1060 1971 qui
1088 1915 1233 1958 Latini
1263 1918 1439 1975 stirpem
1468 1934 1522 1962 ex
1552 1935 1598 1963 se
1621 1920 1738 1963 domi

186 1994 488 2049 relinquerent,
520 1993 572 2034 iis
604 1991 820 2034 civitatem
838 1989 1076 2031 Romanam
1103 1990 1304 2044 consequi
1318 1991 1478 2034 liceret.
1524 1991 1737 2035 Nimirum

188 2083 242 2109 ex
273 2065 450 2108 coloniis
477 2064 646 2106 Latinis
673 2065 791 2119 (nam
820 2075 893 2103 eae
924 2061 1013 2102 fere
1037 2060 1152 2103 solae
1181 2068 1284 2105 tunc
1311 2078 1364 2106 ex
1387 2064 1556 2114 nomine
1580 2064 1736 2107 Latino

187 2139 382 2181 nondum
417 2138 460 2179 in
505 2136 720 2179 civitatem
754 2134 991 2176 Romanam
1032 2133 1306 2190 transierant)
1346 2135 1519 2192 plurimi
1556 2137 1738 2180 Romam

189 2211 432 2267 migrabant
462 2215 504 2251 et
530 2207 731 2265 quoniam
759 2207 830 2248 lex
850 2204 992 2256 dabat,
1020 2211 1068 2247 ut
1096 2204 1132 2247 si
1162 2205 1298 2248 filium
1328 2209 1382 2250 ad
1414 2215 1570 2252 sortem
1593 2210 1735 2252 colen-

187 2284 286 2325 dam
322 2296 536 2337 oneraque
578 2279 767 2323 coloniae
803 2278 983 2321 ferenda
1013 2277 1129 2319 domi
1163 2278 1450 2334 reliquissent,
1491 2295 1589 2323 cum
1619 2281 1736 2324 varia

185 2354 339 2398 fraude
380 2361 422 2396 et
462 2353 609 2410 populi
649 2351 844 2401 Romani,
887 2350 957 2392 cui
997 2349 1135 2400 cives,
1169 2365 1277 2406 quos
1311 2353 1482 2409 legibus
1524 2368 1619 2396 esse
1648 2367 1734 2396 non

185 2427 346 2477 liceret,
376 2425 668 2475 obtruderent,
697 2431 738 2466 et
756 2423 1032 2473 coloniarum,
1051 2422 1209 2478 quibus
1229 2424 1401 2467 colonos
1422 2424 1733 2476 subtraherent,

187 2499 442 2549 efficiebant,
477 2506 525 2540 ut
554 2498 599 2540 in
627 2496 734 2539 urbe
769 2496 885 2539 censi
915 2495 1076 2537 tribum
1111 2495 1353 2552 acciperent
1381 2496 1524 2553 itaque
1555 2497 1599 2539 in
1629 2497 1733 2540 civi-

188 2579 318 2614 tatem
344 2571 582 2613 Romanam
606 2570 745 2626 ipsam
770 2569 1018 2625 irreperent.

297 2643 350 2684 In
389 2658 474 2699 quo
511 2642 697 2699 primum
734 2640 993 2683 minuendus
1034 2645 1099 2680 est
1138 2653 1268 2691 error,
1299 2641 1372 2696 qui
1413 2656 1550 2698 nuper
1585 2641 1732 2684 induci

187 2722 364 2771 coeptus
404 2722 487 2765 est,
528 2729 615 2756 non
653 2713 906 2756 Latinorum
943 2711 1052 2755 illud
1092 2711 1160 2753 ius
1197 2713 1418 2769 proprium
1457 2714 1615 2764 fuisse,
1655 2713 1731 2757 sed

185 2787 373 2829 omnium
405 2787 619 2830 sociorum
644 2785 891 2827 Italicorum
922 2798 1158 2827 commune.
1202 2784 1335 2839 Quod
1359 2786 1455 2841 quis
1480 2793 1621 2843 potest
1638 2800 1730 2828 cre-

186 2858 315 2900 dere?
372 2858 613 2902 Maximum
645 2857 758 2900 enim
791 2857 886 2909 hoc,
921 2857 1085 2915 opinor,
1118 2857 1186 2900 ius
1224 2866 1314 2901 erat
1345 2858 1609 2909 Latinorum,
1644 2872 1729 2915 quo
