1846 3100
553 153 607 184 De
631 153 806 185 dictatoris
831 151 988 185 Caesaris
1012 151 1208 184 honoribus.
1573 149 1655 192 245

108 264 265 307 habitis
294 263 474 307 comitiis
505 261 678 313 Caesar,
711 262 907 318 quamvis
937 261 975 302 ei
1003 267 1190 316 potestas
1222 260 1517 302 faciendorum
1547 275 1655 315 quos

109 337 249 387 vellet,
279 336 609 393 magistratuum
636 334 734 377 data
763 341 900 384 esset,
937 339 1152 390 praetores
1181 347 1324 375 creare
1353 333 1513 388 potuit3
1557 349 1656 375 nam

110 415 223 451 certe
251 408 419 451 sublata
449 422 533 449 non
565 414 664 449 sunt
692 406 786 462 ipsa
811 405 978 448 comitia
997 412 1123 460 atque
1147 405 1229 447 hoc
1248 412 1413 447 tantum
1436 405 1475 447 ei
1494 405 1655 456 datum,

107 488 156 522 ut
185 495 292 536 quos
322 480 523 536 elegisset
550 493 600 520 ac
629 478 751 534 quasi
780 478 1074 534 designasset,
1117 476 1146 518 ii
1180 476 1334 519 deinde
1364 485 1508 520 vetere
1538 493 1656 520 more

109 553 291 596 comitiis
332 552 695 595 confirmarentur.
762 549 908 603 Quare
939 549 1006 591 bis
1037 549 1092 591 ad
1124 548 1353 592 Caesarem
1383 550 1552 592 comitia
1580 550 1656 593 de-

107 626 192 668 lata
230 639 325 667 esse
364 624 550 680 reperio,
595 622 726 665 semel
766 637 878 664 anno
909 621 961 664 48
1000 629 1098 677 post
1138 636 1329 678 pugnam
1366 621 1657 664 Pharsalicam

109 697 215 750 (Dio
239 696 399 746 XLII,
430 696 527 747 20),
569 702 660 736 tum
691 709 802 737 anno
834 695 886 736 45
917 701 1012 750 post
1040 693 1201 736 bellum
1232 693 1522 749 Hispaniense
1551 695 1657 749 (Dio

107 768 292 818 XLIII,
324 768 417 822 45),
459 782 556 809 cum
596 766 891 822 comprehensi
932 773 1032 808 sunt
1068 766 1192 808 etiam
1229 765 1390 808 tribuni
1427 773 1469 807 et
1497 766 1656 808 aediles

109 840 284 898 plebeii,
314 840 390 882 sed
419 839 590 882 comitia
619 846 758 881 tamen
787 838 986 881 omnibus
1016 839 1160 888 annis,
1192 838 1349 894 quibus
1381 839 1656 894 magistratus

109 913 210 956 facti
242 919 354 963 sunt,
382 913 460 954 rite
486 912 629 954 habita
655 911 741 952 Dio
769 919 1085 954 commemorat.
1134 909 1359 953 Constabit
1386 911 1520 967 igitur
1546 926 1657 953 anno

110 986 161 1028 45
191 987 363 1028 ineunte
391 985 529 1027 nullos
559 985 693 1026 fuisse
714 984 876 1026 Romae
906 983 1183 1040 magistratus
1216 983 1411 1033 curules3
1442 999 1539 1025 nam
1566 984 1656 1040 ple-

107 1059 226 1102 beios
267 1073 321 1101 ne
363 1064 453 1099 tum
489 1057 664 1113 quidem
705 1057 886 1099 omissos
924 1071 1019 1098 esse
1059 1053 1293 1098 Suetonius
1335 1062 1527 1098 testatur.
1596 1056 1657 1098 At

109 1138 290 1173 exeunte
317 1146 428 1173 anno
452 1131 503 1172 45
531 1145 629 1172 cum
652 1127 814 1171 Caesar
841 1143 893 1170 ex
912 1128 1124 1184 Hispania
1149 1129 1409 1178 revertisset,
1436 1143 1522 1184 quo
1549 1136 1656 1170 tem-

107 1218 211 1260 pore
241 1203 440 1246 consules
469 1210 634 1245 creatos
666 1216 761 1244 esse
794 1207 959 1243 constat
976 1200 1019 1241 in
1039 1207 1125 1242 tres
1144 1200 1403 1242 novissimos
1422 1201 1519 1242 anni
1538 1215 1658 1242 men-

111 1291 194 1326 ses,
222 1291 325 1317 num
346 1276 473 1317 etiam
489 1281 704 1331 praetores
723 1280 1056 1329 quaestoresque
1077 1272 1176 1314 facti
1199 1280 1311 1322 sunt,
1337 1280 1385 1314 ut
1403 1288 1555 1323 annus,
1584 1272 1658 1328 qui

108 1348 238 1390 nullis
270 1347 589 1403 magistratibus
623 1353 800 1402 coeptus
831 1352 958 1395 esset,
989 1345 1164 1387 eosdem
1196 1352 1338 1386 tamen
1370 1360 1476 1400 quos
1506 1345 1659 1400 reliqui

109 1421 384 1477 magistratus
407 1418 611 1461 haberet?
654 1418 871 1460 Videntur
898 1432 1021 1467 sane3
1052 1433 1150 1458 nam
1177 1417 1364 1473 primum
1383 1417 1470 1459 Dio
1484 1417 1658 1467 XLIII,

110 1493 163 1536 48
203 1508 278 1548 per
313 1492 549 1535 absentiam
579 1488 776 1533 Caesaris
816 1491 877 1542 (ἐν
914 1493 964 1545 τῇ
996 1490 1207 1544 ἀποδημίᾳ
1241 1488 1292 1545 τῇ
1325 1493 1396 1530 τοῦ
1429 1488 1657 1546 Καίσαρος)

109 1566 167 1608 ait
202 1566 442 1622 praefectos
475 1563 626 1605 urbem
666 1563 853 1612 rexisse,
894 1569 941 1604 ut
972 1577 1123 1604 rursus
1155 1567 1380 1618 praesente
1413 1576 1461 1603 eo
1492 1568 1659 1604 veteres

110 1638 386 1695 magistratus
424 1636 558 1678 fuisse
590 1634 825 1677 debeamus
858 1634 1079 1690 colligere3
1122 1634 1223 1675 item
1253 1634 1368 1675 idem
1400 1648 1434 1676 c.
1467 1634 1518 1677 47
1548 1648 1660 1676 anno

111 1711 163 1753 45
191 1708 532 1766 quattuordecim
562 1715 776 1764 praetores
805 1707 940 1749 fuisse
969 1707 1039 1757 ait,
1070 1713 1111 1748 at
1135 1721 1170 1748 c.
1192 1706 1242 1749 49
1268 1721 1379 1748 anno
1397 1706 1450 1749 44
1472 1705 1660 1748 sedecim

111 1790 341 1839 praetores,
374 1796 426 1823 ex
454 1796 540 1836 qua
565 1779 731 1821 numeri
766 1779 1014 1821 diversitate
1046 1778 1151 1820 alios
1183 1793 1294 1820 anno
1321 1778 1388 1828 44,
1419 1778 1523 1820 alios
1549 1792 1660 1820 anno

112 1855 163 1898 45
194 1854 469 1910 magistratus
497 1853 633 1895 factos
663 1867 757 1893 esse
785 1851 1080 1906 intelligimus.
1147 1849 1367 1905 Sequitur,
1395 1857 1444 1891 ut
1471 1864 1581 1892 anno
1606 1849 1658 1891 45

112 1925 274 1983 Caesar
308 1933 532 1982 postquam
571 1924 767 1974 revertit,
810 1923 1036 1965 consulatu
1077 1930 1228 1978 quarto
1266 1928 1438 1978 propter
1466 1922 1560 1978 ipsa
1588 1936 1660 1964 co-

112 2000 243 2050 mitia,
273 2006 320 2041 ut
351 1998 517 2055 opinor,
550 1997 655 2039 inito
684 2011 769 2038 non
800 1996 942 2037 minus
975 2003 1192 2051 praetores
1224 2003 1264 2035 ct
1293 1993 1453 2036 aediles
1489 1994 1660 2036 curules

113 2079 154 2115 et
173 2079 419 2127 quaestores
445 2085 574 2126 quam
601 2068 811 2118 consules,
828 2083 1010 2123 quorum
1029 2067 1201 2109 nomina
1216 2066 1259 2108 in
1278 2066 1398 2108 fastis
1416 2066 1658 2116 traduntur,

113 2144 241 2186 creati
261 2144 358 2194 sint,
379 2141 698 2196 Suetoniusque
716 2140 834 2196 quod
851 2140 909 2182 ait
927 2141 1055 2180 medlo
1074 2139 1186 2181 inter
1202 2138 1470 2181 consulatum
1492 2141 1659 2179 tertium

113 2224 155 2259 et
184 2223 378 2270 quartum
410 2223 597 2271 tempore
628 2212 746 2255 nulla
775 2211 947 2254 comitia
974 2211 1118 2254 habita
1145 2226 1254 2260 esse,
1287 2211 1341 2252 sit
1374 2210 1660 2252 verissimum.

228 2288 350 2330 Haec
379 2301 487 2342 quae
515 2286 569 2328 de
595 2285 820 2342 praefectis
847 2283 1177 2340 disputavimus,
1209 2282 1512 2325 confirmantur
1538 2296 1661 2338 pror-

116 2376 190 2403 sus
217 2373 490 2402 nummorum
521 2357 739 2408 memoria,
767 2372 950 2412 quorum
979 2370 1059 2412 ope
1085 2356 1211 2398 etiam
1241 2354 1462 2410 contingit,
1489 2359 1538 2394 ut
1554 2367 1661 2408 quo-

114 2433 297 2475 rundam
336 2447 389 2474 ex
428 2431 496 2473 his
534 2430 763 2487 praefectis
804 2429 977 2471 nomina
1012 2442 1337 2484 cognoscamus.
1402 2424 1514 2468 Sunt
1550 2424 1661 2466 enim

115 2504 279 2547 nummi
315 2503 432 2559 apud
472 2502 652 2545 Eckhel.
687 2502 753 2544 VI
787 2517 828 2558 p.
859 2502 893 2544 7*
920 2500 996 2553 (V.
1036 2515 1078 2556 p.
1105 2499 1230 2552 257),
1282 2498 1325 2539 in
1364 2497 1523 2552 quibus
1564 2510 1661 2538 cum

117 2575 168 2619 C·
188 2574 362 2618 CAES-
393 2571 513 2616 DIC-
542 2573 674 2615 TER·
705 2573 980 2629 coniungitur
1010 2572 1062 2613 L·
1093 2567 1391 2613 PLANCVS·
1421 2567 1511 2610 PR·
1540 2567 1662 2609 VRB

119 2648 209 2691 sive
235 2644 448 2689 PRAEF-
477 2644 627 2694 VRB·‚
656 2652 704 2687 ut
731 2644 912 2687 dubium
939 2658 1034 2686 esse
1064 2656 1149 2683 non
1177 2642 1326 2698 possit,
1354 2640 1456 2695 quin
1482 2639 1535 2681 L.
1559 2638 1663 2679 Mu-

117 2719 259 2762 natius
290 2719 499 2767 Plancus,
536 2717 608 2759 ille
637 2718 711 2772 qui
740 2717 975 2775 imperante
1003 2715 1206 2771 Augusto
1245 2713 1444 2769 princeps
1480 2709 1663 2753 civitatis

120 2791 220 2841 fuit,
264 2790 442 2833 dicatur.
510 2787 600 2832 Alii
630 2790 792 2832 nummi
821 2789 937 2845 apud
967 2786 1147 2830 Eckhel.
1175 2785 1239 2828 VI
1270 2799 1312 2841 p.
1339 2784 1386 2833 8,
1430 2783 1475 2824 in
1505 2781 1664 2838 quibus

44 2920 49 2927 ι
123 2869 278 2919 quarta
306 2861 506 2905 Caesaris
537 2861 748 2904 dictatura
778 2875 876 2903 cum
907 2860 1059 2902 eodem
1087 2858 1140 2900 L.
1170 2855 1320 2900 Planci
1354 2854 1515 2897 honore
1551 2868 1665 2896 com-
