1846 3100
570 173 624 205 De
653 171 766 206 Gallia
786 172 1019 204 Romanorum
1046 172 1232 214 provincia.
1627 170 1678 213 13

128 283 324 340 πολέμιον
354 282 473 325 οὐδὲν
502 281 845 338 ἀποδεδειγμένον
878 279 965 336 εἶχε
989 304 1046 311 -
1068 281 1134 322 καὶ
1150 281 1390 327 Σαλασσοὺς
1408 281 1595 327 Γαλάτας
1625 283 1678 338 μὴ

131 355 456 411 ἐγκαλουμένους
481 372 516 397 τι
548 354 833 409 ἐξεπολέμωσε
866 351 1203 408 τοῖς-Ῥωμαίοις.
1256 352 1428 407 Quodsi
1458 353 1540 397 hoc
1568 369 1679 396 anno

132 427 275 471 Gallia
288 427 481 470 nondum
500 427 582 469 fuit
606 425 837 482 provincia,
861 432 974 468 certe
991 426 1282 481 quinquennio
1302 426 1418 482 quod
1440 426 1681 482 insequitur

129 515 215 542 non
244 500 383 556 magis
410 515 505 542 esse
534 499 686 556 potuit.
745 498 857 541 Nam
888 513 986 540 cum
1022 498 1066 539 in
1101 498 1315 554 Hispania
1344 513 1476 554 grave
1504 498 1680 550 bellum,

131 571 247 628 quod
274 571 427 614 annuis
454 571 758 627 imperatorum
781 569 948 613 vicibus
979 585 1065 612 non
1091 577 1205 612 recte
1236 570 1525 614 administrari
1552 586 1681 627 posse

132 643 372 694 videretur,
403 643 648 693 exarsisset,
683 643 744 684 sic
775 642 1018 684 institutum
1050 649 1137 692 est,
1176 649 1225 684 ut
1249 649 1428 697 utraque
1460 643 1683 699 provincia

131 721 173 759 et
201 715 439 758 consularis
461 722 575 758 esset
605 723 646 757 et
666 730 744 771 per
770 714 991 757 biennium
1013 730 1038 757 a
1057 714 1384 771 proconsulibus
1405 714 1681 758 obtineretur.

133 786 280 842 Quare
308 787 382 843 qui
415 787 653 830 citeriorem
679 787 934 843 Hispaniam
963 801 1074 829 anno
1109 786 1185 828 143
1218 787 1392 829 sortitus
1415 794 1480 830 est
1511 787 1566 841 Q.
1586 788 1682 830 Me-

132 860 282 911 tellus,
321 860 437 902 idem
475 874 585 902 anno
631 859 709 903 142
742 860 901 910 tenuit,
948 866 1046 916 post
1078 873 1176 901 eum
1209 858 1264 912 Q.
1294 859 1549 916 Pompeius,
1596 875 1682 903 cos.

133 933 232 976 anni
265 933 357 984 141,
388 939 480 974 tum
512 932 574 974 M.
600 932 811 989 Popillius
842 931 1026 980 Laenas,
1058 946 1144 973 cos.
1175 931 1274 973 anni
1307 931 1405 982 1393
1438 933 1683 976 ulteriorem

131 1004 281 1048 habuit
309 1005 365 1060 Q.
395 1004 558 1047 Fabius
599 1003 866 1047 Servilianus
903 1004 1024 1046 annis
1063 1003 1141 1046 142
1170 1010 1211 1045 et
1248 1003 1346 1053 141,
1388 1004 1442 1058 Q.
1472 1003 1682 1049 Servilius

136 1075 298 1134 Caepio
324 1076 376 1120 ab
409 1092 520 1119 anno
554 1077 646 1127 140,
682 1077 739 1118 D.
770 1077 922 1119 Iunius
955 1077 1133 1127 Brutus,
1169 1090 1256 1118 cos.
1287 1076 1386 1119 anni
1422 1077 1512 1120 138.
1571 1078 1682 1120 Toto

132 1149 215 1192 hoc
242 1156 431 1206 tempore
461 1164 570 1205 quae
598 1149 859 1205 reliquarum
889 1149 1208 1206 provinciarum
1237 1149 1393 1191 divisio
1425 1150 1567 1201 fuerit,
1598 1165 1685 1192 non

137 1221 310 1264 difficile
340 1229 405 1264 est
434 1221 577 1264 dictu:
619 1222 830 1278 siquidem
861 1229 1064 1277 quattuor
1093 1228 1308 1278 praetores
1340 1221 1557 1273 Africam,
1586 1223 1684 1266 Ma-

133 1293 370 1343 cedoniam,
403 1291 607 1345 Siciliam,
644 1293 887 1337 Sardiniam
914 1293 1193 1350 accipiebant,
1230 1293 1302 1348 qui
1333 1293 1685 1349 relinquebantur

134 1365 243 1416 duo,
282 1364 468 1408 urbanas
498 1365 816 1409 iurisdictiones
827 1382 838 1417 ;
890 1366 1034 1409 Gallia
1070 1366 1246 1422 quidem
1283 1365 1384 1408 latet
1425 1366 1505 1408 sub
1536 1366 1711 1410 Italiae

134 1437 328 1488 nomine,
359 1452 486 1493 quam
516 1437 622 1479 alter
651 1439 876 1481 consulum
907 1437 1245 1482 administrabat.
1301 1437 1452 1494 Neque
1481 1438 1685 1496 deinceps

134 1509 448 1567 provinciarum
495 1509 740 1552 distributio
784 1512 915 1554 ullam
953 1511 1081 1555 habet
1125 1512 1435 1554 difficultatem.
1488 1511 1597 1554 Nam
1627 1512 1686 1555 D.

134 1582 288 1625 Iunius
317 1582 362 1623 in
380 1581 592 1638 Hispania
616 1582 818 1625 ulteriore
847 1584 1074 1640 imperium
1100 1585 1273 1627 retinuit
1292 1599 1431 1640 usque
1452 1584 1508 1626 ad
1525 1600 1685 1627 annum

140 1654 217 1698 133
256 1671 292 1697 a.
327 1651 453 1705 Chr.,
494 1669 580 1710 quo
624 1670 722 1697 eum
765 1656 1050 1713 triumphasse
1090 1665 1130 1698 et
1163 1672 1215 1699 ex
1246 1654 1362 1713 App.
1390 1656 1518 1713 Hisp.
1553 1671 1588 1699 c.
1618 1657 1686 1708 99,

137 1727 211 1783 qui
256 1726 456 1769 victorias
498 1727 590 1769 eius
637 1734 734 1770 ante
776 1729 992 1786 Scipionis
1039 1729 1240 1771 victorias
1291 1728 1491 1779 collocat,
1543 1735 1586 1770 et
1630 1744 1684 1771 ex

140 1800 322 1856 Eutrop.
338 1798 418 1850 IV,
441 1799 503 1849 19,
535 1799 609 1855 qui
640 1799 741 1842 item
768 1800 859 1843 eius
891 1800 1169 1858 triumphum,
1198 1801 1365 1857 colligo.
1409 1799 1555 1854 Quare
1587 1815 1686 1842 cum

132 1871 378 1928 'Hispaniae
415 1870 598 1913 citeriori
625 1871 823 1929 belloque
848 1874 1108 1916 Numantino
1138 1888 1248 1916 anno
1281 1873 1356 1916 137
1393 1870 1443 1914 C.
1473 1872 1688 1916 Hostilius

140 1943 370 1986 Mancinus
400 1951 442 1985 et
471 1944 533 1986 M.
564 1944 777 1988 Aemilius
807 1946 1002 2002 Lepidus
1032 1961 1117 1988 cos.
1153 1945 1272 2000 (Liv.
1308 1945 1408 2001 epit.
1437 1944 1542 1995 LV3
1571 1945 1687 2002 App.

138 2015 267 2072 Hisp.
288 2030 324 2057 c.
341 2015 430 2070 80),
452 2031 563 2058 anno
583 2017 660 2060 136
675 2017 726 2059 P.
746 2018 906 2060 Furius
924 2018 1076 2061 Philus
1093 2033 1178 2060 cos.
1198 2017 1312 2071 (Val.
1328 2017 1447 2059 MaX.
1466 2017 1547 2067 III,
1570 2017 1609 2068 7,
1627 2017 1687 2072 5),

140 2102 251 2131 anno
281 2087 358 2130 135
390 2086 447 2141 Q.
466 2085 729 2145 Calpurnius
758 2090 861 2132 Piso
889 2105 974 2132 eos.
1003 2088 1138 2147 (App.
1169 2090 1295 2146 Hisp.
1325 2105 1360 2132 c.
1379 2089 1468 2144 63),
1497 2089 1550 2132 ab
1576 2105 1687 2132 anno

144 2159 220 2202 134
250 2174 328 2216 per
362 2159 594 2202 triennium
627 2161 677 2203 P.
707 2159 854 2218 Scipio
883 2161 1118 2204 Africanus
1151 2161 1269 2217 (Liv.
1301 2161 1398 2218 epit.
1428 2161 1562 2212 LIX;
1594 2159 1686 2204 Cic.

138 2231 250 2274 Phil.
277 2231 364 2282 XI,
395 2232 440 2282 83
471 2232 585 2289 App.
617 2233 744 2290 Hisp.
773 2248 808 2277 c.
825 2233 899 2289 98)
924 2241 1184 2290 praeessent,
1214 2240 1415 2290 quattuor
1438 2233 1566 2276 modo
1591 2248 1687 2290 pro-

138 2303 316 2353 vinciae,
348 2318 454 2359 quas
481 2312 699 2360 praetores
730 2305 963 2362 aequaliter
991 2313 1201 2363 regerent,
1238 2312 1501 2362 supererant.
1543 2306 1688 2362 Atque

141 2377 224 2418 hoc
265 2382 453 2431 tempore
492 2384 591 2418 sunt
629 2378 756 2421 etiam
789 2379 1001 2434 quaedam
1037 2378 1155 2421 haud
1188 2377 1320 2420 dubia
1356 2376 1534 2427 indicia,
1577 2391 1687 2433 quae

140 2446 326 2491 Galliam
365 2447 629 2506 Cisalpinam
671 2465 770 2493 cum
803 2451 928 2494 Italia
972 2465 1147 2507 prorsus
1186 2451 1230 2492 in
1271 2450 1399 2492 unius
1443 2448 1687 2506 provinciae

141 2534 296 2577 corpus
337 2520 605 2564 coniunctam
641 2523 778 2566 fuisse
812 2522 1052 2565 ostendant.
1126 2522 1236 2565 Nam
1275 2530 1322 2565 ut
1362 2521 1484 2564 annis
1527 2520 1606 2563 138
1645 2527 1687 2562 et

138 2586 220 2635 '137
251 2591 405 2635 alteros
433 2608 486 2636 ex
517 2594 782 2644 consulibus,
812 2595 862 2637 P.
892 2594 1137 2651 Scipionem
1164 2594 1365 2637 Nasicam
1394 2599 1435 2636 et
1456 2592 1518 2634 M.
1537 2591 1688 2634 Aemi-

139 2664 247 2706 lium
271 2663 489 2720 Lepidum
504 2665 671 2708 Italiam
699 2666 964 2723 provinciam
991 2667 1208 2723 accepisse
1238 2667 1281 2708 in
1311 2680 1444 2722 eaque
1463 2663 1688 2707 Gallorum

141 2750 312 2792 quoque
341 2736 524 2792 populos
554 2737 731 2788 rexisse,
763 2738 865 2782 satis
893 2737 1171 2795 probabiliter
1199 2753 1251 2780 ex
1273 2737 1535 2793 reliquorum
1556 2750 1688 2778 anno—

139 2823 237 2851 rum
268 2808 545 2851 similitudine
576 2809 839 2862 conficimus,
868 2811 971 2853 item
1001 2825 1111 2853 anno
1144 2809 1222 2852 136
1251 2810 1352 2852 Sex.
1384 2807 1566 2850 Atilium
1585 2805 1687 2850 Ser-

142 2895 319 2932 ranum,
352 2881 476 2924 cuius
506 2881 628 2924 nulla
662 2896 840 2937 prorsus
865 2897 933 2926 res
962 2888 1085 2939 gesta
1113 2887 1488 2931 commemoratur,
1520 2880 1689 2923 Italiam

647 2960 669 2978 Ο
