1846 3100
179 159 233 203 50
619 161 674 194 De
702 160 815 194 Gallia
841 161 1078 193 Romanorum
1099 162 1284 203 provincia.

179 277 423 327 acceperat,
454 270 640 314 Galliam
674 270 785 312 rexit
813 283 952 324 neque
981 276 1130 312 exacto
1160 270 1436 326 magistratus
1462 287 1574 315 anno
1600 273 1725 315 aliam

177 343 443 399 provinciam
468 343 586 386 adiit.
641 343 767 386 Alter
792 342 919 392 enim,
948 342 1048 397 quia
1077 342 1323 386 consulares
1354 346 1596 399 provinciae
1627 352 1725 387 ante

179 415 350 458 comitia
379 415 725 465 destinabantur,
765 415 851 458 iam
883 414 927 455 in
955 414 1051 470 ipso
1080 414 1357 470 magistratus
1386 416 1452 458 sui
1479 432 1590 459 anno
1617 432 1724 467 eam,

177 502 306 543 quam
346 487 502 530 deinde
542 494 739 530 recturus
779 494 889 536 erat,
929 485 1195 542 provinciam
1231 486 1461 531 obtinebat.
1530 489 1582 530 ld
1617 489 1726 530 adeo

177 560 264 602 iam
299 560 362 602 sic
393 560 749 610 demonstremus,
779 567 827 601 ut
856 573 966 614 quae
991 558 1219 614 quotannis
1244 573 1342 600 cum
1366 560 1603 616 praetoriae
1632 567 1723 614 tum

179 632 425 674 consulares
471 632 717 688 provinciae
758 631 940 681 fuerint,
985 630 1277 673 examinemus
1318 632 1531 688 simulque
1577 633 1612 675 si
1651 633 1725 687 qui

178 703 472 746 Narbonensis
509 702 676 746 Galliae
707 702 926 760 praesides
958 711 1285 758 cognoscantur,
1311 703 1554 746 afferamus.

290 774 575 818 Substitimus
605 784 747 818 autem
775 791 906 832 supra
935 775 979 816 in
1008 789 1119 817 anno
1150 775 1204 818 78
1232 790 1269 816 a.
1303 773 1421 826 Chr„
1449 791 1535 832 quo
1554 775 1616 818 M.
1638 775 1724 817 Le-

175 847 306 903 pidus
325 847 651 890 Narbonensem
671 848 858 890 Galliam
889 848 1039 898 tenuit,
1067 848 1141 903 qui
1175 862 1270 889 cum
1291 846 1448 889 bellum
1482 848 1726 897 excitasset,

177 927 219 962 et
257 919 312 973 Q.
345 918 527 971 Catulo,
573 921 643 962 cui
685 921 809 963 Italia
847 927 1068 969 evenerat,
1108 919 1334 975 imperium
1370 927 1649 977 prorogatum
1683 927 1725 961 et

155 990 258 1034 >Cn.
280 992 488 1048 Pompeio
519 1000 638 1035 extra
667 993 862 1034 ordinem
891 992 1104 1034 exercitus
1139 991 1264 1034 datus
1295 1000 1372 1042 est,
1403 1008 1531 1048 quem
1558 992 1629 1034 ille
1658 992 1723 1034 in-

175 1063 264 1106 vito
293 1071 456 1115 senatu,
487 1065 592 1107 dum
617 1079 728 1106 anno
752 1064 806 1108 76
827 1064 871 1106 in
898 1063 1155 1119 Hispaniam
1185 1064 1430 1107 ulteriorem
1459 1072 1606 1107 eontra
1622 1063 1724 1107 Ser-

175 1137 332 1178 torium
376 1137 536 1179 missus
576 1145 661 1187 est,
708 1136 884 1178 retinuit
922 1135 1068 1192 (Plut.
1097 1135 1248 1192 Pomp.
1279 1137 1370 1190 17).
1441 1137 1587 1190 Quare
1624 1151 1753 1183 cum,

175 1224 286 1251 anno
313 1209 381 1258 77,
413 1223 498 1264 quo
527 1209 584 1250 D.
602 1209 754 1251 Iunius
785 1209 948 1250 Brutus
980 1214 1022 1249 et
1047 1208 1179 1250 Mam.
1200 1209 1414 1251 Aemilius
1444 1209 1640 1266 Lepidus
1670 1224 1723 1251 ex

176 1281 422 1336 interregno
451 1278 575 1331 (Sall.
608 1280 706 1322 hist.
738 1280 759 1322 Ι
789 1288 892 1323 orat.
924 1279 1056 1336 Phil.)
1093 1281 1361 1323 consulatum
1386 1280 1595 1331 inierunt,
1635 1281 1723 1323 duo

174 1352 258 1395 iam
288 1359 432 1394 essent
460 1352 504 1393 in
522 1353 647 1395 Italia
671 1352 885 1394 exercitus
916 1366 1015 1394 cum
1045 1352 1217 1395 duobus
1247 1352 1590 1407 imperatoribus,
1618 1353 1723 1408 quid

175 1425 327 1466 consul
363 1425 431 1467 vel
472 1425 672 1467 consules
710 1425 754 1466 in
791 1439 841 1466 ea
879 1425 1046 1485 egerint
1088 1439 1172 1466 non
1210 1425 1321 1466 tradi
1356 1425 1528 1467 minime
1568 1425 1723 1466 mirum

175 1503 251 1538 est.
295 1495 551 1539 Substitisse
581 1503 723 1539 autem
751 1497 947 1538 existimo
976 1496 1124 1538 ambos
1155 1511 1241 1539 cos.
1274 1497 1318 1538 in
1335 1497 1472 1547 Italia,
1498 1504 1721 1553 praetextu

175 1568 397 1611 seditionis
441 1569 638 1623 quamvis
682 1569 766 1610 iam
814 1583 1096 1624 compressae.
1176 1568 1286 1611 Nam
1332 1568 1464 1611 Mam.
1511 1567 1721 1624 Lepidus,

173 1655 433 1697 quamquam
464 1635 669 1683 consueto
701 1656 818 1684 more
850 1641 1085 1683 exercitum
1116 1648 1158 1682 et
1186 1647 1455 1696 quaestorem
1486 1646 1528 1682 et
1554 1640 1720 1696 legatos

173 1719 216 1754 et
240 1713 453 1768 reliquum
485 1721 736 1770 apparatum
771 1713 996 1768 militarem
1023 1712 1174 1755 habuit
1210 1710 1323 1766 (Cic.
1353 1728 1394 1768 p.
1427 1710 1595 1754 Cluent.
1631 1711 1719 1765 36),

172 1791 313 1826 tamen
339 1785 424 1826 iam
453 1786 697 1841 provectior
724 1792 860 1828 aetate
889 1793 992 1834 erat,
1020 1800 1118 1828 cum
1145 1784 1200 1827 ad
1225 1784 1493 1826 consulatum
1522 1783 1719 1840 perveni-

172 1863 237 1898 ret
272 1857 353 1911 (cf.
389 1856 599 1914 Borghes.
639 1857 681 1898 in
712 1860 811 1900 Act.
845 1858 965 1900 acad.
999 1857 1124 1899 Rom.
1157 1856 1272 1899 arch.
1299 1855 1387 1899 VII
1426 1871 1469 1912 p.
1507 1856 1630 1912 159),
1669 1863 1718 1898 ut

173 1928 473 1989 dubium-esse
498 1930 706 1980 videatur,
735 1946 839 1972 num
864 1929 1107 1986 provinciae
1127 1935 1326 1970 externae
1357 1928 1570 1984 regendae
1598 1929 1719 1984 cupi-

172 2001 253 2043 dus
295 2002 446 2052 fuerit,
492 2017 570 2043 nec
609 2002 666 2044 D.
701 2002 864 2043 Brutus
913 2001 1002 2043 scio
1049 2015 1175 2055 quam
1218 1999 1484 2055 provinciam
1524 2000 1718 2056 accipere

171 2074 372 2128 potuerit.
446 2073 671 2129 Siquidem
712 2088 823 2115 anno
862 2073 917 2117 76
954 2073 1191 2128 Hispaniae
1238 2088 1263 2114 a
1305 2069 1384 2113 Cn.
1426 2071 1632 2127 Pompeio
1675 2078 1716 2114 et

173 2143 228 2197 Q.
248 2145 438 2195 Metello,
469 2145 620 2187 Africa
645 2145 698 2187 ab
716 2145 769 2187 L.
794 2145 991 2194 Luculle,
1008 2144 1266 2186 Macedonia
1286 2143 1338 2185 ab
1359 2143 1502 2199 Appio
1518 2141 1716 2194 Claudio,

171 2216 280 2258 Asia
311 2215 363 2257 ab
394 2216 446 2258 L.
479 2215 649 2266 Silano,
679 2217 973 2259 Narbonensis
1006 2215 1148 2259 Gallia
1175 2215 1228 2258 ab
1259 2215 1311 2257 L.
1342 2215 1528 2265 Manlio,
1567 2213 1718 2258 Cilicia

172 2287 224 2329 ab
267 2287 316 2329 P.
357 2289 540 2330 Servilio
580 2288 861 2345 regebantur,
906 2287 1106 2330 Sardinia
1143 2294 1184 2328 et
1225 2287 1375 2329 Sicilia
1414 2294 1512 2343 post
1550 2285 1716 2330 Sullam

171 2374 392 2415 nunquam
408 2360 649 2416 praesidem
679 2361 946 2403 consularem
970 2359 1171 2401 videntur
1193 2358 1410 2409 habuisse,
1441 2367 1489 2401 ut
1506 2359 1623 2402 nulla
1643 2374 1716 2401 su-

171 2432 304 2487 persit
323 2432 558 2488 provincia,
577 2447 707 2487 quam
729 2432 828 2474 anni
845 2432 897 2475 77
918 2431 1168 2474 consulibus
1184 2431 1392 2487 obtigisse
1410 2431 1716 2474 existimemus.

171 2503 285 2545 Tum
315 2519 426 2546 anno
443 2505 496 2548 76
522 2502 573 2546 C.
602 2502 877 2547 Scribonium
909 2502 1140 2546 Curionem
1172 2503 1472 2546 Macedoniam
1499 2504 1715 2560 accepisse

171 2583 337 2619 constat
378 2574 646 2633 (Comment.
684 2575 904 2632 epigraph.
933 2575 1029 2617 Vol.
1053 2576 1098 2618 II
1126 2591 1168 2632 p.
1201 2575 1330 2631 180),
1376 2576 1584 2632 collegam
1622 2576 1714 2618 eius

174 2647 254 2691 Cn.
287 2648 534 2698 Octavium,
563 2649 776 2691 hominem
803 2648 950 2691 mitem
977 2663 1027 2690 ac
1054 2648 1148 2703 paci
1176 2648 1394 2704 aptiorem,
1420 2647 1536 2703 quod
1568 2647 1714 2690 multis

173 2721 364 2776 corporis
401 2720 624 2763 doloribus
655 2721 919 2762 cruciaretur
947 2718 1059 2775 (Cic.
1074 2719 1197 2761 Brut.
1223 2735 1258 2763 c.
1277 2721 1331 2763 60
1348 2727 1390 2763 et
1403 2721 1456 2763 de
1472 2720 1542 2761 fin.
1562 2719 1620 2770 ΙΙ,
1638 2719 1712 2769 283

173 2791 273 2834 Sall.
303 2793 401 2835 hist.
428 2793 509 2843 ΠΙ,
542 2792 597 2835 83
629 2792 696 2834 ed.
725 2792 903 2847 Kritz.)‚
933 2792 1080 2833 Italiae
1111 2790 1362 2848 Galliaeque
1394 2791 1632 2847 praefuisse
1660 2805 1713 2832 ex

170 2872 407 2906 ceterorum
425 2879 634 2906 annorum
653 2864 928 2906 similitudine
945 2864 1223 2919 probabiliter
1239 2863 1567 2920 suspicabimur.
1584 2863 1713 2905 Anno
