1846 3100
219 122 300 166 326
634 126 689 158 De
714 127 964 168 propagatione
993 126 1138 159 civitatis
1163 126 1351 159 Romanae.

218 234 324 278 s'ime
355 241 499 292 patent
532 248 827 289 summamque
856 233 1165 290 rempublicam
1203 235 1556 292 complectuntur,
1586 251 1769 293 quorum

216 307 458 350 accuratior
485 306 672 363 cognitio
699 306 881 347 multum
909 321 1060 348 rursus
1092 306 1146 348 ad
1177 306 1364 349 tabulam
1390 305 1672 351 Claudianum
1702 309 1768 351 in-

215 379 493 436 telligendam
525 379 730 429 conferat,
762 386 811 420 ut
835 393 913 434 per
935 376 1082 420 orbem
1106 378 1320 433 quendam
1340 379 1601 431 circumacti,
1619 396 1768 436 quam—

215 452 282 494 vis
320 451 449 508 paulo
484 450 663 493 liberius
703 465 938 506 evagemur
977 449 1143 504 alioque
1175 450 1219 491 in
1252 459 1506 507 argumento
1547 467 1769 495 versemur

216 531 342 579 atque
370 539 544 566 cursum
571 522 809 565 instituisse
839 521 1078 571 videamur,
1101 522 1326 566 clarissimi
1347 531 1486 566 tamen
1507 525 1768 567 monumenti

218 604 434 651 tamquam
466 594 714 638 auctoritate
744 594 1049 636 contineamur.

328 669 419 710 Iam
449 682 593 716 causa,
622 666 667 708 in
697 681 783 722 qua
799 663 1011 708 Claudius
1045 667 1278 709 orationem
1306 683 1415 723 quae
1445 675 1574 719 extat,
1599 668 1763 719 habuit,

217 739 279 783 sic
310 740 494 782 traditur
523 738 576 781 ab
606 739 756 782 Tacito
786 736 943 780 Annal.
970 738 1056 789 XI,
1088 738 1160 782 ⁸23:
1202 745 1249 784 Α,
1290 743 1448 782 Vitellio
1481 744 1532 783 L.
1571 744 1764 795 Vipstano

215 814 447 855 consulibus
477 812 524 870 (i.
544 827 580 854 e.
605 827 713 854 anno
737 811 789 855 48
818 827 860 868 p.
889 809 1013 865 Chr.)
1045 828 1139 853 cum
1171 814 1219 854 de
1249 815 1472 866 supplendo
1504 821 1650 854 senatu
1680 818 1767 868 ogi—

215 893 376 926 tar-etur
401 888 679 938 primoresque
699 886 876 933 Galliae,
905 899 1008 936 quae
1039 886 1209 927 Comata
1239 887 1489 938 appellatur,
1510 887 1692 940 foedera
1727 894 1768 927 et

213 961 419 999 civitatem
454 959 688 998 Romanam
712 958 875 1010 pridem
907 959 1084 998 assecuti
1112 960 1175 998 ius
1207 959 1561 1010 adzpz'scendorum
1592 961 1637 999 in
1669 959 1768 999 urbe

212 1033 413 1072 honorum
439 1036 684 1083 expeterent,
718 1031 875 1069 multus
903 1044 952 1069 ea
982 1044 1102 1082 super
1134 1045 1179 1070 re
1202 1032 1418 1083 variusque
1435 1045 1591 1074 rumor.
1630 1030 1765 1074 Nimi-

213 1118 311 1145 rum
350 1117 574 1144 censuram
614 1109 718 1143 tunc
754 1101 910 1157 agebat
941 1099 1168 1151 Claudius,
1211 1102 1335 1144 cuius
1365 1108 1604 1145 extremum
1632 1118 1765 1160 prope

178 1173 183 1178 '
215 1175 298 1217 hoc
327 1189 483 1216 munus
520 1180 622 1224 erat,
647 1182 695 1215 ut
728 1181 923 1215 senatum
957 1174 1134 1230 legeret.
1194 1174 1302 1216 Nam
1331 1174 1394 1217 sic
1422 1175 1467 1216 in
1500 1175 1764 1232 antiquitate,

214 1247 339 1290 cuius
382 1246 569 1302 speciem
597 1245 856 1296 imitabatur,
895 1246 989 1288 fieri
1027 1246 1204 1296 solebat,
1242 1246 1425 1302 primum
1455 1254 1504 1289 ut
1532 1248 1671 1304 plebis
1701 1256 1766 1291 ta-

214 1319 341 1361 bulae
369 1318 692 1368 conficerentur,
723 1318 879 1361 deinde
911 1325 959 1360 ut
987 1319 1179 1374 equitum
1210 1327 1375 1362 turmae
1406 1334 1767 1376 recognosceren-

213 1400 297 1442 tur,
328 1391 512 1446 denique
542 1396 590 1431 ut
621 1399 794 1432 senatus
825 1390 1056 1446 legeretur,
1090 1398 1413 1448 extremumque
1442 1392 1630 1435 omnium
1658 1393 1765 1435 illud

215 1472 318 1514 erat,
348 1463 466 1519 quod
494 1463 676 1505 dictator
707 1460 868 1505 Caesar
905 1470 946 1505 et
983 1463 1217 1519 Augustus
1248 1472 1290 1506 et
1317 1463 1528 1508 Claudius
1557 1466 1766 1516 fecerunt,

212 1545 261 1579 ut
286 1536 565 1593 patriciorum
594 1551 820 1578 numerum
852 1543 1073 1592 augerent.
1117 1536 1263 1590 Quare
1280 1537 1457 1580 Tacitus
1476 1539 1591 1581 Ann.
1608 1539 1694 1590 XI,
1712 1539 1764 1583 25

211 1617 440 1667 postquam
479 1609 533 1651 de
561 1609 750 1665 patriciis
780 1609 917 1653 auctis
954 1609 1208 1652 mentionem
1245 1610 1360 1660 fecit,
1400 1611 1542 1653 statim
1579 1599 1764 1655 lustrum

215 1682 436 1725 conditum
479 1697 790 1737 censuramque
821 1682 1068 1724 universam
1097 1690 1308 1738 peractam
1341 1699 1436 1726 esse
1462 1692 1631 1735 narrat;
1667 1700 1763 1727 nam

214 1755 332 1810 quod
375 1769 487 1797 anno
521 1755 575 1797 52
611 1754 727 1796 idem
758 1753 866 1804 XII,
898 1754 952 1796 52
993 1769 1146 1796 rursus
1190 1755 1399 1810 quosdam
1439 1764 1590 1800 senatu
1626 1765 1764 1800 motos

213 1843 309 1870 esse
345 1827 506 1877 scribit,
545 1827 600 1869 ad
634 1833 884 1882 perpetuam
918 1827 1187 1883 imperatoris
1224 1828 1461 1870 censoriam
1498 1836 1763 1885 potestatem,

214 1915 299 1942 non
339 1901 394 1943 ad
432 1900 543 1943 hanc
583 1914 808 1942 censuram
848 1899 1020 1942 videtur
1056 1899 1284 1956 pertinere.
1343 1899 1480 1944 Cuius
1512 1909 1653 1944 tamen
1681 1901 1763 1945 ini-

212 1973 317 2015 tium
347 1973 519 2028 quando
546 1973 708 2015 factum
739 1972 806 2022 sit,
838 1987 923 2014 non
955 1972 1137 2014 traditur
1166 1987 1245 2015 nec
1266 1973 1429 2015 nummi
1447 1974 1656 2030 produnt3
1686 1974 1764 2017 sed

213 2055 350 2089 actam
387 2061 480 2088 eam
522 2059 617 2087 esse
662 2060 774 2086 anno
810 2045 860 2088 47
900 2044 993 2100 ipse
1030 2044 1205 2087 Tacitus
1235 2045 1321 2095 XI,
1358 2046 1406 2088 13
1448 2046 1674 2103 significat,
1708 2047 1763 2090 de

214 2117 410 2160 theatrali
440 2117 584 2174 populi
615 2117 791 2159 lascivia
821 2116 1026 2159 censoriis
1063 2116 1214 2159 edictis
1245 2117 1431 2160 cohibita
1461 2118 1624 2169 dicens,
1661 2119 1764 2162 item

212 2190 300 2231 Dio
330 2189 433 2239 LX,
453 2189 521 2240 29,
553 2195 760 2245 coeptam,
789 2189 825 2231 si
854 2204 939 2231 non
968 2196 1079 2238 ante,
1109 2197 1223 2231 certe
1251 2204 1363 2231 anno
1383 2189 1437 2233 46
1466 2189 1566 2233 hinc
1589 2191 1762 2247 colligo,

212 2262 329 2317 quod
370 2261 606 2317 recognitio
652 2261 858 2316 equitum,
896 2276 1024 2316 quam
1060 2268 1102 2302 et
1135 2260 1322 2304 habitam
1357 2278 1451 2305 esse
1489 2262 1543 2305 ab
1576 2261 1761 2305 Claudio

213 2349 369 2391 magna
412 2349 511 2376 cum
551 2348 655 2376 cura
690 2331 925 2375 Suetonius
964 2347 999 2374 c.
1036 2332 1084 2375 16
1112 2341 1269 2383 narrat,
1309 2341 1351 2376 et
1390 2341 1562 2376 senatus
1589 2335 1761 2378 lectioni

211 2407 464 2450 antecedere
511 2421 744 2448 consuesse
789 2405 992 2455 diximus,
1038 2405 1155 2461 apud
1202 2405 1400 2448 Tacitum
1440 2406 1540 2448 anni
1576 2407 1628 2451 47
1667 2414 1762 2450 acta

211 2494 344 2536 prope
375 2479 540 2534 integra
573 2478 812 2521 tradentem
849 2493 934 2520 non
974 2485 1339 2528 commemoratur,
1368 2485 1417 2520 ut
1446 2494 1538 2521 eam
1567 2495 1678 2522 anno
1705 2480 1759 2523 46

210 2551 384 2593 relatam
419 2565 513 2593 esse
541 2550 759 2606 probabile
792 2551 859 2593 sit.
913 2549 1036 2603 Quae
1067 2565 1164 2591 cum
1195 2550 1253 2592 ita
1286 2551 1382 2601 sint,
1413 2550 1592 2594 dubium
1622 2551 1759 2594 videri

210 2630 365 2679 potest,
396 2638 450 2665 an
480 2620 692 2664 Claudius
723 2623 898 2678 antiquo
931 2636 1046 2663 more
1076 2637 1149 2678 per
1173 2623 1511 2678 quinquennium
1537 2638 1760 2666 censuram

211 2694 394 2750 gesserit
440 2694 696 2749 conditoque
741 2710 852 2737 anno
891 2694 943 2737 48
989 2693 1126 2736 lustro
1168 2702 1308 2738 tamen
1349 2702 1390 2736 et
1427 2703 1524 2738 ante
1569 2702 1610 2737 et
1647 2702 1759 2751 post,

210 2766 417 2822 quamdiu
457 2774 626 2822 tempus
668 2767 807 2823 prisca
838 2767 934 2822 lege
967 2766 1248 2808 constitutum
1283 2766 1535 2823 patiebatur,
1565 2767 1758 2810 censoria

212 2853 389 2880 munera
418 2838 648 2894 usurparit.
703 2837 927 2895 Collegam
957 2838 1131 2894 quidem
1159 2839 1251 2881 eius
1284 2838 1338 2881 L.
1367 2839 1601 2888 Vitellium,
1631 2854 1758 2894 quem
