1846 3100
86 931 215 1004 Inter
257 976 344 1011 eas,
387 976 496 1016 quae
539 975 591 1002 ex
629 960 757 1015 longo
793 966 982 1015 tempore
1023 965 1145 1002 notae
1186 967 1299 1010 sunt,
1335 958 1636 1015 inscriptiones

85 1033 265 1076 Latinas
307 1032 426 1075 nulla
469 1034 558 1075 fere
604 1039 683 1082 est,
730 1046 839 1087 quae
883 1031 1180 1087 magnitudine
1225 1039 1352 1087 atque
1393 1031 1635 1088 argumenti

88 1105 298 1162 gravitate
325 1104 549 1147 antecedat
587 1104 775 1146 tabulam
804 1103 919 1146 illam
946 1104 1303 1160 Lugdunensem,
1333 1119 1418 1160 qua
1451 1104 1635 1161 impera-

85 1178 188 1221 toris
218 1175 392 1220 Claudii
425 1176 559 1220 oratio
597 1176 849 1226 continetur,
879 1191 988 1231 quae
1016 1192 1115 1219 cum
1143 1177 1243 1219 olim
1273 1183 1315 1219 et
1342 1176 1633 1232 negligentius

90 1250 205 1292 edita
234 1257 276 1292 et
301 1264 449 1306 parum
478 1248 689 1304 explicata
723 1254 850 1298 esset,
880 1247 960 1291 hac
989 1255 1126 1291 aetate
1155 1264 1241 1291 non
1270 1248 1397 1291 modo
1426 1249 1635 1306 interpre-

87 1330 152 1365 tes
194 1321 432 1378 complures
470 1320 629 1377 peritos
666 1321 843 1370 invenit,
875 1337 1025 1364 verum
1062 1321 1189 1364 etiam
1228 1335 1300 1364 eos
1331 1321 1530 1371 editores,
1561 1321 1636 1377 qui

86 1395 148 1437 rei
194 1392 494 1450 epigraphicae
537 1394 680 1436 studio
722 1394 878 1436 eruditi
919 1393 1130 1450 simulque
1169 1394 1331 1450 patriae
1372 1393 1636 1449 antiquitatis

86 1481 229 1509 amore
257 1465 421 1508 incensi
457 1472 573 1509 tanta
603 1482 706 1509 cura
735 1466 898 1509 lit-teras
928 1466 1159 1522 apicesque
1196 1466 1365 1509 tabulae
1399 1466 1636 1523 investiga-

86 1546 180 1581 rent
209 1546 336 1594 atque
360 1538 405 1579 in
431 1553 528 1581 aere
558 1539 802 1589 redderent,
835 1546 883 1581 ut
912 1539 1016 1581 nihil
1036 1539 1080 1580 in
1103 1554 1153 1581 eo
1174 1553 1330 1595 genere
1349 1539 1635 1595 praestantius

87 1611 431 1667 cognoverimus.
494 1611 615 1654 Nihil
656 1611 789 1667 igitur
825 1611 870 1653 in
915 1612 1009 1668 ipso
1048 1619 1323 1654 monumento
1368 1618 1479 1663 erat,
1518 1612 1636 1667 quod

87 1684 426 1734 emendaremus,
470 1684 540 1726 vel
577 1683 612 1726 si
655 1684 760 1739 quid
800 1691 902 1734 erat,
938 1683 983 1725 id
1023 1691 1136 1726 certe
1177 1698 1263 1726 non
1295 1691 1460 1726 tantum
1487 1683 1636 1726 haberi

87 1763 264 1812 poterat,
292 1762 341 1797 ut
358 1755 615 1812 peculiarem
633 1763 859 1812 propterea
878 1755 1274 1798 commentationem
1296 1756 1634 1813 susciperemus:

87 1842 140 1870 ne
180 1827 234 1869 de
271 1828 617 1883 interpretatione
653 1828 828 1884 quidem
868 1835 970 1878 erat,
1008 1827 1125 1883 quod
1153 1836 1227 1870 aut
1267 1843 1429 1871 novum
1457 1843 1635 1885 prorsus

86 1899 272 1942 necdum
317 1898 369 1942 ab
411 1900 505 1942 aliis
545 1900 649 1943 viris
687 1900 825 1943 doctis
861 1907 1238 1943 commemoratum
1276 1901 1525 1944 afferremus
1563 1908 1637 1944 aut

86 1971 187 2027 quia
213 1971 267 2014 ab
297 1971 390 2014 aliis
421 1972 563 2014 minus
597 1980 712 2015 reete
742 1973 870 2015 statui
907 1973 1167 2022 videremus,
1195 1973 1325 2029 longa
1346 1973 1636 2029 disputatione

89 2043 395 2087 refelleremus.
452 2043 599 2098 Quare
641 2046 676 2088 si
712 2061 841 2088 unam
876 2043 1050 2088 Claudii
1086 2044 1341 2096 orationem,
1378 2060 1486 2101 quae
1521 2052 1637 2088 tanta

87 2117 314 2160 memoriae
345 2116 625 2159 diuturnitate
655 2117 787 2174 digna
819 2124 933 2160 esset
959 2117 1212 2168 existimata,
1233 2125 1537 2175 spectaremus,
1561 2133 1636 2160 ex-

91 2203 340 2232 cusaremur
373 2190 555 2232 fortasse
587 2189 726 2247 ipsius
770 2190 1010 2241 nobilitate,
1042 2190 1159 2245 quod
1199 2205 1307 2246 quae
1346 2190 1417 2233 alii
1461 2189 1636 2233 brevius

89 2261 398 2312 absolvissent,
444 2277 494 2304 ea
540 2262 755 2318 copiosius
795 2262 1129 2319 explicaremus,
1169 2262 1270 2304 novi
1310 2262 1485 2317 quidem
1530 2262 1638 2304 nihil

91 2348 348 2390 magnopere
389 2335 660 2377 referremus.
714 2334 805 2378 Sed
842 2350 928 2376 non
967 2333 1070 2376 satis
1106 2341 1171 2376 est
1204 2334 1247 2376 in
1282 2334 1434 2377 litteris
1463 2335 1635 2386 nostris,

90 2421 199 2461 quae
227 2420 395 2462 quoque
420 2407 516 2450 loco
535 2407 818 2464 reperiuntur,
846 2406 1016 2463 singula
1043 2421 1120 2463 per
1149 2422 1194 2449 se
1223 2407 1508 2458 considerare,
1527 2423 1636 2463 quae

88 2478 171 2520 nisi
202 2493 302 2520 cum
329 2478 495 2534 reliqua
522 2494 670 2522 eorum
702 2494 813 2536 quae
842 2478 1071 2521 traduntur
1089 2479 1212 2534 quasi
1242 2479 1350 2521 serie
1370 2479 1636 2535 coniungan-

90 2558 160 2594 tur
200 2564 250 2592 ac
282 2557 594 2607 comparentur,
629 2551 870 2608 disciplina,
908 2566 992 2606 qua
1019 2565 1167 2594 omnes
1199 2551 1460 2608 antiquitatis
1495 2558 1636 2608 partes

90 2622 324 2677 aequaliter
350 2622 631 2674 illustrentur,
666 2624 785 2666 nasci
815 2638 900 2666 non
933 2629 1087 2681 potest.
1146 2624 1420 2681 Quapropter
1450 2638 1525 2665 nos
1555 2623 1637 2664 hoc

88 2693 183 2736 loco
220 2694 274 2736 ab
317 2702 591 2738 monumento
630 2695 920 2752 Lugdunensi
963 2703 1179 2752 tamquam
1218 2711 1244 2738 a
1282 2695 1418 2752 capite
1453 2695 1637 2750 quodam

90 2766 422 2822 proficiscemur,
449 2766 494 2809 in
523 2782 609 2823 quo
639 2783 748 2824 quae
779 2774 1178 2819 commemorantur,
1207 2767 1310 2810 dum
1335 2767 1508 2824 longius
1539 2782 1635 2823 per-

92 2838 323 2894 sequimur,
353 2838 408 2881 ad
435 2854 485 2882 ea
510 2839 802 2883 Romanorum
827 2840 1023 2883 instituta
1055 2838 1365 2896 perveniemus,
1386 2853 1495 2896 quae
1514 2839 1634 2882 latis-
