1846 3100
196 148 278 192 224
631 153 686 186 De
717 154 890 186 dictatoris
918 154 1075 188 Caesaris
1109 156 1306 191 honoribus.

196 261 326 302 dixit:
372 269 604 318 supersunt
639 262 747 304 adeo
785 263 957 306 illorum
987 279 1192 306 annorum
1225 266 1324 308 fasti
1354 264 1608 323 Capitolini,
1643 283 1742 311 cum

197 334 330 376 semel
360 334 532 376 omnino
562 349 672 376 anno
703 334 757 377 82
787 335 839 377 L.
868 335 991 378 Sulla
1021 337 1215 388 dictator,
1248 338 1301 380 L.
1328 338 1528 383 Valerius
1557 339 1741 384 Flaccus

195 406 400 461 magister
430 407 621 462 equitum
650 407 909 463 appellatur,
939 409 1114 464 reliquis
1139 410 1261 453 annis
1293 411 1415 453 solito
1439 426 1556 455 more
1584 428 1741 456 consu-

194 478 257 521 les
288 479 561 521 nominantur
591 479 681 521 sine
712 479 799 522 ulla
830 481 1066 524 dictaturae
1097 483 1323 525 mentione.
1381 483 1527 537 Quare
1562 485 1622 527 sic
1655 491 1741 528 sta-

194 558 314 594 tuere
337 551 605 602 debebimus,
634 553 831 607 quotiens
853 551 1051 596 Caesaris
1069 554 1280 597 dictatura
1295 562 1526 613 repetatur,
1553 571 1652 599 eum
1671 557 1741 600 vel

193 624 292 679 quia
320 624 475 680 prioris
499 620 669 681 tempus
701 625 859 668 exisset
888 627 957 668 vel
984 627 1084 682 quia
1105 626 1360 678 abdicasset,
1386 643 1540 671 novam
1561 644 1739 685 prorsus

194 712 247 739 ex
286 712 398 739 nova
435 697 532 753 lege
572 697 717 739 inisse.
786 698 936 741 Altera
973 699 1027 741 ab
1067 715 1117 743 eo
1157 698 1356 756 suscepta
1389 709 1475 751 est,
1513 709 1739 758 postquam

193 769 335 825 priore
361 770 457 825 ipso
483 785 594 812 anno
621 785 706 826 quo
728 770 891 822 inierat,
920 787 1013 814 sese
1031 772 1260 823 abdicavit,
1286 773 1423 823 tertia,
1447 773 1548 828 quia
1565 774 1739 818 alterius

193 857 332 884 annus
360 842 520 884 exierat
549 858 746 897 novaque
775 843 818 884 in
847 843 995 886 decem
1021 860 1154 888 annos
1177 845 1348 888 decreta
1365 853 1468 896 erat,
1493 861 1573 888 nec
1588 854 1740 902 quarta

194 915 322 956 statui
354 915 531 971 poterit,
569 915 651 957 nisi
679 923 754 957 aut
782 916 930 960 tertiae
959 924 1127 974 tempus
1156 919 1411 974 praeterisse
1441 925 1515 960 aut
1543 919 1740 962 abdicata

193 987 316 1030 tertia
352 1003 447 1029 eum
488 1003 540 1029 ex
578 1003 690 1030 nova
725 989 821 1045 lege
854 1005 1016 1032 novum
1051 990 1255 1033 honorem
1283 991 1415 1034 inisse
1440 992 1737 1048 repererimus.

192 1059 405 1103 Neutrum
433 1068 575 1102 autem
594 1060 676 1102 hoc
695 1076 805 1103 anno
824 1062 877 1103 de
896 1060 1079 1105 Caesare
1103 1064 1287 1106 traditur
1295 1080 1305 1114 3
1333 1064 1544 1119 siquidem
1566 1065 1738 1107 ineunte

191 1147 301 1174 anno
331 1133 382 1174 45
415 1140 456 1174 et
486 1133 633 1174 tertiae
661 1133 896 1176 dictaturae
934 1135 978 1176 in
1017 1135 1167 1178 decem
1204 1151 1338 1178 annos
1378 1136 1540 1179 delatae
1578 1152 1737 1194 paucos

191 1211 355 1247 tantum
385 1220 552 1247 menses
582 1205 772 1262 explerat
798 1221 878 1248 nec
910 1207 1010 1250 novi
1041 1208 1215 1251 honoris
1245 1215 1319 1251 aut
1351 1208 1572 1252 deferendi
1607 1226 1738 1253 causa

190 1284 318 1332 atque
349 1277 516 1320 occasio
546 1285 620 1319 aut
649 1278 778 1321 delati
811 1279 1041 1336 vestigium
1068 1281 1205 1323 ullum
1234 1281 1349 1338 apud
1377 1282 1575 1333 Dionem,
1607 1297 1736 1326 accu-

191 1351 452 1402 ratissimum
483 1350 633 1392 harum
663 1366 806 1393 rerum
824 1359 1121 1404 enarratorem,
1153 1354 1360 1410 proditur.
1404 1355 1466 1401 At
1489 1355 1736 1398 consulatus

189 1423 313 1465 aliam
343 1439 437 1466 esse
466 1423 671 1466 rationem
705 1424 790 1466 iam
824 1440 955 1481 supra
987 1426 1148 1468 dictum
1180 1434 1264 1469 est:
1310 1443 1409 1470 nam
1436 1427 1526 1470 sive
1556 1427 1610 1470 ab
1636 1427 1736 1470 Kal.

187 1496 278 1538 Ian.
307 1497 398 1539 sive
425 1495 478 1538 ab
503 1496 646 1552 aliquo
678 1497 760 1539 alio
789 1497 881 1547 die,
922 1497 967 1539 id
1004 1498 1121 1552 quod
1152 1514 1277 1556 saepe
1311 1500 1437 1543 etiam
1466 1501 1511 1543 in
1539 1499 1734 1543 libertate

187 1568 349 1611 factum
376 1576 452 1620 est,
478 1569 696 1626 incipitur,
728 1585 896 1626 semper
921 1569 1070 1612 finitur
1093 1571 1193 1613 Kal.
1216 1571 1307 1614 Ian.
1335 1587 1414 1614 nec
1443 1587 1631 1628 unquam
1658 1588 1736 1630 per

186 1641 433 1684 universam
461 1642 682 1684 historiam
706 1642 943 1685 Romanam
973 1643 1142 1693 accidit,
1177 1650 1225 1685 ut
1257 1643 1370 1686 ultra
1399 1644 1499 1686 Kal.
1529 1644 1618 1687 Ian.
1648 1660 1734 1688 non

186 1714 363 1770 repetito
390 1714 546 1756 honore
578 1722 691 1756 esset
723 1715 884 1757 consul.
954 1715 1100 1769 Quare
1133 1716 1355 1758 verissime
1385 1715 1495 1759 hanc
1523 1716 1734 1759 honorum

187 1785 478 1829 diversitatem
506 1787 753 1843 significans
780 1788 1013 1830 Suetonius
1040 1786 1165 1831 Caes.
1193 1803 1229 1831 c.
1247 1787 1316 1839 76,
1347 1787 1422 1830 ubi
1447 1789 1602 1832 nimios
1621 1787 1732 1833 Cae-

187 1858 291 1900 saris
323 1858 506 1901 bonores
537 1867 768 1910 enumerat,
800 1860 1013 1903 decretam
1046 1862 1083 1903 ei
1115 1861 1263 1904 scribit
1287 1869 1528 1916 perpetuam
1556 1864 1732 1904 dictatu-

184 1946 298 1981 ram,
341 1932 418 1974 sed
455 1935 714 1974 consulatum
748 1948 834 1975 non
864 1941 1120 1990 perpetuum
1159 1934 1216 1990 (is
1247 1933 1360 1976 enim
1390 1934 1584 1977 Romano
1614 1949 1732 1977 more

186 2003 364 2059 cogitari
381 2019 467 2046 non
481 2005 652 2061 potest),
676 2020 827 2047 verum
843 2009 1101 2056 continuum,
1122 2006 1197 2061 qui
1211 2006 1438 2061 quotannis
1455 2014 1731 2063 repeteretur.

186 2073 362 2117 Certum
401 2076 534 2132 igitur
573 2092 667 2119 esse
705 2077 857 2128 debet,
897 2079 1011 2134 apud
1053 2086 1269 2121 auctorem
1298 2078 1398 2120 belli
1428 2077 1731 2135 Hispaniensis

183 2148 296 2202 quod
322 2148 497 2203 quidam
520 2157 686 2191 veteres
705 2150 958 2206 interpretes
978 2152 1265 2199 coniecerunt,
1296 2153 1474 2192 dictator
1491 2153 1559 2200 ΙΙΙ,
1589 2153 1732 2191 consul

183 2221 421 2273 designatus
450 2222 512 2263 IV
537 2221 809 2263 scribendum
840 2237 948 2265 esse.

294 2292 554 2335 Plutarchus
576 2293 710 2349 igitur
730 2302 771 2336 et
790 2293 892 2336 belli
911 2295 1214 2351 Hispaniensis
1239 2301 1388 2337 auctor
1411 2295 1528 2349 (nam
1550 2293 1605 2337 ad
1627 2308 1730 2336 con·-

183 2365 369 2407 sulatum
396 2366 663 2408 redeundum
688 2367 772 2422 est)
805 2365 1033 2409 Caesarem
1063 2382 1161 2408 cum
1185 2367 1228 2408 in
1246 2367 1499 2423 Hispaniam
1519 2366 1728 2408 adversus

180 2437 376 2493 Pompeii
405 2437 563 2481 liberos
591 2438 948 2494 proficisceretur,
980 2439 1198 2481 consulem
1230 2440 1503 2496 designatum
1529 2445 1727 2494 quartum

180 2509 315 2551 fuisse
344 2510 532 2552 tradunt.
588 2509 677 2553 Sed
709 2511 881 2566 quando
913 2518 1002 2553 erat
1034 2511 1317 2567 designatus?
1373 2509 1501 2554 Certe
1531 2525 1615 2553 non
1640 2525 1726 2566 quo

179 2587 369 2637 tempore
407 2583 655 2625 consulatus
690 2583 734 2625 in
771 2583 1110 2638 quinquennium
1143 2599 1167 2624 a
1199 2590 1348 2626 senatu
1375 2583 1620 2639 populoque
1649 2582 1726 2624 de-

179 2661 321 2696 cretus
353 2662 443 2696 erat
453 2670 464 2704 ;
496 2670 594 2696 nam
623 2655 669 2696 id
700 2655 919 2697 decretum
948 2655 1001 2697 ab
1028 2669 1078 2697 eo
1106 2655 1378 2712 repudiatum
1405 2670 1499 2697 esse
1527 2662 1568 2697 et
1596 2669 1726 2711 supra

178 2725 402 2768 docuimus
429 2732 471 2768 et
500 2741 548 2768 eo
575 2727 870 2783 intelligimus,
901 2728 1018 2783 quod
1045 2736 1191 2784 postea
1217 2728 1359 2770 denuo
1387 2727 1425 2770 ei
1456 2726 1723 2770 consulatum

178 2797 366 2840 delatum
389 2813 483 2841 esse
503 2798 762 2842 videbimus.
803 2799 1023 2842 Dicuntur
1048 2800 1183 2857 igitur
1205 2815 1253 2843 ea
1272 2799 1454 2850 comitia,
1482 2799 1536 2842 de
1563 2798 1721 2854 quibus

176 2869 264 2910 Dio
293 2870 467 2920 XLIII,
496 2871 547 2914 33
581 2871 728 2913 tradit:
767 2869 1086 2928 Ἐδικτατώρευε
1115 2874 1160 2914 δὲ
1190 2873 1238 2928 δὴ
1270 2872 1359 2913 τότε
1390 2871 1436 2927 (i.
1465 2888 1500 2914 e.
1531 2888 1641 2915 anno
1669 2872 1721 2915 46
