1846 3100
581 185 635 218 De
665 184 778 217 Gallia
800 183 1035 219 Romanorum
1067 185 1249 228 provincia.
1610 186 1685 230 115

142 292 438 336 Pannonicum
481 294 649 336 finitum
689 292 954 334 referendam
998 307 1094 335 esse
1135 294 1309 351 colligit.
1385 295 1474 338 Sed
1519 297 1686 340 etiamsi

139 380 250 408 anno
282 366 331 408 14
368 367 522 409 fuisset
556 367 728 423 propria
761 364 980 420 provincia
1009 365 1228 408 Pannonia
1265 370 1364 424 (nec
1394 368 1529 411 fuisse
1558 369 1687 425 paulo

138 446 236 493 post
279 438 613 494 intelligemus),
660 447 800 481 tamen
845 451 929 480 non
970 437 1145 480 deberet
1184 439 1321 482 videri
1360 456 1471 483 anno
1504 442 1553 484 10
1591 456 1685 484 esse

140 510 322 553 condita.
377 511 485 554 Nam
514 512 760 554 Pannoniae
792 519 833 552 et
856 510 1110 560 Delmatiae,
1138 526 1245 566 quas
1273 513 1530 563 existimant,
1559 513 1685 569 primi

138 582 269 638 legati
312 584 487 627 fuerunt
522 584 675 627 Iunius
713 584 895 626 Blaesus
939 590 981 624 et
1014 582 1064 625 P.
1098 582 1343 635 Dolabella,
1393 585 1466 640 qui
1507 600 1560 627 ex
1600 601 1685 641 quo

138 656 357 700 Pannonia
385 658 546 700 domita
574 664 652 707 est,
682 670 820 712 usque
848 654 903 697 ad
933 655 1096 699 Tiberii
1127 656 1411 713 principatum
1439 673 1685 714 permanse-

138 736 252 771 runt.
309 729 402 772 Nee
431 745 534 772 vero
557 729 740 771 Blaesus
766 736 839 770 aut
864 727 1091 770 Dolabella
1115 743 1226 770 anno
1250 731 1300 771 10
1327 730 1370 770 in
1387 729 1561 786 Illyrico
1590 746 1685 773 esse

139 810 352 856 poterant3
402 818 499 844 nam
530 802 601 843 ille
630 817 655 843 a
684 799 776 844 Cal.
807 800 904 849 Iul„
934 800 1003 843 hie
1033 816 1058 842 a
1087 798 1179 843 Cal.
1209 801 1302 843 Ian.
1334 802 1425 843 eius
1454 803 1685 845 annicen·

140 874 326 916 sulatum
356 874 491 929 gessit
517 872 833 931 (Orell.644·2).
876 873 1028 927 Neque
1057 873 1228 914 omnino
1253 881 1357 916 tunc
1383 875 1466 917 iam
1492 890 1545 916 ex
1571 891 1685 918 more

137 945 330 989 Romano
357 961 470 989 nova
495 946 716 1002 provincia
741 945 867 987 condi
892 953 1070 1001 poterat.
1127 946 1233 990 Nam
1263 946 1463 989 Tiberius
1489 948 1685 1003 quamvis

138 1019 331 1062 confecto
372 1018 505 1068 bello,
554 1025 724 1074 propter
761 1016 927 1060 cladem
959 1017 1188 1059 Varianam
1228 1034 1311 1060 non
1353 1034 1463 1060 anno
1499 1021 1569 1069 10,
1608 1021 1684 1062 sed

137 1091 310 1134 demum
351 1107 497 1134 mense
537 1090 736 1134 Ianuario
776 1089 875 1131 anni
918 1089 966 1132 12
1009 1090 1287 1146 triumphavit
1329 1091 1684 1147 prosequentibus

136 1163 311 1220 legatis,
351 1178 536 1219 quorum
564 1178 694 1218 opera
721 1162 764 1204 in
793 1161 1017 1204 Pannonia
1045 1177 1152 1204 usus
1183 1151 1272 1204 erat
1302 1163 1443 1220 (Suet.
1471 1163 1566 1207 Tib.
1597 1165 1683 1218 20).

136 1235 250 1278 Tum
284 1236 364 1278 rite
398 1250 509 1278 nova
538 1234 762 1291 provincia
794 1234 959 1276 institui
990 1242 1176 1290 poterat,
1216 1251 1343 1290 quam
1372 1243 1496 1278 antea
1521 1235 1684 1278 Tiberii

136 1308 264 1364 legati
299 1309 394 1364 ipso
431 1307 606 1350 absente
649 1313 896 1356 tenuerant,
938 1306 1015 1348 sed
1054 1322 1135 1348 non
1163 1321 1258 1350 esse
1291 1307 1529 1350 institutam
1560 1308 1685 1350 docet

137 1378 370 1436 Augustus
408 1381 500 1437 ipse
545 1379 590 1421 in
630 1386 905 1420 monumento
943 1378 1106 1433 Ancyr.
1140 1378 1195 1429 V,
1238 1379 1316 1421 44:
1370 1383 1684 1422 Pannoniorum

133 1459 284 1506 gentes,
299 1455 475 1494 devictas
497 1466 572 1505 per
609 1451 695 1493 Tib.
725 1452 923 1491 Neronem
937 1484 945 1495 .
985 1454 1059 1503 qui
1092 1458 1179 1491 tum
1208 1458 1302 1492 erat
1326 1454 1544 1506 privignus
1573 1467 1684 1494 meus

136 1531 178 1566 et
203 1527 376 1578 legatus,
404 1526 573 1577 imperio
595 1525 743 1576 populi
762 1524 947 1563 Romam·
969 1523 1120 1563 subieci
1138 1526 1375 1576 protulique
1395 1526 1504 1575 fines
1526 1527 1686 1577 lllyrici

137 1597 196 1638 acl
219 1599 318 1638 [stri
334 1599 532 1652 fluminis
561 1598 717 1647 ripam,
756 1608 842 1649 quo
876 1593 993 1643 loce,
1035 1594 1070 1636 si
1103 1610 1259 1636 novam
1295 1595 1388 1651 ipse
1423 1597 1684 1652 provinciam

138 1667 413 1718 condidisset,
445 1674 556 1710 certe
587 1666 852 1709 Pannoniam
880 1665 1153 1709 nominasset.
1210 1667 1318 1709 Item
1347 1668 1422 1723 qui
1449 1667 1602 1710 Velleii
1625 1669 1683 1718 II,

142 1739 218 1784 125
259 1739 391 1782 verba
426 1746 623 1781 accurate
660 1737 1029 1803 interpretabitur,
1075 1746 1166 1780 tum
1206 1739 1381 1794 quidem
1417 1740 1683 1782 Pannoniam

137 1811 331 1854 nondum
357 1811 492 1854 fuisse
509 1811 770 1867 peculiarem
787 1810 1051 1866 provinciam
1069 1810 1297 1866 intelliget3
1328 1812 1541 1867 siquidem
1559 1812 1685 1855 Blae-

141 1898 237 1926 sum
266 1883 322 1926 ait
353 1887 398 1924 in
431 1886 596 1937 Illyrico
624 1882 869 1938 legionibus
899 1883 1153 1938 praefuisse,
1187 1883 1458 1925 Dolabellam
1489 1884 1533 1926 in
1556 1884 1684 1926 mari-

138 1955 240 1998 tima
266 1963 386 2011 parte
414 1955 591 2010 Illyrici.
659 1954 806 2008 Quare
836 1955 1041 2010 quamdiu
1071 1955 1304 2011 Augustus
1334 1955 1515 2006 viveret,
1556 1972 1684 1998 unam

138 2028 398 2082 provinciam
418 2028 640 2083 Illyricum
660 2035 870 2070 servatam
889 2042 984 2070 esse
1002 2028 1212 2070 videmus.
1251 2027 1462 2070 Nimirum
1482 2027 1683 2071 Tiberius

139 2115 237 2152 cum
267 2114 377 2142 anno
400 2100 450 2142 12
476 2116 515 2155 p.
536 2098 639 2142 Chr.
667 2094 963 2156 triumpharet,
991 2099 1219 2156 imperium
1247 2115 1333 2141 non
1362 2100 1574 2156 deposuit,
1608 2101 1684 2143 sed

137 2186 236 2215 cum
265 2170 520 2214 Germanico
554 2172 683 2227 paulo
721 2179 818 2228 post
851 2171 1084 2214 Germania
1121 2179 1162 2214 et
1192 2170 1335 2214 Gallia.
1375 2187 1471 2214 cum
1502 2180 1595 2215 octo
1622 2173 1684 2215 le-

138 2242 339 2299 gionibus
367 2243 519 2285 tradita
552 2250 678 2294 esset,
708 2244 800 2300 ipse
828 2259 881 2286 ne
910 2244 1134 2299 neglectus
1166 2240 1260 2286 es'se
1288 2244 1520 2294 videretur,
1548 2252 1684 2287 totum

138 2315 358 2370 Illyricum
398 2330 497 2359 cum
534 2315 724 2371 quinque
761 2315 1027 2371 legionibus,
1070 2330 1176 2370 quas
1213 2315 1369 2358 absens
1408 2330 1483 2372 per
1517 2317 1683 2372 legatos

138 2394 327 2443 regeret,
367 2387 553 2442 accepit,
595 2402 646 2429 ac
682 2403 858 2444 prorsus
898 2403 951 2430 ex
988 2396 1130 2430 vetere
1165 2402 1282 2430 more
1320 2388 1480 2430 factum
1512 2395 1596 2437 est,
1636 2395 1685 2429 ut

139 2474 249 2501 anno
282 2459 330 2502 14
362 2458 564 2502 Tiberius
596 2459 640 2501 in
671 2460 893 2515 Illyricum
927 2460 1291 2516 proficisceretur,
1329 2467 1378 2501 ut
1406 2459 1599 2502 Velleius
1625 2459 1684 2508 Π,

144 2530 223 2572 123
259 2530 342 2580 ait,
381 2533 438 2572 ad
455 2533 697 2585 formanda
726 2546 852 2585 pace,
892 2549 995 2586 quae
1031 2534 1131 2574 bello
1164 2532 1377 2584 subegerat
1406 2531 1433 2572 i.
1460 2546 1495 2573 e.
1538 2537 1587 2572 ut
1615 2545 1684 2572 res

140 2599 459 2645 Pannoniorum
492 2611 783 2658 componeret,
826 2605 1007 2646 fortasse
1047 2606 1171 2646 etiam
1214 2618 1369 2646 novam
1406 2602 1684 2659 provinciam,

141 2687 269 2728 quam
296 2673 418 2714 condi
445 2674 692 2729 placuisset,
719 2675 973 2718 institueret.
1038 2677 1186 2731 Neque
1216 2676 1318 2718 huic
1346 2675 1500 2717 rationi
1531 2673 1685 2724 obstat,

141 2744 255 2799 quod
296 2744 344 2786 Ρ.
370 2745 596 2788 Dolabella
631 2746 677 2788 in
715 2747 842 2788 titulo
875 2762 1000 2803 quem
1029 2748 1275 2797 citavimus,
1317 2749 1416 2787 Divi
1442 2749 1623 2799 Augusti
1648 2753 1687 2788 et

148 2819 213 2857 Ti.
247 2818 432 2858 Caesaris
462 2821 641 2870 Augusti
674 2821 834 2871 legatus
869 2820 1117 2875 appellatur.
1177 2819 1285 2861 Nam
1325 2824 1550 2874 postquam
1591 2817 1685 2860 Au-

84 2928 89 2936 „
142 2895 298 2942 gustus
338 2902 447 2929 anno
484 2887 528 2929 13
566 2888 662 2944 lege
700 2889 785 2950 lata
814 2889 989 2936 Tiberio
1021 2891 1251 2940 concessit,
1297 2897 1343 2931 ut
1373 2904 1555 2945 aequum
1588 2905 1686 2932 cum

1355 2962 1416 3004 8.
