1846 3100
1607 149 1681 189 109

145 961 274 1027 Cum
313 997 447 1038 nuper
485 982 529 1023 in
568 980 736 1024 Galliae
773 980 1020 1037 provinciae
1057 980 1235 1023 historia
1272 982 1509 1023 enarranda
1547 981 1602 1023 ad
1638 979 1689 1023 C.

142 1053 242 1096 Iulii
269 1051 467 1096 Caesaris
497 1060 690 1110 tempora
716 1053 1078 1109 pervenissemus,
1109 1062 1158 1095 ut
1186 1061 1415 1110 potestates
1443 1054 1536 1095 eius
1565 1060 1690 1108 atque

141 1126 318 1182 imperia
358 1126 607 1182 diligentius
646 1125 888 1168 examinare
928 1125 1167 1182 coepimus,
1206 1141 1362 1183 magna
1398 1125 1509 1182 capti
1541 1140 1690 1167 sumus

142 1197 435 1249 admiratione,
462 1199 579 1254 quod
604 1199 744 1241 onmia
768 1212 900 1254 prope
929 1199 997 1240 vel
1025 1198 1210 1241 obscura
1235 1199 1304 1240 vel
1328 1199 1489 1241 incerta
1518 1198 1587 1240 vel
1614 1213 1690 1254 pa-

143 1285 238 1312 rum
259 1272 447 1313 virorum
470 1272 693 1314 doctorum
716 1271 871 1313 studiis
894 1272 1114 1327 explorata
1131 1286 1226 1314 esse
1243 1271 1503 1313 videremus,
1539 1270 1690 1326 Neque

141 1342 186 1383 id
220 1342 263 1383 in
298 1351 521 1385 auctorum
548 1343 691 1399 inopia
719 1350 794 1385 aut
823 1343 1011 1386 exilitate
1044 1344 1213 1393 accidit,
1248 1344 1326 1386 sed
1355 1350 1417 1386 tot
1447 1342 1690 1398 gravissimi

141 1429 191 1456 ac
229 1415 554 1472 locupletissimi
583 1413 865 1458 Caesarianae
907 1416 1054 1458 aetatis
1095 1423 1226 1459 testes
1270 1423 1435 1466 extant,
1476 1423 1581 1471 quot
1616 1416 1690 1458 vix

141 1487 223 1530 alio
260 1488 426 1544 imperii
453 1488 637 1530 Romani
676 1494 866 1543 tempore
896 1488 1186 1530 inveniuntur.
1238 1489 1412 1530 Etenim
1441 1503 1495 1530 ne
1522 1488 1584 1530 M.
1614 1486 1690 1530 Ci-

141 1574 351 1610 ceronem,
383 1575 436 1602 ex
462 1560 586 1603 cuius
619 1568 760 1602 tamen
787 1559 908 1602 libris
931 1559 1148 1602 uberrima
1165 1559 1317 1602 harum
1338 1575 1481 1602 rerum
1501 1560 1689 1617 cognitio

139 1631 228 1688 peti
266 1639 430 1688 potest,
470 1648 766 1683 numeremus,
808 1632 1089 1674 Plutarchum
1128 1631 1337 1674 habemus
1370 1639 1412 1674 et
1443 1633 1690 1688 Appianum

141 1710 183 1746 et
209 1703 397 1746 Dionem
429 1703 642 1754 Cassium,
673 1719 781 1759 quos
811 1704 1008 1759 quamvis
1038 1711 1228 1760 tempore
1256 1710 1460 1754 remotos,
1495 1711 1539 1745 at
1569 1704 1691 1760 copia

141 1782 182 1818 et
214 1775 299 1817 fide
341 1783 381 1818 et
418 1791 561 1818 rerum
592 1777 883 1818 Romanarum
918 1776 1162 1832 cognitione
1198 1776 1316 1818 haud
1356 1776 1689 1818 contemnendos

141 1863 236 1890 esse
269 1848 575 1900 existimamus,
606 1847 814 1891 habemus
844 1846 1121 1899 Suetonium,
1154 1863 1302 1890 eorum
1332 1863 1440 1904 quae
1472 1848 1527 1890 ad
1554 1848 1689 1904 impe—

140 1926 300 1962 ratores
319 1921 543 1977 pertinent,
568 1928 853 1964 enarratorem
873 1920 1258 1971 accuratissimum,
1276 1920 1484 1964 habemus
1504 1919 1689 1975 denique

140 1991 283 2047 ipsum
305 1995 542 2044 Caesarem,
570 1994 643 2049 qui
674 1993 773 2037 licet
801 2008 955 2036 causae
984 2007 1085 2035 suae
1114 1992 1293 2034 serviret
1319 2006 1453 2047 eaque
1472 1998 1520 2033 ut
1536 1991 1690 2033 iustior

141 2078 235 2106 esse
264 2064 497 2115 videretur,
525 2065 736 2121 quaedam
766 2066 836 2108 vel
862 2065 994 2107 tacuit
1018 2065 1088 2107 vel
1119 2063 1300 2113 addidit,
1330 2070 1470 2105 tamen
1502 2072 1690 2119 tempora

141 2150 294 2191 resque
335 2137 451 2193 ipsas
492 2145 532 2179 et
571 2138 728 2194 optime
771 2137 974 2194 cognovit
1013 2144 1054 2178 et
1092 2136 1341 2191 incorrupta
1378 2135 1463 2177 fide
1501 2134 1689 2176 tradidit.

144 2207 326 2250 Accedit
355 2209 410 2251 ad
438 2209 562 2260 haec,
596 2225 706 2265 quae
733 2225 810 2266 per
842 2225 887 2252 se
914 2209 1009 2265 ipsa
1037 2207 1140 2250 satis
1169 2207 1324 2248 idonea
1350 2206 1583 2248 existimari
1610 2220 1688 2261 po-

143 2286 298 2330 terunt,
324 2280 650 2337 inscriptionum
678 2290 719 2324 et
745 2296 1019 2324 nummorum
1043 2279 1279 2322 certissima
1305 2277 1548 2327 auctoritas,
1579 2291 1688 2332 quae

145 2365 241 2392 cum
270 2350 442 2406 publica
471 2354 546 2403 sit,
587 2354 662 2396 ubi
690 2353 861 2410 publice
887 2352 993 2408 quid
1023 2358 1193 2408 gestum
1226 2351 1280 2393 sit
1307 2349 1546 2405 quaeritur,
1582 2348 1690 2390 nihil

145 2423 323 2465 dubium
361 2425 600 2480 relinquere
642 2440 767 2482 posse
804 2426 1015 2468 videatur.
1076 2422 1350 2478 Quamquam
1389 2420 1442 2463 ab
1479 2420 1586 2476 ipsis
1620 2420 1687 2462 his

146 2495 336 2536 nascitur
373 2497 688 2550 quodammodo
723 2498 805 2540 hoc
838 2498 933 2540 loco
963 2495 1230 2539 confusionis
1259 2500 1386 2549 atque
1415 2492 1688 2535 obscuritatis

145 2565 325 2608 initium.
399 2566 577 2611 Servata
612 2570 724 2612 enim
760 2568 884 2611 nobis
924 2576 1024 2611 sunt
1061 2568 1106 2609 in
1143 2566 1265 2609 fastis
1300 2563 1578 2621 Capitolinis,
1615 2562 1688 2618 qui

147 2638 426 2693 appellantur,
456 2639 543 2682 duo
566 2641 806 2696 fragmenta
833 2655 966 2683 annos
988 2640 1039 2682 49
1069 2653 1207 2694 usque
1237 2637 1292 2679 ad
1310 2636 1362 2679 43
1386 2651 1423 2677 a.
1441 2633 1544 2677 Chr.
1573 2650 1688 2677 com-

146 2708 386 2764 plectentia,
415 2709 459 2751 in
489 2710 645 2766 quibus
671 2727 780 2768 quae
808 2712 862 2755 de
889 2711 1154 2769 temporibus
1181 2725 1232 2752 ac
1255 2706 1576 2763 magistratibus
1602 2713 1689 2749 tra-

149 2779 323 2830 duntur,
352 2780 405 2822 ab
429 2781 484 2823 iis
509 2796 616 2837 quae
641 2783 869 2840 scriptores
886 2790 1072 2833 narrant,
1101 2782 1160 2824 ita
1179 2779 1401 2822 discedere
1418 2778 1689 2830 videbantur,

148 2860 197 2894 ut
227 2852 280 2895 ab
310 2853 413 2895 viris
443 2853 580 2896 doctis
609 2856 805 2910 quamvis
837 2856 1066 2911 diligenter
1093 2851 1396 2908 quaerentibus
1423 2851 1615 2893 nondum
1641 2865 1691 2893 ea
