<?xml version="1.0" encoding="UTF-8"?>
<!DOCTYPE html PUBLIC "-//W3C//DTD XHTML 1.0 Transitional//EN"
    "http://www.w3.org/TR/xhtml1/DTD/xhtml1-transitional.dtd">
<html xmlns="http://www.w3.org/1999/xhtml" xml:lang="en" lang="en">
 <head>
  <title>
</title>
<meta http-equiv="Content-Type" content="text/html;charset=utf-8" />
  <meta name='ocr-system' content='tesseract 3.04.00' />
  <meta name='ocr-capabilities' content='ocr_page ocr_carea ocr_par ocr_line ocrx_word'/>
</head>
<body>
  <div class='ocr_page' id='page_1' title='image "./studiaromanasive00zump_0095.png"; bbox 0 0 1846 3100; ppageno 0'>
   <div class='ocr_carea' id='block_1_1' title="bbox 0 2028 36 2755">
    <p class='ocr_par' dir='ltr' id='par_1_1' title="bbox 0 2028 36 2755">
     <span class='ocr_line' id='line_1_1' title="bbox 0 2028 36 2755; baseline 0 345"><span class='ocrx_word' id='word_1_1' title='bbox 0 2028 36 2755; x_wconf 95' lang='lat' dir='ltr'> </span> 
     </span>
    </p>
   </div>
   <div class='ocr_carea' id='block_1_2' title="bbox 576 161 1681 206">
    <p class='ocr_par' dir='ltr' id='par_1_2' title="bbox 576 161 1681 206">
     <span class='ocr_line' id='line_1_2' title="bbox 576 161 1681 206; baseline 0.002 -11"><span class='ocrx_word' id='word_1_2' title='bbox 576 163 631 195; x_wconf 90' lang='lat' dir='ltr'>De</span> <span class='ocrx_word' id='word_1_3' title='bbox 653 163 765 196; x_wconf 75' lang='lat' dir='ltr'>Gallia</span> <span class='ocrx_word' id='word_1_4' title='bbox 788 164 1021 196; x_wconf 85' lang='lat' dir='ltr'>Romanorum</span> <span class='ocrx_word' id='word_1_5' title='bbox 1049 163 1233 206; x_wconf 76' lang='lat' dir='ltr'>provincia.</span> <span class='ocrx_word' id='word_1_6' title='bbox 1627 161 1681 205; x_wconf 83' lang='grc'>83</span> 
     </span>
    </p>
   </div>
   <div class='ocr_carea' id='block_1_3' title="bbox 131 273 1734 2853">
    <p class='ocr_par' dir='ltr' id='par_1_3' title="bbox 131 273 1734 2853">
     <span class='ocr_line' id='line_1_3' title="bbox 133 273 1682 332; baseline -0.001 -15"><span class='ocrx_word' id='word_1_7' title='bbox 133 289 292 317; x_wconf 86' lang='lat' dir='ltr'>annum</span> <span class='ocrx_word' id='word_1_8' title='bbox 323 273 378 316; x_wconf 82' lang='lat'>50</span> <span class='ocrx_word' id='word_1_9' title='bbox 407 290 444 317; x_wconf 86' lang='lat' dir='ltr'>a.</span> <span class='ocrx_word' id='word_1_10' title='bbox 475 273 578 317; x_wconf 90' lang='lat' dir='ltr'>Chr.</span> <span class='ocrx_word' id='word_1_11' title='bbox 617 275 907 330; x_wconf 84' lang='lat' dir='ltr'>quaerendum</span> <span class='ocrx_word' id='word_1_12' title='bbox 941 281 1027 324; x_wconf 89' lang='lat' dir='ltr'>est,</span> <span class='ocrx_word' id='word_1_13' title='bbox 1071 275 1151 318; x_wconf 92' lang='lat' dir='ltr'>hoc</span> <span class='ocrx_word' id='word_1_14' title='bbox 1179 275 1364 332; x_wconf 91' lang='lat' dir='ltr'>primum</span> <span class='ocrx_word' id='word_1_15' title='bbox 1394 281 1557 316; x_wconf 88' lang='lat' dir='ltr'>certum</span> <span class='ocrx_word' id='word_1_16' title='bbox 1589 275 1682 324; x_wconf 89' lang='lat' dir='ltr'>erit,</span> 
     </span>
     <span class='ocr_line' id='line_1_4' title="bbox 133 346 1682 397; baseline 0 -9"><span class='ocrx_word' id='word_1_17' title='bbox 133 361 217 388; x_wconf 90' lang='lat' dir='ltr'>non</span> <span class='ocrx_word' id='word_1_18' title='bbox 260 347 304 388; x_wconf 93' lang='lat' dir='ltr'>in</span> <span class='ocrx_word' id='word_1_19' title='bbox 345 347 586 397; x_wconf 89' lang='lat' dir='ltr'>ineuntem,</span> <span class='ocrx_word' id='word_1_20' title='bbox 643 347 718 389; x_wconf 90' lang='lat' dir='ltr'>sed</span> <span class='ocrx_word' id='word_1_21' title='bbox 764 348 805 388; x_wconf 90' lang='lat' dir='ltr'>in</span> <span class='ocrx_word' id='word_1_22' title='bbox 851 354 1077 389; x_wconf 83' lang='lat' dir='ltr'>exeuntem</span> <span class='ocrx_word' id='word_1_23' title='bbox 1122 362 1281 389; x_wconf 88' lang='lat' dir='ltr'>annum</span> <span class='ocrx_word' id='word_1_24' title='bbox 1325 361 1423 388; x_wconf 91' lang='lat' dir='ltr'>eum</span> <span class='ocrx_word' id='word_1_25' title='bbox 1463 346 1682 389; x_wconf 75' lang='lat' dir='ltr'>incidisse.</span> 
     </span>
     <span class='ocr_line' id='line_1_5' title="bbox 133 418 1683 475; baseline 0 -15"><span class='ocrx_word' id='word_1_26' title='bbox 133 418 318 468; x_wconf 84' lang='lat' dir='ltr'>Etenim,</span> <span class='ocrx_word' id='word_1_27' title='bbox 347 426 396 460; x_wconf 91' lang='lat' dir='ltr'>ut</span> <span class='ocrx_word' id='word_1_28' title='bbox 426 434 536 474; x_wconf 90' lang='lat' dir='ltr'>quae</span> <span class='ocrx_word' id='word_1_29' title='bbox 567 419 621 461; x_wconf 88' lang='lat' dir='ltr'>de</span> <span class='ocrx_word' id='word_1_30' title='bbox 650 419 760 475; x_wconf 84' lang='lat' dir='ltr'>legis</span> <span class='ocrx_word' id='word_1_31' title='bbox 793 419 1033 462; x_wconf 83' lang='lat' dir='ltr'>Treboniae</span> <span class='ocrx_word' id='word_1_32' title='bbox 1065 426 1255 475; x_wconf 90' lang='lat' dir='ltr'>tempore</span> <span class='ocrx_word' id='word_1_33' title='bbox 1285 434 1415 475; x_wconf 89' lang='lat' dir='ltr'>supra</span> <span class='ocrx_word' id='word_1_34' title='bbox 1442 418 1683 475; x_wconf 88' lang='lat' dir='ltr'>disputavi-</span> 
     </span>
     <span class='ocr_line' id='line_1_6' title="bbox 133 488 1683 547; baseline 0.001 -15"><span class='ocrx_word' id='word_1_35' title='bbox 133 503 230 533; x_wconf 90' lang='lat' dir='ltr'>mus</span> <span class='ocrx_word' id='word_1_36' title='bbox 259 491 341 533; x_wconf 91' lang='lat' dir='ltr'>hoc</span> <span class='ocrx_word' id='word_1_37' title='bbox 366 492 462 534; x_wconf 91' lang='lat' dir='ltr'>loco</span> <span class='ocrx_word' id='word_1_38' title='bbox 487 492 835 547; x_wconf 83' lang='lat' dir='ltr'>praetermittam,</span> <span class='ocrx_word' id='word_1_39' title='bbox 863 491 1044 534; x_wconf 87' lang='lat' dir='ltr'>maxime</span> <span class='ocrx_word' id='word_1_40' title='bbox 1071 492 1115 533; x_wconf 92' lang='lat' dir='ltr'>in</span> <span class='ocrx_word' id='word_1_41' title='bbox 1143 507 1236 534; x_wconf 85' lang='lat' dir='ltr'>eam</span> <span class='ocrx_word' id='word_1_42' title='bbox 1262 506 1351 534; x_wconf 90' lang='lat' dir='ltr'>rem</span> <span class='ocrx_word' id='word_1_43' title='bbox 1384 498 1549 533; x_wconf 87' lang='lat' dir='ltr'>constat</span> <span class='ocrx_word' id='word_1_44' title='bbox 1572 488 1683 533; x_wconf 84' lang='lat' dir='ltr'>Cae-</span> 
     </span>
     <span class='ocr_line' id='line_1_7' title="bbox 134 563 1683 620; baseline -0.001 -15"><span class='ocrx_word' id='word_1_45' title='bbox 134 578 271 606; x_wconf 80' lang='lat' dir='ltr'>sarem</span> <span class='ocrx_word' id='word_1_46' title='bbox 310 563 580 614; x_wconf 81' lang='lat' dir='ltr'>incubuisse,</span> <span class='ocrx_word' id='word_1_47' title='bbox 621 571 669 606; x_wconf 90' lang='lat' dir='ltr'>ut</span> <span class='ocrx_word' id='word_1_48' title='bbox 700 563 851 606; x_wconf 89' lang='lat' dir='ltr'>consul</span> <span class='ocrx_word' id='word_1_49' title='bbox 880 563 1181 620; x_wconf 84' lang='lat' dir='ltr'>designaretur</span> <span class='ocrx_word' id='word_1_50' title='bbox 1208 564 1328 605; x_wconf 90' lang='lat' dir='ltr'>finito</span> <span class='ocrx_word' id='word_1_51' title='bbox 1361 563 1683 620; x_wconf 84' lang='lat' dir='ltr'>proconsulatu,</span> 
     </span>
     <span class='ocr_line' id='line_1_8' title="bbox 133 635 1683 692; baseline 0 -16"><span class='ocrx_word' id='word_1_52' title='bbox 133 635 257 678; x_wconf 88' lang='lat' dir='ltr'>cuius</span> <span class='ocrx_word' id='word_1_53' title='bbox 286 642 456 692; x_wconf 89' lang='lat' dir='ltr'>tempus</span> <span class='ocrx_word' id='word_1_54' title='bbox 485 636 521 678; x_wconf 90' lang='lat' dir='ltr'>si</span> <span class='ocrx_word' id='word_1_55' title='bbox 550 636 700 691; x_wconf 89' lang='lat' dir='ltr'>primis</span> <span class='ocrx_word' id='word_1_56' title='bbox 731 637 830 679; x_wconf 87' lang='lat' dir='ltr'>anni</span> <span class='ocrx_word' id='word_1_57' title='bbox 861 637 914 679; x_wconf 75' lang='lat'>50</span> <span class='ocrx_word' id='word_1_58' title='bbox 939 635 1164 679; x_wconf 81' lang='lat' dir='ltr'>&#39;mensibus</span> <span class='ocrx_word' id='word_1_59' title='bbox 1195 637 1377 686; x_wconf 85' lang='lat' dir='ltr'>exisset,</span> <span class='ocrx_word' id='word_1_60' title='bbox 1414 650 1555 678; x_wconf 89' lang='lat' dir='ltr'>nonne</span> <span class='ocrx_word' id='word_1_61' title='bbox 1581 649 1683 691; x_wconf 91' lang='lat' dir='ltr'>pro-</span> 
     </span>
     <span class='ocr_line' id='line_1_9' title="bbox 135 706 1683 764; baseline 0.001 -15"><span class='ocrx_word' id='word_1_62' title='bbox 135 706 275 750; x_wconf 84' lang='lat' dir='ltr'>babile</span> <span class='ocrx_word' id='word_1_63' title='bbox 309 715 374 750; x_wconf 89' lang='lat' dir='ltr'>est</span> <span class='ocrx_word' id='word_1_64' title='bbox 402 708 484 751; x_wconf 92' lang='lat' dir='ltr'>hoc</span> <span class='ocrx_word' id='word_1_65' title='bbox 512 723 610 751; x_wconf 88' lang='lat' dir='ltr'>eum</span> <span class='ocrx_word' id='word_1_66' title='bbox 638 709 774 751; x_wconf 87' lang='lat' dir='ltr'>fuisse</span> <span class='ocrx_word' id='word_1_67' title='bbox 806 715 1025 759; x_wconf 88' lang='lat' dir='ltr'>acturum,</span> <span class='ocrx_word' id='word_1_68' title='bbox 1064 717 1112 751; x_wconf 92' lang='lat' dir='ltr'>ut</span> <span class='ocrx_word' id='word_1_69' title='bbox 1139 709 1183 750; x_wconf 90' lang='lat' dir='ltr'>in</span> <span class='ocrx_word' id='word_1_70' title='bbox 1210 724 1369 751; x_wconf 88' lang='lat' dir='ltr'>annum</span> <span class='ocrx_word' id='word_1_71' title='bbox 1400 709 1452 751; x_wconf 73' lang='lat'>49</span> <span class='ocrx_word' id='word_1_72' title='bbox 1482 707 1683 764; x_wconf 87' lang='lat' dir='ltr'>designa-</span> 
     </span>
     <span class='ocr_line' id='line_1_10' title="bbox 134 779 1684 838; baseline -0.001 -17"><span class='ocrx_word' id='word_1_73' title='bbox 134 780 282 822; x_wconf 80' lang='lat' dir='ltr'>retur?</span> <span class='ocrx_word' id='word_1_74' title='bbox 337 779 426 824; x_wconf 88' lang='lat' dir='ltr'>Sed</span> <span class='ocrx_word' id='word_1_75' title='bbox 455 781 537 823; x_wconf 92' lang='lat' dir='ltr'>hoc</span> <span class='ocrx_word' id='word_1_76' title='bbox 563 796 688 824; x_wconf 90' lang='lat' dir='ltr'>nemo</span> <span class='ocrx_word' id='word_1_77' title='bbox 720 788 914 823; x_wconf 89' lang='lat' dir='ltr'>veterum</span> <span class='ocrx_word' id='word_1_78' title='bbox 943 781 1086 832; x_wconf 84' lang='lat' dir='ltr'>tradit,</span> <span class='ocrx_word' id='word_1_79' title='bbox 1119 782 1193 837; x_wconf 91' lang='lat' dir='ltr'>qui</span> <span class='ocrx_word' id='word_1_80' title='bbox 1222 782 1266 823; x_wconf 90' lang='lat' dir='ltr'>in</span> <span class='ocrx_word' id='word_1_81' title='bbox 1298 796 1348 824; x_wconf 90' lang='lat' dir='ltr'>eo</span> <span class='ocrx_word' id='word_1_82' title='bbox 1377 795 1554 838; x_wconf 88' lang='lat' dir='ltr'>prorsus</span> <span class='ocrx_word' id='word_1_83' title='bbox 1581 794 1684 822; x_wconf 91' lang='lat' dir='ltr'>con-</span> 
     </span>
     <span class='ocr_line' id='line_1_11' title="bbox 136 848 1734 904; baseline -0.001 -10"><span class='ocrx_word' id='word_1_84' title='bbox 136 852 336 904; x_wconf 84' lang='lat' dir='ltr'>sentiunt,</span> <span class='ocrx_word' id='word_1_85' title='bbox 368 861 416 895; x_wconf 92' lang='lat' dir='ltr'>ut</span> <span class='ocrx_word' id='word_1_86' title='bbox 448 869 546 896; x_wconf 91' lang='lat' dir='ltr'>eum</span> <span class='ocrx_word' id='word_1_87' title='bbox 576 854 620 895; x_wconf 92' lang='lat' dir='ltr'>in</span> <span class='ocrx_word' id='word_1_88' title='bbox 649 869 808 896; x_wconf 90' lang='lat' dir='ltr'>annum</span> <span class='ocrx_word' id='word_1_89' title='bbox 839 848 891 896; x_wconf 71' lang='lat'>48</span> <span class='ocrx_word' id='word_1_90' title='bbox 919 854 1138 896; x_wconf 91' lang='lat' dir='ltr'>consulem</span> <span class='ocrx_word' id='word_1_91' title='bbox 1164 854 1256 896; x_wconf 88' lang='lat' dir='ltr'>fieri</span> <span class='ocrx_word' id='word_1_92' title='bbox 1284 854 1474 896; x_wconf 88' lang='lat' dir='ltr'>voluisse</span> <span class='ocrx_word' id='word_1_93' title='bbox 1499 858 1684 894; x_wconf 87' lang='lat' dir='ltr'>narrent.</span> <span class='ocrx_word' id='word_1_94' title='bbox 1724 886 1734 893; x_wconf 31' lang='grc' dir='ltr'>κ</span> 
     </span>
     <span class='ocr_line' id='line_1_12' title="bbox 136 923 1684 974; baseline -0.002 -7"><span class='ocrx_word' id='word_1_95' title='bbox 136 923 321 968; x_wconf 88' lang='lat' dir='ltr'>Comitia</span> <span class='ocrx_word' id='word_1_96' title='bbox 358 933 500 968; x_wconf 89' lang='lat' dir='ltr'>autem</span> <span class='ocrx_word' id='word_1_97' title='bbox 539 927 779 968; x_wconf 86' lang='lat' dir='ltr'>consularia</span> <span class='ocrx_word' id='word_1_98' title='bbox 813 926 955 968; x_wconf 89' lang='lat' dir='ltr'>medio</span> <span class='ocrx_word' id='word_1_99' title='bbox 996 926 1085 968; x_wconf 88' lang='lat' dir='ltr'>fere</span> <span class='ocrx_word' id='word_1_100' title='bbox 1123 941 1234 968; x_wconf 88' lang='lat' dir='ltr'>anno</span> <span class='ocrx_word' id='word_1_101' title='bbox 1270 934 1373 968; x_wconf 90' lang='lat' dir='ltr'>tunc</span> <span class='ocrx_word' id='word_1_102' title='bbox 1403 924 1684 974; x_wconf 82' lang='lat' dir='ltr'>habebantur,</span> 
     </span>
     <span class='ocr_line' id='line_1_13' title="bbox 135 995 1685 1055; baseline -0.001 -16"><span class='ocrx_word' id='word_1_103' title='bbox 135 1012 245 1040; x_wconf 87' lang='lat' dir='ltr'>anno</span> <span class='ocrx_word' id='word_1_104' title='bbox 282 997 458 1053; x_wconf 89' lang='lat' dir='ltr'>quidem</span> <span class='ocrx_word' id='word_1_105' title='bbox 489 999 542 1041; x_wconf 70' lang='lat'>50</span> <span class='ocrx_word' id='word_1_106' title='bbox 570 1005 795 1055; x_wconf 84' lang='lat' dir='ltr'>postquam</span> <span class='ocrx_word' id='word_1_107' title='bbox 825 998 1049 1055; x_wconf 92' lang='lat' dir='ltr'>paululum</span> <span class='ocrx_word' id='word_1_108' title='bbox 1083 998 1213 1041; x_wconf 89' lang='lat' dir='ltr'>dilata</span> <span class='ocrx_word' id='word_1_109' title='bbox 1251 1006 1372 1048; x_wconf 86' lang='lat' dir='ltr'>sunt,</span> <span class='ocrx_word' id='word_1_110' title='bbox 1412 996 1504 1040; x_wconf 87' lang='lat' dir='ltr'>Cal.</span> <span class='ocrx_word' id='word_1_111' title='bbox 1535 995 1685 1038; x_wconf 86' lang='lat' dir='ltr'>Sextil.</span> 
     </span>
     <span class='ocr_line' id='line_1_14' title="bbox 134 1068 1684 1127; baseline -0.001 -16"><span class='ocrx_word' id='word_1_112' title='bbox 134 1068 279 1112; x_wconf 86' lang='lat' dir='ltr'>habita</span> <span class='ocrx_word' id='word_1_113' title='bbox 303 1085 398 1112; x_wconf 87' lang='lat' dir='ltr'>esse</span> <span class='ocrx_word' id='word_1_114' title='bbox 427 1086 480 1112; x_wconf 83' lang='lat' dir='ltr'>ex</span> <span class='ocrx_word' id='word_1_115' title='bbox 503 1069 638 1113; x_wconf 84' lang='lat' dir='ltr'>Caelii</span> <span class='ocrx_word' id='word_1_116' title='bbox 669 1071 848 1127; x_wconf 86' lang='lat' dir='ltr'>epistola</span> <span class='ocrx_word' id='word_1_117' title='bbox 875 1070 992 1127; x_wconf 88' lang='lat' dir='ltr'>apud</span> <span class='ocrx_word' id='word_1_118' title='bbox 1017 1069 1107 1112; x_wconf 88' lang='lat' dir='ltr'>Cic.</span> <span class='ocrx_word' id='word_1_119' title='bbox 1130 1071 1252 1126; x_wconf 88' lang='lat' dir='ltr'>epist.</span> <span class='ocrx_word' id='word_1_120' title='bbox 1272 1070 1396 1121; x_wconf 90' lang='lat' dir='ltr'>VIII,</span> <span class='ocrx_word' id='word_1_121' title='bbox 1416 1070 1440 1112; x_wconf 73' lang='lat'>4</span> <span class='ocrx_word' id='word_1_122' title='bbox 1464 1069 1684 1111; x_wconf 89' lang='lat' dir='ltr'>discimus.</span> 
     </span>
     <span class='ocr_line' id='line_1_15' title="bbox 136 1140 1685 1199; baseline -0.001 -16"><span class='ocrx_word' id='word_1_123' title='bbox 136 1140 283 1195; x_wconf 84' lang='lat' dir='ltr'>Quare</span> <span class='ocrx_word' id='word_1_124' title='bbox 323 1141 367 1183; x_wconf 89' lang='lat' dir='ltr'>in</span> <span class='ocrx_word' id='word_1_125' title='bbox 407 1143 640 1199; x_wconf 89' lang='lat' dir='ltr'>posteriore</span> <span class='ocrx_word' id='word_1_126' title='bbox 677 1143 775 1186; x_wconf 88' lang='lat' dir='ltr'>anni</span> <span class='ocrx_word' id='word_1_127' title='bbox 805 1143 859 1186; x_wconf 81' lang='lat'>50</span> <span class='ocrx_word' id='word_1_128' title='bbox 897 1150 1018 1199; x_wconf 85' lang='lat' dir='ltr'>parte</span> <span class='ocrx_word' id='word_1_129' title='bbox 1049 1141 1249 1185; x_wconf 88' lang='lat' dir='ltr'>Caesaris</span> <span class='ocrx_word' id='word_1_130' title='bbox 1287 1142 1515 1199; x_wconf 88' lang='lat' dir='ltr'>imperium</span> <span class='ocrx_word' id='word_1_131' title='bbox 1545 1141 1685 1182; x_wconf 88' lang='lat' dir='ltr'>exisse</span> 
     </span>
     <span class='ocr_line' id='line_1_16' title="bbox 135 1212 1686 1272; baseline -0.001 -17"><span class='ocrx_word' id='word_1_132' title='bbox 135 1213 429 1270; x_wconf 88' lang='lat' dir='ltr'>intelligimus.</span> <span class='ocrx_word' id='word_1_133' title='bbox 488 1215 577 1271; x_wconf 86' lang='lat' dir='ltr'>Agi</span> <span class='ocrx_word' id='word_1_134' title='bbox 616 1222 758 1258; x_wconf 90' lang='lat' dir='ltr'>autem</span> <span class='ocrx_word' id='word_1_135' title='bbox 795 1223 992 1272; x_wconf 90' lang='lat' dir='ltr'>coeptum</span> <span class='ocrx_word' id='word_1_136' title='bbox 1031 1222 1097 1258; x_wconf 89' lang='lat' dir='ltr'>est</span> <span class='ocrx_word' id='word_1_137' title='bbox 1135 1215 1189 1257; x_wconf 88' lang='lat' dir='ltr'>de</span> <span class='ocrx_word' id='word_1_138' title='bbox 1231 1228 1481 1258; x_wconf 87' lang='lat' dir='ltr'>successore</span> <span class='ocrx_word' id='word_1_139' title='bbox 1519 1213 1559 1255; x_wconf 91' lang='lat' dir='ltr'>ei</span> <span class='ocrx_word' id='word_1_140' title='bbox 1587 1212 1686 1254; x_wconf 91' lang='lat' dir='ltr'>mit-</span> 
     </span>
     <span class='ocr_line' id='line_1_17' title="bbox 137 1286 1686 1338; baseline -0.001 -11"><span class='ocrx_word' id='word_1_141' title='bbox 137 1286 267 1328; x_wconf 88' lang='lat' dir='ltr'>tendo</span> <span class='ocrx_word' id='word_1_142' title='bbox 305 1287 388 1328; x_wconf 85' lang='lat' dir='ltr'>iam</span> <span class='ocrx_word' id='word_1_143' title='bbox 430 1302 540 1329; x_wconf 90' lang='lat' dir='ltr'>anno</span> <span class='ocrx_word' id='word_1_144' title='bbox 582 1288 656 1338; x_wconf 77' lang='lat'>51,</span> <span class='ocrx_word' id='word_1_145' title='bbox 701 1303 798 1330; x_wconf 92' lang='lat' dir='ltr'>cum</span> <span class='ocrx_word' id='word_1_146' title='bbox 842 1292 901 1329; x_wconf 88' lang='lat' dir='ltr'>M.</span> <span class='ocrx_word' id='word_1_147' title='bbox 941 1290 1140 1331; x_wconf 76' lang='lat' dir='ltr'>Claudius</span> <span class='ocrx_word' id='word_1_148' title='bbox 1175 1289 1404 1328; x_wconf 79' lang='lat' dir='ltr'>Marcellus</span> <span class='ocrx_word' id='word_1_149' title='bbox 1448 1301 1522 1327; x_wconf 82' lang='lat' dir='ltr'>cos.</span> <span class='ocrx_word' id='word_1_150' title='bbox 1557 1287 1686 1327; x_wconf 77' lang='lat' dir='ltr'>edicto</span> 
     </span>
     <span class='ocr_line' id='line_1_18' title="bbox 131 1359 1685 1413; baseline -0.002 -14"><span class='ocrx_word' id='word_1_151' title='bbox 131 1361 358 1411; x_wconf 77' lang='lat' dir='ltr'>praefatus</span> <span class='ocrx_word' id='word_1_152' title='bbox 393 1361 440 1401; x_wconf 87' lang='lat' dir='ltr'>de</span> <span class='ocrx_word' id='word_1_153' title='bbox 475 1375 635 1401; x_wconf 79' lang='lat' dir='ltr'>summa</span> <span class='ocrx_word' id='word_1_154' title='bbox 672 1375 711 1401; x_wconf 84' lang='lat' dir='ltr'>se</span> <span class='ocrx_word' id='word_1_155' title='bbox 752 1361 960 1413; x_wconf 79' lang='lat' dir='ltr'>republica</span> <span class='ocrx_word' id='word_1_156' title='bbox 997 1367 1192 1401; x_wconf 80' lang='lat' dir='ltr'>actarum</span> <span class='ocrx_word' id='word_1_157' title='bbox 1222 1361 1368 1400; x_wconf 78' lang='lat' dir='ltr'>retulit</span> <span class='ocrx_word' id='word_1_158' title='bbox 1398 1359 1456 1399; x_wconf 83' lang='lat' dir='ltr'>ad</span> <span class='ocrx_word' id='word_1_159' title='bbox 1482 1363 1685 1406; x_wconf 82' lang='lat' dir='ltr'>senatum,</span> 
     </span>
     <span class='ocr_line' id='line_1_19' title="bbox 136 1432 1688 1486; baseline -0.001 -15"><span class='ocrx_word' id='word_1_160' title='bbox 136 1437 186 1471; x_wconf 81' lang='lat' dir='ltr'>ut</span> <span class='ocrx_word' id='word_1_161' title='bbox 210 1433 252 1471; x_wconf 81' lang='lat' dir='ltr'>ei</span> <span class='ocrx_word' id='word_1_162' title='bbox 275 1434 557 1474; x_wconf 55' lang='lat' dir='ltr'>mco-ederetur</span> <span class='ocrx_word' id='word_1_163' title='bbox 587 1439 685 1473; x_wconf 83' lang='lat' dir='ltr'>ante</span> <span class='ocrx_word' id='word_1_164' title='bbox 711 1439 880 1486; x_wconf 80' lang='lat' dir='ltr'>tempus,</span> <span class='ocrx_word' id='word_1_165' title='bbox 909 1435 1103 1486; x_wconf 81' lang='lat' dir='ltr'>quoniam</span> <span class='ocrx_word' id='word_1_166' title='bbox 1129 1433 1229 1473; x_wconf 82' lang='lat' dir='ltr'>bello</span> <span class='ocrx_word' id='word_1_167' title='bbox 1259 1432 1447 1484; x_wconf 80' lang='lat' dir='ltr'>confecto</span> <span class='ocrx_word' id='word_1_168' title='bbox 1474 1444 1564 1483; x_wconf 77' lang='lat' dir='ltr'>pax</span> <span class='ocrx_word' id='word_1_169' title='bbox 1588 1435 1688 1470; x_wconf 85' lang='lat' dir='ltr'>esset</span> 
     </span>
     <span class='ocr_line' id='line_1_20' title="bbox 137 1492 1686 1561; baseline 0 -18"><span class='ocrx_word' id='word_1_170' title='bbox 137 1517 188 1544; x_wconf 83' lang='lat' dir='ltr'>ac</span> <span class='ocrx_word' id='word_1_171' title='bbox 215 1492 382 1545; x_wconf 62' lang='lat' dir='ltr'>dimitti</span> <span class='ocrx_word' id='word_1_172' title='bbox 399 1505 555 1547; x_wconf 79' lang='lat' dir='ltr'>deberet</span> <span class='ocrx_word' id='word_1_173' title='bbox 584 1508 713 1546; x_wconf 75' lang='lat' dir='ltr'>victor</span> <span class='ocrx_word' id='word_1_174' title='bbox 740 1509 943 1546; x_wconf 62' lang='lat' dir='ltr'>mer-citus</span> <span class='ocrx_word' id='word_1_175' title='bbox 969 1503 1097 1561; x_wconf 90' lang='lat' dir='ltr'>(Suet</span> <span class='ocrx_word' id='word_1_176' title='bbox 1118 1503 1244 1546; x_wconf 86' lang='lat' dir='ltr'>Caes.</span> <span class='ocrx_word' id='word_1_177' title='bbox 1271 1518 1307 1545; x_wconf 93' lang='lat' dir='ltr'>c.</span> <span class='ocrx_word' id='word_1_178' title='bbox 1327 1503 1416 1558; x_wconf 78' lang='lat'>28).</span> <span class='ocrx_word' id='word_1_179' title='bbox 1468 1500 1686 1544; x_wconf 85' lang='lat' dir='ltr'>Statuerat</span> 
     </span>
     <span class='ocr_line' id='line_1_21' title="bbox 137 1573 1680 1632; baseline -0.001 -15"><span class='ocrx_word' id='word_1_180' title='bbox 137 1575 192 1618; x_wconf 89' lang='lat' dir='ltr'>de</span> <span class='ocrx_word' id='word_1_181' title='bbox 222 1590 272 1617; x_wconf 87' lang='lat' dir='ltr'>ea</span> <span class='ocrx_word' id='word_1_182' title='bbox 301 1591 347 1617; x_wconf 90' lang='lat' dir='ltr'>re</span> <span class='ocrx_word' id='word_1_183' title='bbox 375 1590 503 1632; x_wconf 87' lang='lat' dir='ltr'>agere</span> <span class='ocrx_word' id='word_1_184' title='bbox 533 1577 595 1619; x_wconf 93' lang='lat' dir='ltr'>M.</span> <span class='ocrx_word' id='word_1_185' title='bbox 621 1577 855 1619; x_wconf 90' lang='lat' dir='ltr'>Marcellus</span> <span class='ocrx_word' id='word_1_186' title='bbox 885 1576 971 1618; x_wconf 87' lang='lat' dir='ltr'>iam</span> <span class='ocrx_word' id='word_1_187' title='bbox 997 1577 1116 1618; x_wconf 90' lang='lat' dir='ltr'>initio</span> <span class='ocrx_word' id='word_1_188' title='bbox 1144 1577 1239 1632; x_wconf 93' lang='lat' dir='ltr'>ipso</span> <span class='ocrx_word' id='word_1_189' title='bbox 1266 1575 1378 1625; x_wconf 83' lang='lat' dir='ltr'>anni,</span> <span class='ocrx_word' id='word_1_190' title='bbox 1411 1574 1487 1617; x_wconf 88' lang='lat' dir='ltr'>sed</span> <span class='ocrx_word' id='word_1_191' title='bbox 1513 1573 1680 1616; x_wconf 87' lang='lat' dir='ltr'>distulit</span> 
     </span>
     <span class='ocr_line' id='line_1_22' title="bbox 137 1646 1687 1705; baseline -0.002 -15"><span class='ocrx_word' id='word_1_192' title='bbox 137 1648 182 1690; x_wconf 89' lang='lat' dir='ltr'>in</span> <span class='ocrx_word' id='word_1_193' title='bbox 200 1646 292 1691; x_wconf 89' lang='lat' dir='ltr'>Cal.</span> <span class='ocrx_word' id='word_1_194' title='bbox 315 1648 462 1691; x_wconf 88' lang='lat' dir='ltr'>Iunias</span> <span class='ocrx_word' id='word_1_195' title='bbox 481 1646 620 1705; x_wconf 86' lang='lat' dir='ltr'>(Cael.</span> <span class='ocrx_word' id='word_1_196' title='bbox 640 1649 756 1705; x_wconf 88' lang='lat' dir='ltr'>apud</span> <span class='ocrx_word' id='word_1_197' title='bbox 777 1647 868 1690; x_wconf 91' lang='lat' dir='ltr'>Cic.</span> <span class='ocrx_word' id='word_1_198' title='bbox 888 1649 1010 1704; x_wconf 85' lang='lat' dir='ltr'>epist.</span> <span class='ocrx_word' id='word_1_199' title='bbox 1029 1648 1153 1698; x_wconf 91' lang='lat' dir='ltr'>VIII,</span> <span class='ocrx_word' id='word_1_200' title='bbox 1176 1651 1211 1698; x_wconf 86' lang='grc'>1,</span> <span class='ocrx_word' id='word_1_201' title='bbox 1229 1648 1289 1703; x_wconf 80' lang='lat'>3),</span> <span class='ocrx_word' id='word_1_202' title='bbox 1315 1661 1401 1703; x_wconf 90' lang='lat' dir='ltr'>quo</span> <span class='ocrx_word' id='word_1_203' title='bbox 1420 1653 1569 1688; x_wconf 88' lang='lat' dir='ltr'>senatu</span> <span class='ocrx_word' id='word_1_204' title='bbox 1588 1660 1687 1687; x_wconf 92' lang='lat' dir='ltr'>cum</span> 
     </span>
     <span class='ocr_line' id='line_1_23' title="bbox 137 1718 1687 1775; baseline -0.001 -13"><span class='ocrx_word' id='word_1_205' title='bbox 137 1735 223 1762; x_wconf 91' lang='lat' dir='ltr'>non</span> <span class='ocrx_word' id='word_1_206' title='bbox 255 1728 369 1763; x_wconf 89' lang='lat' dir='ltr'>esset</span> <span class='ocrx_word' id='word_1_207' title='bbox 395 1728 536 1763; x_wconf 88' lang='lat' dir='ltr'>actum</span> <span class='ocrx_word' id='word_1_208' title='bbox 550 1752 561 1771; x_wconf 93' lang='lat'>,</span> <span class='ocrx_word' id='word_1_209' title='bbox 595 1721 752 1763; x_wconf 86' lang='lat' dir='ltr'>reiecta</span> <span class='ocrx_word' id='word_1_210' title='bbox 768 1736 838 1763; x_wconf 89' lang='lat' dir='ltr'>res</span> <span class='ocrx_word' id='word_1_211' title='bbox 860 1727 924 1763; x_wconf 90' lang='lat' dir='ltr'>est</span> <span class='ocrx_word' id='word_1_212' title='bbox 941 1721 984 1761; x_wconf 92' lang='lat' dir='ltr'>in</span> <span class='ocrx_word' id='word_1_213' title='bbox 1002 1720 1108 1762; x_wconf 90' lang='lat' dir='ltr'>Idus</span> <span class='ocrx_word' id='word_1_214' title='bbox 1129 1718 1314 1762; x_wconf 88' lang='lat' dir='ltr'>Sextiles</span> <span class='ocrx_word' id='word_1_215' title='bbox 1339 1718 1463 1775; x_wconf 88' lang='lat' dir='ltr'>(ibid.</span> <span class='ocrx_word' id='word_1_216' title='bbox 1485 1733 1551 1775; x_wconf 87' lang='lat' dir='ltr'>ep.</span> <span class='ocrx_word' id='word_1_217' title='bbox 1568 1718 1607 1768; x_wconf 73' lang='lat'>4,</span> <span class='ocrx_word' id='word_1_218' title='bbox 1627 1718 1687 1773; x_wconf 79' lang='lat'>4),</span> 
     </span>
     <span class='ocr_line' id='line_1_24' title="bbox 142 1790 1687 1848; baseline -0.002 -14"><span class='ocrx_word' id='word_1_219' title='bbox 142 1792 218 1834; x_wconf 88' lang='lat' dir='ltr'>sed</span> <span class='ocrx_word' id='word_1_220' title='bbox 249 1806 347 1834; x_wconf 89' lang='lat' dir='ltr'>cum</span> <span class='ocrx_word' id='word_1_221' title='bbox 376 1799 480 1834; x_wconf 88' lang='lat' dir='ltr'>tunc</span> <span class='ocrx_word' id='word_1_222' title='bbox 509 1807 680 1848; x_wconf 91' lang='lat' dir='ltr'>quoque</span> <span class='ocrx_word' id='word_1_223' title='bbox 712 1793 874 1835; x_wconf 92' lang='lat' dir='ltr'>iudicio</span> <span class='ocrx_word' id='word_1_224' title='bbox 902 1790 952 1835; x_wconf 91' lang='lat' dir='ltr'>C.</span> <span class='ocrx_word' id='word_1_225' title='bbox 969 1791 1166 1834; x_wconf 88' lang='lat' dir='ltr'>Marcelli</span> <span class='ocrx_word' id='word_1_226' title='bbox 1195 1806 1281 1834; x_wconf 91' lang='lat' dir='ltr'>cos.</span> <span class='ocrx_word' id='word_1_227' title='bbox 1313 1790 1527 1847; x_wconf 88' lang='lat' dir='ltr'>designati</span> <span class='ocrx_word' id='word_1_228' title='bbox 1555 1791 1687 1832; x_wconf 90' lang='lat' dir='ltr'>inter-</span> 
     </span>
     <span class='ocr_line' id='line_1_25' title="bbox 140 1858 1692 1920; baseline -0.001 -14"><span class='ocrx_word' id='word_1_229' title='bbox 140 1864 294 1920; x_wconf 87' lang='lat' dir='ltr'>pellata</span> <span class='ocrx_word' id='word_1_230' title='bbox 322 1872 448 1915; x_wconf 89' lang='lat' dir='ltr'>esset,</span> <span class='ocrx_word' id='word_1_231' title='bbox 485 1864 608 1920; x_wconf 91' lang='lat' dir='ltr'>(ibid.</span> <span class='ocrx_word' id='word_1_232' title='bbox 636 1865 675 1915; x_wconf 82' lang='lat'>9,</span> <span class='ocrx_word' id='word_1_233' title='bbox 706 1865 767 1917; x_wconf 77' lang='lat'>2),</span> <span class='ocrx_word' id='word_1_234' title='bbox 801 1865 972 1906; x_wconf 87' lang='lat' dir='ltr'>tandem</span> <span class='ocrx_word' id='word_1_235' title='bbox 1002 1870 1181 1906; x_wconf 88' lang='lat' dir='ltr'>tractata</span> <span class='ocrx_word' id='word_1_236' title='bbox 1212 1871 1276 1906; x_wconf 91' lang='lat' dir='ltr'>est</span> <span class='ocrx_word' id='word_1_237' title='bbox 1305 1863 1416 1920; x_wconf 90' lang='lat' dir='ltr'>prid.</span> <span class='ocrx_word' id='word_1_238' title='bbox 1440 1861 1533 1906; x_wconf 75' lang='lat' dir='ltr'>Cal.</span> <span class='ocrx_word' id='word_1_239' title='bbox 1553 1858 1692 1905; x_wconf 35' lang='lat' dir='ltr'>Octo-*</span> 
     </span>
     <span class='ocr_line' id='line_1_26' title="bbox 139 1934 1689 1993; baseline -0.001 -15"><span class='ocrx_word' id='word_1_240' title='bbox 139 1936 238 1978; x_wconf 89' lang='lat' dir='ltr'>bres</span> <span class='ocrx_word' id='word_1_241' title='bbox 291 1937 651 1993; x_wconf 87' lang='lat' dir='ltr'>auctoritatesque</span> <span class='ocrx_word' id='word_1_242' title='bbox 704 1952 778 1979; x_wconf 89' lang='lat' dir='ltr'>eae</span> <span class='ocrx_word' id='word_1_243' title='bbox 831 1937 1117 1993; x_wconf 86' lang='lat' dir='ltr'>perscriptae,</span> <span class='ocrx_word' id='word_1_244' title='bbox 1181 1951 1287 1992; x_wconf 87' lang='lat' dir='ltr'>quas</span> <span class='ocrx_word' id='word_1_245' title='bbox 1342 1934 1517 1979; x_wconf 85' lang='lat' dir='ltr'>Caelius</span> <span class='ocrx_word' id='word_1_246' title='bbox 1572 1934 1689 1991; x_wconf 91' lang='lat' dir='ltr'>apud</span> 
     </span>
     <span class='ocr_line' id='line_1_27' title="bbox 141 2006 1689 2065; baseline -0.001 -16"><span class='ocrx_word' id='word_1_247' title='bbox 141 2006 231 2050; x_wconf 91' lang='lat' dir='ltr'>Cic.</span> <span class='ocrx_word' id='word_1_248' title='bbox 261 2009 384 2065; x_wconf 91' lang='lat' dir='ltr'>epist.</span> <span class='ocrx_word' id='word_1_249' title='bbox 409 2009 539 2059; x_wconf 92' lang='lat' dir='ltr'>VIII,</span> <span class='ocrx_word' id='word_1_250' title='bbox 575 2010 600 2052; x_wconf 85' lang='lat'>8</span> <span class='ocrx_word' id='word_1_251' title='bbox 627 2009 769 2051; x_wconf 87' lang='lat' dir='ltr'>refert.</span> <span class='ocrx_word' id='word_1_252' title='bbox 829 2010 879 2051; x_wconf 94' lang='lat' dir='ltr'>In</span> <span class='ocrx_word' id='word_1_253' title='bbox 908 2008 1064 2064; x_wconf 91' lang='lat' dir='ltr'>quibus</span> <span class='ocrx_word' id='word_1_254' title='bbox 1094 2008 1177 2051; x_wconf 91' lang='lat' dir='ltr'>hoc</span> <span class='ocrx_word' id='word_1_255' title='bbox 1203 2015 1305 2059; x_wconf 88' lang='lat' dir='ltr'>erat,</span> <span class='ocrx_word' id='word_1_256' title='bbox 1335 2015 1384 2050; x_wconf 92' lang='lat' dir='ltr'>ut</span> <span class='ocrx_word' id='word_1_257' title='bbox 1407 2006 1500 2050; x_wconf 89' lang='lat' dir='ltr'>Cal.</span> <span class='ocrx_word' id='word_1_258' title='bbox 1519 2007 1689 2049; x_wconf 89' lang='lat' dir='ltr'>Martiis</span> 
     </span>
     <span class='ocr_line' id='line_1_28' title="bbox 140 2078 1688 2136; baseline -0.001 -14"><span class='ocrx_word' id='word_1_259' title='bbox 140 2082 239 2122; x_wconf 88' lang='lat' dir='ltr'>anni</span> <span class='ocrx_word' id='word_1_260' title='bbox 260 2081 313 2124; x_wconf 74' lang='lat'>50</span> <span class='ocrx_word' id='word_1_261' title='bbox 337 2081 391 2123; x_wconf 90' lang='lat' dir='ltr'>de</span> <span class='ocrx_word' id='word_1_262' title='bbox 413 2081 685 2123; x_wconf 88' lang='lat' dir='ltr'>successione</span> <span class='ocrx_word' id='word_1_263' title='bbox 705 2080 945 2124; x_wconf 87' lang='lat' dir='ltr'>Galliarum</span> <span class='ocrx_word' id='word_1_264' title='bbox 969 2081 1242 2136; x_wconf 89' lang='lat' dir='ltr'>emeritisque</span> <span class='ocrx_word' id='word_1_265' title='bbox 1259 2078 1458 2123; x_wconf 85' lang='lat' dir='ltr'>Caesaris</span> <span class='ocrx_word' id='word_1_266' title='bbox 1481 2079 1688 2122; x_wconf 89' lang='lat' dir='ltr'>militibus</span> 
     </span>
     <span class='ocr_line' id='line_1_29' title="bbox 140 2152 1689 2208; baseline 0 -15"><span class='ocrx_word' id='word_1_267' title='bbox 140 2153 184 2193; x_wconf 91' lang='lat' dir='ltr'>in</span> <span class='ocrx_word' id='word_1_268' title='bbox 225 2159 373 2194; x_wconf 88' lang='lat' dir='ltr'>senatu</span> <span class='ocrx_word' id='word_1_269' title='bbox 412 2159 626 2208; x_wconf 82' lang='lat' dir='ltr'>ageretur.</span> <span class='ocrx_word' id='word_1_270' title='bbox 684 2153 772 2195; x_wconf 87' lang='lat' dir='ltr'>Sed</span> <span class='ocrx_word' id='word_1_271' title='bbox 806 2153 883 2196; x_wconf 88' lang='lat' dir='ltr'>has</span> <span class='ocrx_word' id='word_1_272' title='bbox 915 2153 977 2194; x_wconf 93' lang='lat' dir='ltr'>M.</span> <span class='ocrx_word' id='word_1_273' title='bbox 1004 2153 1199 2195; x_wconf 90' lang='lat' dir='ltr'>Marcelli</span> <span class='ocrx_word' id='word_1_274' title='bbox 1231 2152 1419 2195; x_wconf 89' lang='lat' dir='ltr'>actiones</span> <span class='ocrx_word' id='word_1_275' title='bbox 1451 2160 1578 2208; x_wconf 88' lang='lat' dir='ltr'>atque</span> <span class='ocrx_word' id='word_1_276' title='bbox 1609 2152 1689 2193; x_wconf 91' lang='lat' dir='ltr'>im-</span> 
     </span>
     <span class='ocr_line' id='line_1_30' title="bbox 140 2222 1690 2281; baseline 0 -16"><span class='ocrx_word' id='word_1_277' title='bbox 140 2231 266 2280; x_wconf 90' lang='lat' dir='ltr'>petus</span> <span class='ocrx_word' id='word_1_278' title='bbox 303 2231 476 2267; x_wconf 88' lang='lat' dir='ltr'>narrant</span> <span class='ocrx_word' id='word_1_279' title='bbox 510 2240 658 2267; x_wconf 88' lang='lat' dir='ltr'>omnes</span> <span class='ocrx_word' id='word_1_280' title='bbox 697 2226 832 2268; x_wconf 83' lang='lat' dir='ltr'>factos</span> <span class='ocrx_word' id='word_1_281' title='bbox 863 2240 957 2267; x_wconf 88' lang='lat' dir='ltr'>esse</span> <span class='ocrx_word' id='word_1_282' title='bbox 990 2232 1217 2281; x_wconf 89' lang='lat' dir='ltr'>antequam</span> <span class='ocrx_word' id='word_1_283' title='bbox 1248 2222 1423 2266; x_wconf 86' lang='lat' dir='ltr'>Caesari</span> <span class='ocrx_word' id='word_1_284' title='bbox 1452 2238 1690 2280; x_wconf 91' lang='lat' dir='ltr'>proconsu—</span> 
     </span>
     <span class='ocr_line' id='line_1_31' title="bbox 141 2295 1689 2352; baseline 0 -16"><span class='ocrx_word' id='word_1_285' title='bbox 141 2295 253 2337; x_wconf 90' lang='lat' dir='ltr'>latus</span> <span class='ocrx_word' id='word_1_286' title='bbox 291 2296 468 2346; x_wconf 87' lang='lat' dir='ltr'>exisset,</span> <span class='ocrx_word' id='word_1_287' title='bbox 506 2312 591 2339; x_wconf 92' lang='lat' dir='ltr'>non</span> <span class='ocrx_word' id='word_1_288' title='bbox 630 2297 759 2339; x_wconf 90' lang='lat' dir='ltr'>modo</span> <span class='ocrx_word' id='word_1_289' title='bbox 794 2295 1050 2346; x_wconf 89' lang='lat' dir='ltr'>Suetonius,</span> <span class='ocrx_word' id='word_1_290' title='bbox 1091 2312 1220 2352; x_wconf 88' lang='lat' dir='ltr'>quem</span> <span class='ocrx_word' id='word_1_291' title='bbox 1249 2297 1497 2346; x_wconf 86' lang='lat' dir='ltr'>citavimus,</span> <span class='ocrx_word' id='word_1_292' title='bbox 1540 2310 1689 2338; x_wconf 89' lang='lat' dir='ltr'>verum</span> 
     </span>
     <span class='ocr_line' id='line_1_32' title="bbox 143 2368 1690 2424; baseline 0 -16"><span class='ocrx_word' id='word_1_293' title='bbox 143 2368 267 2409; x_wconf 88' lang='lat' dir='ltr'>etiam</span> <span class='ocrx_word' id='word_1_294' title='bbox 296 2368 524 2424; x_wconf 89' lang='lat' dir='ltr'>Appianus</span> <span class='ocrx_word' id='word_1_295' title='bbox 554 2369 653 2411; x_wconf 89' lang='lat' dir='ltr'>bell.</span> <span class='ocrx_word' id='word_1_296' title='bbox 683 2370 763 2411; x_wconf 90' lang='lat' dir='ltr'>civ.</span> <span class='ocrx_word' id='word_1_297' title='bbox 790 2369 855 2419; x_wconf 91' lang='lat' dir='ltr'>II,</span> <span class='ocrx_word' id='word_1_298' title='bbox 888 2369 942 2412; x_wconf 80' lang='lat'>26</span> <span class='ocrx_word' id='word_1_299' title='bbox 972 2376 1013 2411; x_wconf 91' lang='lat' dir='ltr'>et</span> <span class='ocrx_word' id='word_1_300' title='bbox 1042 2368 1129 2410; x_wconf 94' lang='lat' dir='ltr'>Dio</span> <span class='ocrx_word' id='word_1_301' title='bbox 1155 2368 1265 2418; x_wconf 90' lang='lat' dir='ltr'>XL,</span> <span class='ocrx_word' id='word_1_302' title='bbox 1298 2368 1365 2410; x_wconf 78' lang='lat'>59.</span> <span class='ocrx_word' id='word_1_303' title='bbox 1422 2368 1567 2423; x_wconf 92' lang='lat' dir='ltr'>Atque</span> <span class='ocrx_word' id='word_1_304' title='bbox 1598 2382 1690 2409; x_wconf 87' lang='lat' dir='ltr'>eam</span> 
     </span>
     <span class='ocr_line' id='line_1_33' title="bbox 143 2438 1691 2497; baseline -0.001 -16"><span class='ocrx_word' id='word_1_305' title='bbox 143 2438 198 2481; x_wconf 95' lang='lat' dir='ltr'>ob</span> <span class='ocrx_word' id='word_1_306' title='bbox 226 2454 397 2482; x_wconf 84' lang='lat' dir='ltr'>causam</span> <span class='ocrx_word' id='word_1_307' title='bbox 427 2440 531 2483; x_wconf 88' lang='lat' dir='ltr'>haec</span> <span class='ocrx_word' id='word_1_308' title='bbox 561 2439 642 2483; x_wconf 90' lang='lat' dir='ltr'>Cn.</span> <span class='ocrx_word' id='word_1_309' title='bbox 667 2441 902 2497; x_wconf 89' lang='lat' dir='ltr'>Pompeius</span> <span class='ocrx_word' id='word_1_310' title='bbox 931 2440 1215 2497; x_wconf 85' lang='lat' dir='ltr'>improbabat,</span> <span class='ocrx_word' id='word_1_311' title='bbox 1245 2439 1363 2481; x_wconf 88' lang='lat' dir='ltr'>haud</span> <span class='ocrx_word' id='word_1_312' title='bbox 1389 2438 1520 2480; x_wconf 89' lang='lat' dir='ltr'>dubie</span> <span class='ocrx_word' id='word_1_313' title='bbox 1549 2445 1691 2480; x_wconf 89' lang='lat' dir='ltr'>tamen</span> 
     </span>
     <span class='ocr_line' id='line_1_34' title="bbox 145 2509 1690 2569; baseline -0.001 -17"><span class='ocrx_word' id='word_1_314' title='bbox 145 2511 413 2567; x_wconf 86' lang='lat' dir='ltr'>significans,</span> <span class='ocrx_word' id='word_1_315' title='bbox 457 2513 491 2554; x_wconf 89' lang='lat' dir='ltr'>si</span> <span class='ocrx_word' id='word_1_316' title='bbox 524 2511 701 2556; x_wconf 87' lang='lat' dir='ltr'>Caesari</span> <span class='ocrx_word' id='word_1_317' title='bbox 729 2521 898 2569; x_wconf 90' lang='lat' dir='ltr'>tempus</span> <span class='ocrx_word' id='word_1_318' title='bbox 929 2512 1102 2562; x_wconf 88' lang='lat' dir='ltr'>exisset,</span> <span class='ocrx_word' id='word_1_319' title='bbox 1134 2524 1427 2554; x_wconf 87' lang='lat' dir='ltr'>successorem</span> <span class='ocrx_word' id='word_1_320' title='bbox 1455 2510 1498 2551; x_wconf 92' lang='lat' dir='ltr'>in</span> <span class='ocrx_word' id='word_1_321' title='bbox 1525 2509 1690 2552; x_wconf 86' lang='lat' dir='ltr'>Gallias</span> 
     </span>
     <span class='ocr_line' id='line_1_35' title="bbox 144 2582 1690 2641; baseline -0.001 -17"><span class='ocrx_word' id='word_1_322' title='bbox 144 2584 239 2624; x_wconf 78' lang='lat' dir='ltr'>esse</span> <span class='ocrx_word' id='word_1_323' title='bbox 275 2583 544 2625; x_wconf 90' lang='lat' dir='ltr'>mittendum.</span> <span class='ocrx_word' id='word_1_324' title='bbox 617 2584 760 2638; x_wconf 84' lang='lat' dir='ltr'>Quam</span> <span class='ocrx_word' id='word_1_325' title='bbox 791 2585 989 2641; x_wconf 87' lang='lat' dir='ltr'>Pompeii</span> <span class='ocrx_word' id='word_1_326' title='bbox 1028 2583 1304 2632; x_wconf 89' lang='lat' dir='ltr'>sententiam,</span> <span class='ocrx_word' id='word_1_327' title='bbox 1350 2582 1404 2624; x_wconf 88' lang='lat' dir='ltr'>de</span> <span class='ocrx_word' id='word_1_328' title='bbox 1442 2597 1527 2637; x_wconf 89' lang='lat' dir='ltr'>qua</span> <span class='ocrx_word' id='word_1_329' title='bbox 1564 2582 1690 2624; x_wconf 90' lang='lat' dir='ltr'>etiam</span> 
     </span>
     <span class='ocr_line' id='line_1_36' title="bbox 145 2652 1690 2712; baseline 0 -18"><span class='ocrx_word' id='word_1_330' title='bbox 145 2654 371 2710; x_wconf 89' lang='lat' dir='ltr'>Appianus</span> <span class='ocrx_word' id='word_1_331' title='bbox 404 2662 445 2696; x_wconf 86' lang='lat' dir='ltr'>et</span> <span class='ocrx_word' id='word_1_332' title='bbox 474 2655 561 2697; x_wconf 90' lang='lat' dir='ltr'>Dio</span> <span class='ocrx_word' id='word_1_333' title='bbox 588 2656 776 2707; x_wconf 85' lang='lat' dir='ltr'>tradunt,</span> <span class='ocrx_word' id='word_1_334' title='bbox 809 2657 870 2699; x_wconf 92' lang='lat' dir='ltr'>sic</span> <span class='ocrx_word' id='word_1_335' title='bbox 902 2656 1074 2712; x_wconf 85' lang='lat' dir='ltr'>exponit</span> <span class='ocrx_word' id='word_1_336' title='bbox 1101 2654 1274 2698; x_wconf 86' lang='lat' dir='ltr'>Caelius</span> <span class='ocrx_word' id='word_1_337' title='bbox 1305 2654 1421 2711; x_wconf 89' lang='lat' dir='ltr'>apud</span> <span class='ocrx_word' id='word_1_338' title='bbox 1446 2652 1538 2695; x_wconf 91' lang='lat' dir='ltr'>Cic.</span> <span class='ocrx_word' id='word_1_339' title='bbox 1567 2653 1690 2709; x_wconf 87' lang='lat' dir='ltr'>epist.</span> 
     </span>
     <span class='ocr_line' id='line_1_37' title="bbox 144 2725 1691 2782; baseline -0.001 -15"><span class='ocrx_word' id='word_1_340' title='bbox 144 2725 275 2776; x_wconf 94' lang='lat' dir='ltr'>VIII,</span> <span class='ocrx_word' id='word_1_341' title='bbox 307 2727 354 2775; x_wconf 82' lang='lat'>8,</span> <span class='ocrx_word' id='word_1_342' title='bbox 386 2726 430 2768; x_wconf 80' lang='lat'>4:</span> <span class='ocrx_word' id='word_1_343' title='bbox 479 2729 714 2780; x_wconf 79' lang='lat' dir='ltr'>Aliquando</span> <span class='ocrx_word' id='word_1_344' title='bbox 741 2735 901 2779; x_wconf 81' lang='lat' dir='ltr'>tamen,</span> <span class='ocrx_word' id='word_1_345' title='bbox 939 2743 1055 2782; x_wconf 83' lang='lat' dir='ltr'>saepe</span> <span class='ocrx_word' id='word_1_346' title='bbox 1084 2743 1129 2769; x_wconf 86' lang='lat' dir='ltr'>re</span> <span class='ocrx_word' id='word_1_347' title='bbox 1153 2729 1286 2769; x_wconf 80' lang='lat' dir='ltr'>dilata</span> <span class='ocrx_word' id='word_1_348' title='bbox 1316 2734 1354 2767; x_wconf 86' lang='lat' dir='ltr'>et</span> <span class='ocrx_word' id='word_1_349' title='bbox 1379 2729 1568 2779; x_wconf 79' lang='lat' dir='ltr'>graviter</span> <span class='ocrx_word' id='word_1_350' title='bbox 1596 2732 1691 2766; x_wconf 83' lang='lat' dir='ltr'>acta</span> 
     </span>
     <span class='ocr_line' id='line_1_38' title="bbox 145 2800 1691 2853; baseline 0 -15"><span class='ocrx_word' id='word_1_351' title='bbox 145 2804 184 2838; x_wconf 83' lang='lat' dir='ltr'>et</span> <span class='ocrx_word' id='word_1_352' title='bbox 206 2800 336 2850; x_wconf 82' lang='lat' dir='ltr'>plane</span> <span class='ocrx_word' id='word_1_353' title='bbox 358 2804 569 2851; x_wconf 85' lang='lat' dir='ltr'>perspecta</span> <span class='ocrx_word' id='word_1_354' title='bbox 599 2800 671 2841; x_wconf 82' lang='lat' dir='ltr'>Cn.</span> <span class='ocrx_word' id='word_1_355' title='bbox 694 2803 878 2853; x_wconf 69' lang='lat' dir='ltr'>Pompeii</span> <span class='ocrx_word' id='word_1_356' title='bbox 898 2802 1112 2841; x_wconf 82' lang='lat' dir='ltr'>voluntate</span> <span class='ocrx_word' id='word_1_357' title='bbox 1136 2802 1182 2840; x_wconf 80' lang='lat' dir='ltr'>in</span> <span class='ocrx_word' id='word_1_358' title='bbox 1210 2814 1299 2839; x_wconf 85' lang='lat' dir='ltr'>eam</span> <span class='ocrx_word' id='word_1_359' title='bbox 1319 2805 1497 2851; x_wconf 83' lang='lat' dir='ltr'>partem,</span> <span class='ocrx_word' id='word_1_360' title='bbox 1523 2804 1574 2839; x_wconf 83' lang='lat' dir='ltr'>ut</span> <span class='ocrx_word' id='word_1_361' title='bbox 1599 2812 1691 2839; x_wconf 84' lang='lat' dir='ltr'>eum</span> 
     </span>
    </p>
   </div>
   <div class='ocr_carea' id='block_1_4' title="bbox 66 2870 1692 2924">
    <p class='ocr_par' dir='ltr' id='par_1_4' title="bbox 66 2870 1692 2924">
     <span class='ocr_line' id='line_1_39' title="bbox 66 2870 1692 2924; baseline 0 -15"><span class='ocrx_word' id='word_1_362' title='bbox 66 2914 71 2921; x_wconf 46' lang='grc'><strong>,</strong></span> <span class='ocrx_word' id='word_1_363' title='bbox 147 2870 330 2910; x_wconf 85' lang='lat' dir='ltr'>decedere</span> <span class='ocrx_word' id='word_1_364' title='bbox 352 2871 547 2923; x_wconf 81' lang='lat' dir='ltr'>post-Cal.</span> <span class='ocrx_word' id='word_1_365' title='bbox 571 2872 754 2912; x_wconf 74' lang='lat' dir='ltr'>Martias</span> <span class='ocrx_word' id='word_1_366' title='bbox 776 2873 974 2924; x_wconf 81' lang='lat' dir='ltr'>placeret,</span> <span class='ocrx_word' id='word_1_367' title='bbox 1015 2877 1180 2912; x_wconf 80' lang='lat' dir='ltr'>senatus</span> <span class='ocrx_word' id='word_1_368' title='bbox 1207 2873 1437 2911; x_wconf 79' lang='lat' dir='ltr'>consultum</span> <span class='ocrx_word' id='word_1_369' title='bbox 1457 2894 1509 2900; x_wconf 89' lang='lat'>——</span> <span class='ocrx_word' id='word_1_370' title='bbox 1522 2871 1692 2917; x_wconf 83' lang='lat' dir='ltr'>factum</span> 
     </span>
    </p>
   </div>
   <div class='ocr_carea' id='block_1_5' title="bbox 1367 2943 1426 2984">
    <p class='ocr_par' dir='ltr' id='par_1_5' title="bbox 1367 2943 1426 2984">
     <span class='ocr_line' id='line_1_40' title="bbox 1367 2943 1426 2984; baseline 0 -20"><span class='ocrx_word' id='word_1_371' title='bbox 1367 2943 1426 2984; x_wconf 60' lang='lat'>6.</span> 
     </span>
    </p>
   </div>
  </div>
 </body>
</html>
