1846 3100
196 141 275 185 192
535 145 588 177 De
612 143 725 178 Gallia
748 145 981 178 Romanorum
1008 146 1184 188 provincia.
1208 146 1392 188 appendix,

194 252 475 310 Sempronius
508 253 651 295 Rufus
695 255 754 296 M.
789 255 988 294 Tuccium
1027 260 1304 295 accusatorem
1340 269 1460 296 suum
1493 261 1587 309 post
1622 257 1740 297 ludos

197 327 404 366 Romanos
431 342 546 367 reum
579 329 664 379 lege
685 327 822 366 Plotia
854 327 901 366 de
929 329 974 366 vi
984 328 1112 380 fecit,
1145 332 1186 367 et
1212 326 1327 382 apud
1348 324 1596 370 Ciceronem
1618 342 1740 383 prae-

193 404 326 439 torem
367 414 406 444 ,a.
443 398 484 439 d.
517 398 583 440 III
616 395 709 442 Cal.
744 397 835 439 Ian.
869 412 969 440 reus
1004 398 1143 440 factus
1182 405 1247 441 est
1281 398 1510 451 Manilius,
1547 400 1741 456 Pompeii

192 470 370 520 amicus,
402 470 455 512 de
488 470 613 513 cuius
644 469 806 512 iudicio
835 476 1009 513 narrant
1037 470 1153 513 Plut.
1184 467 1276 512 Cic.
1306 485 1341 513 c.
1372 470 1398 513 9
1430 478 1469 513 et
1497 471 1585 513 Dio
1616 469 1739 514 Cass.

190 542 419 593 XXXVI,
445 543 512 587 27.
564 543 730 586 Multae
755 542 862 585 aliae
892 557 1046 586 causae
1075 542 1266 585 cuiusvis
1294 543 1465 599 generis
1493 543 1563 587 vel
1588 544 1741 587 leviter

191 615 412 671 quaerenti
439 615 563 658 facile
591 622 830 666 occurrent,
860 621 910 657 ut
938 614 1045 657 nihil
1073 615 1211 672 magis
1241 622 1420 667 constet,
1449 630 1577 672 quam
1601 624 1739 660 totum

191 704 351 731 annum
381 688 522 731 causis
550 687 810 744 iudiciisque
836 687 1042 744 patuisse.

302 761 426 804 Haec
457 767 555 804 sunt
582 760 861 803 fundamenta
890 760 1190 817 disputationis
1216 761 1596 814 Mommsenianae,
1627 777 1738 819 quae

190 834 391 888 quoniam
415 833 671 876 coniecturis
691 848 842 889 parum
866 833 978 876 veris
998 833 1205 884 nituntur,
1228 850 1281 876 ne
1301 850 1410 890 quae
1431 842 1738 892 superstruun-

191 912 262 947 tur
289 906 465 961 quidem
496 906 740 963 opiniones,
781 905 1024 962 probabiles
1060 905 1198 948 videri
1232 914 1446 963 poterunt.
1502 907 1653 963 Itaque
1686 912 1736 950 ea

192 978 441 1035 singillatim
468 978 699 1021 examinari
727 993 777 1021 ac
804 978 1009 1035 redargui
1031 993 1117 1020 non
1134 985 1243 1035 opus
1263 987 1341 1031 est,
1368 980 1619 1037 praesertim
1637 995 1736 1022 cum

191 1051 290 1094 talia
318 1052 446 1108 longe
478 1051 646 1094 facilius
673 1050 871 1093 dicantur
897 1066 1026 1106 quam
1054 1051 1315 1094 refellantur.
1371 1052 1522 1095 Unum
1549 1053 1737 1104 afferam,

189 1124 306 1179 quod
342 1124 468 1166 facile
500 1124 606 1167 alios
643 1124 687 1166 in
716 1138 901 1165 errorem
931 1123 1136 1166 inducere
1166 1125 1324 1181 possit,
1369 1125 1486 1181 quod
1515 1140 1557 1181 p.
1593 1125 1646 1168 30
1680 1126 1739 1169 ait

189 1204 406 1253 praetores
438 1204 478 1239 et
509 1198 719 1245 consules,
751 1196 956 1251 quamdiu
987 1195 1237 1249 magistratu
1261 1197 1569 1254 fungebantur,
1601 1198 1738 1255 impe-

189 1269 253 1311 rio
290 1270 500 1312 caruisse:
545 1285 631 1326 qua
665 1270 710 1311 in
746 1284 792 1311 re
820 1269 1011 1311 abutitur
1035 1284 1111 1320 eo,
1152 1270 1268 1325 quod
1295 1269 1448 1312 Vellei.
1474 1271 1541 1322 II,
1574 1273 1621 1314 31
1657 1270 1736 1314 Cn.

189 1341 441 1398 Pompeium
472 1350 616 1385 narrat
645 1342 865 1385 consulem
897 1356 1008 1384 anno
1037 1342 1092 1385 70
1126 1342 1316 1392 iurasse,
1358 1343 1402 1384 in
1436 1343 1598 1386 nullam
1636 1359 1737 1401 pro-

190 1414 374 1457 vinciam
402 1430 447 1458 se
475 1431 528 1458 ex
558 1431 607 1457 eo
636 1414 888 1471 magistratu
916 1414 1090 1456 iturum.
1147 1414 1279 1468 Quod
1311 1429 1410 1458 cum
1439 1416 1498 1458 ita
1527 1417 1736 1474 interpre-

190 1493 280 1538 tur,
319 1488 486 1530 nullum
516 1487 579 1529 illi
610 1487 835 1543 imperium
867 1487 1002 1529 fuisse
1033 1501 1170 1542 neque
1210 1502 1263 1529 ex
1293 1488 1606 1532 consuetudine
1636 1505 1736 1546 pro-

190 1560 374 1602 vinciam
391 1560 613 1616 obtingere
632 1560 839 1616 potuisse,
859 1559 1011 1614 reliqui
1028 1574 1174 1601 omnes
1199 1560 1260 1602 sic
1278 1560 1419 1616 potius
1439 1560 1734 1617 intelligimus,

190 1646 287 1674 cum
315 1633 462 1675 liceret
489 1632 527 1674 ei
547 1632 812 1689 provinciam
837 1632 992 1682 sortiri,
1020 1630 1100 1674 Cn.
1121 1631 1388 1688 Pompeium,
1413 1641 1461 1676 ut
1484 1633 1735 1677 modestiam

188 1719 238 1747 ac
267 1705 589 1761 temperantiam
619 1711 871 1755 ostentaret,
911 1711 1079 1760 praeter
1105 1711 1343 1747 ceterorum
1375 1706 1602 1748 consulum
1633 1719 1734 1749 con-

189 1777 460 1820 suetudinem
489 1777 668 1828 iurasse,
702 1793 755 1819 ex
784 1777 857 1818 illo
889 1776 1114 1819 consulatu
1145 1791 1189 1819 se
1216 1777 1262 1818 in
1285 1777 1447 1820 nullam
1471 1779 1734 1836 provinciam

189 1864 283 1892 esse
320 1850 494 1892 iturum.
554 1849 699 1904 Quare
741 1849 795 1892 de
829 1849 1008 1906 imperio
1051 1849 1278 1892 consulum
1317 1849 1422 1892 nihil
1455 1866 1507 1892 ex
1537 1851 1610 1894 1110
1637 1851 1733 1895 1000

187 1929 326 1978 potest
356 1923 524 1979 colligi,
555 1922 609 1965 de
639 1923 869 1979 provinciis
901 1921 1005 1971 hoc,
1048 1922 1322 1964 consuevisse
1351 1937 1423 1964 eas
1454 1922 1546 1965 dari
1575 1938 1732 1966 consu-

185 1993 314 2036 libus.
373 1995 432 2037 At
465 2010 565 2038 vero
592 1996 713 2038 100118
740 1995 811 2038 1Πο
837 1995 952 2052 apud
983 1992 1107 2037 Caes.
1139 1994 1236 2036 bell.
1267 1994 1348 2037 civ.
1373 1995 1409 2045 I,
1439 1996 1486 2046 6,
1519 2011 1603 2051 quo
1632 1996 1731 2038 anni

188 2066 240 2109 49
271 2067 470 2109 consules
498 2074 723 2109 narrantur
747 2083 800 2110 ex
827 2068 935 2110 urbe
962 2067 1142 2123 profecti
1168 2082 1276 2117 csse,
1307 2069 1416 2121 quod
1441 2075 1538 2109 ante
1564 2070 1613 2110 id
1633 2075 1731 2109 tem-

178 2153 260 2192 pus
288 2142 496 2180 acciderat
522 2155 760 2194 nunquam,
799 2155 900 2182 sane
928 2140 983 2181 ad
1011 2139 1313 2196 explicandum
1350 2146 1416 2182 est
1451 2139 1730 2183 difficillimus

185 2226 234 2253 ac
261 2211 416 2268 longae
446 2211 761 2268 disputationis.
822 2213 1037 2268 Equidem
1066 2212 1146 2255 hoc
1175 2212 1301 2254 video
1332 2227 1551 2268 nunquam
1587 2212 1631 2254 in
1662 2227 1731 2255 re-

184 2283 358 2339 publica
382 2283 575 2326 Romana
603 2284 764 2326 factum
793 2299 909 2335 esse,
950 2291 998 2326 ut
1029 2284 1225 2326 consules
1253 2284 1382 2326 nullis
1414 2284 1598 2327 decretis
1628 2299 1730 2340 pro-

185 2355 338 2398 vinciis
377 2356 528 2398 urbem
562 2356 852 2412 relinquerent
891 2363 932 2398 et
968 2370 1065 2397 cum
1100 2355 1278 2412 imperio
1317 2355 1361 2397 in
1398 2356 1521 2399 Italia
1551 2356 1730 2412 aliisque

184 2428 413 2484 provinciis
445 2435 730 2478 versarentur,
760 2429 804 2470 id
833 2428 950 2484 quod
978 2428 1070 2470 fieri
1098 2443 1183 2470 non
1207 2428 1347 2485 potuit
1376 2428 1459 2470 nisi
1491 2428 1617 2471 simul
1643 2435 1731 2471 tota

182 2499 349 2555 imperii
380 2500 505 2543 sedes
531 2516 584 2544 ex
610 2501 719 2544 urbe
747 2501 792 2543 in
816 2501 946 2543 alium
969 2501 1112 2543 locum
1142 2501 1456 2543 transferretur.
1516 2499 1729 2544 Consules

183 2578 325 2614 autem
354 2573 454 2614 anni
476 2573 528 2616 49
553 2588 631 2629 per
655 2573 796 2630 legem
811 2573 1059 2629 Pompeiam
1084 2572 1289 2629 prohibiti
1315 2573 1559 2629 provincias
1589 2573 1729 2616 sortiri

182 2650 322 2686 tamen
354 2659 452 2687 cum
484 2660 650 2688 summo
678 2645 857 2701 imperio
886 2644 1130 2702 provincias
1160 2645 1371 2688 obierunt.
1417 2644 1506 2688 Sed
1532 2645 1728 2702 pluribus

180 2715 286 2758 haec
321 2718 522 2774 persequi
562 2717 615 2760 ab
657 2717 739 2760 hoc
777 2717 868 2760 loco
902 2717 1090 2760 alienum
1118 2724 1195 2760 est.
1252 2718 1526 2760 Mommsenii
1556 2717 1728 2774 quidem

180 2787 486 2845 interpretatio,
518 2790 591 2845 qui
618 2789 755 2846 ipsius
785 2789 1034 2832 consulatus
1063 2804 1172 2832 anno
1199 2790 1397 2833 consules
1423 2805 1640 2846 nunquam
1670 2790 1729 2833 ait

180 2860 225 2901 in
253 2861 495 2916 provincias
525 2862 666 2904 exisse
695 2861 816 2904 facile
851 2861 1137 2918 redarguitur.
1193 2862 1293 2919 Ipse
1324 2862 1436 2905 enim
1463 2863 1564 2905 citat
1589 2862 1726 2903 unde-
