1846 3100
585 148 639 180 De
664 147 778 181 Gallia
804 149 1037 181 Romanorum
1071 150 1254 191 provincia.
1382 177 1384 179 ,
1616 153 1693 196 117

148 258 340 300 nondum
374 259 461 301 ulla
497 259 579 301 fuit
617 257 839 315 provincia
870 257 1109 308 Pannonia,
1150 258 1356 317 latuitque
1407 262 1487 304 sub
1524 263 1693 306 nomine

149 330 331 386 Illyrici,
375 332 451 374 sed
484 338 711 388 postquam
747 330 922 372 Drusus
963 330 1007 371 in
1045 330 1195 374 urbem
1231 335 1431 385 revertit,
1474 336 1696 378 Pannonia

149 403 345 453 condita,
385 403 555 447 duabus
593 402 838 460 legionibus
878 402 1114 461 instructa,
1154 406 1324 461 proprio
1362 407 1503 464 legato
1539 408 1696 451 tradita

149 482 226 517 est.
289 475 400 518 Nam
435 475 550 532 apud
592 475 790 518 Tacitum
817 474 974 516 Anna-l.
1001 474 1079 525 IV,
1115 476 1139 518 5
1177 476 1379 521 Tiberius
1417 480 1695 531 Pannoniam,

150 547 374 598 Moesiam,
403 547 663 590 Delmatiam
689 548 732 589 in
762 547 1079 603 provinciarum
1110 551 1357 593 recensione
1384 561 1693 595 commemorat..

261 619 465 662 Noricum
501 620 656 676 igitur,
696 634 792 662 cum
819 634 958 674 usque
988 619 1042 661 ad
1069 636 1228 663 annum
1246 623 1299 665 ‘20
1323 639 1362 678 p.
1381 622 1484 666 Chr.
1508 624 1692 680 Illyrico,

147 700 236 734 tum
266 692 510 735 Pannoniae
542 692 793 734 adiunctum
824 699 958 742 esset,
996 693 1146 736 habuit
1179 700 1317 736 tamen
1356 711 1457 739 suos
1489 712 1692 753 procura-

147 773 287 816 tores,
329 779 511 821 quorum
554 765 794 820 complures
836 780 888 806 ex
930 765 1280 821 inscriptionibus
1307 767 1475 810 Latinis
1521 769 1694 825 collegit

145 838 181 880 1.
212 836 268 880 G.
298 835 432 879 seidl.
474 837 516 878 in
558 836 854 879 Relationibus
885 823 1022 879 Acad.
1056 838 1242 881 vindob.
1283 839 1381 880 anni
1417 840 1521 882 1854
1558 857 1597 897 p.
1625 841 1692 892 62,

147 908 228 952 sub
265 907 449 952 Claudio
488 907 539 951 C.
577 909 787 951 Baebium
825 910 1020 952 Atticum
1065 918 1381 966 procuratorem
1426 911 1492 954 Ti.
1534 911 1692 955 Claudi

147 980 344 1024 Caesaris
375 980 493 1037 Aug.
522 980 768 1024 Germanici
798 982 842 1023 in
870 981 1027 1024 Norico
1059 981 1213 1035 (Orell.
1246 983 1389 1039 6938),
1429 984 1485 1039 Ω.
1511 986 1693 1028 Paetum

145 1053 399 1096 Memmium
433 1054 726 1110 Apollinarem
768 1069 884 1110 proc.
927 1069 1045 1110 prov.
1079 1055 1261 1098 Noricae
1304 1056 1453 1111 (Grut.
1493 1057 1588 1108 437,
1631 1058 1691 1112 7),

145 1115 376 1170 Ustieiium
406 1125 653 1168 Secundum
685 1133 726 1168 et
756 1126 991 1168 Bassaeum
1015 1127 1178 1169 Rufum
1209 1127 1364 1184 (Orell.
1396 1129 1547 1184 3574),
1591 1130 1692 1172 Fla-

147 1199 265 1241 vium
294 1198 513 1240 Titianum
549 1197 629 1240 sub
664 1198 882 1240 Antonino
911 1199 1004 1241 Pio.
1061 1199 1171 1243 Nam
1205 1201 1276 1242 ille
1306 1201 1416 1258 lapis
1448 1200 1691 1253 Celeianus,

145 1271 189 1312 in
218 1286 302 1326 quo
333 1278 418 1313 est:
454 1284 550 1313 pos.
581 1284 621 1312 P.
651 1284 756 1314 AUG.
785 1285 955 1314 FLACCO
983 1286 1039 1314 ET
1072 1286 1230 1324 GALLO,
1263 1289 1348 1316 non
1376 1282 1693 1330 procuratorem

145 1342 328 1398 aliquem
357 1343 456 1384 anni
488 1343 565 1386 174
594 1359 633 1399 p.
652 1341 770 1393 Chr„
801 1343 877 1385 sed
905 1344 1022 1386 aliud
1047 1346 1192 1388 nescio
1221 1347 1326 1401 quid
1355 1347 1528 1389 videtur
1557 1347 1692 1403 signi-

145 1415 286 1457 ficare.
345 1414 562 1470 Equidem
592 1414 699 1456 nihil
730 1415 888 1464 inveni,
925 1431 1003 1458 cur
1030 1432 1130 1467 non,
1158 1426 1386 1474 postquam
1415 1419 1619 1461 Pertinax
1647 1420 1691 1461 in

145 1486 295 1529 Raetia
324 1494 365 1529 et
395 1486 552 1529 Norico
582 1487 792 1529 adversus
823 1487 1028 1531 barbaros
1059 1491 1287 1545 pugnavit,
1330 1491 1458 1533 etiam
1485 1492 1691 1535 Noricum

145 1560 188 1601 in
214 1559 411 1616 propriae
443 1559 687 1615 provinciae
715 1560 895 1602 formam
925 1561 1148 1604 redactum
1179 1578 1274 1604 esse
1303 1563 1510 1606 videatur.
1559 1565 1690 1606 Insti-

145 1631 226 1673 tuit
255 1631 378 1673 etiam
407 1631 468 1673 ibi
498 1631 561 1673 M.
591 1631 796 1674 Aurelius
823 1633 1036 1690 legionem
1063 1635 1107 1676 ΙΙ
1137 1634 1349 1686 Italicam,
1381 1651 1491 1691 quae
1523 1636 1605 1678 nisi
1635 1635 1688 1678 ab

145 1703 286 1760 legato
323 1703 416 1760 regi
447 1719 533 1745 non
564 1705 701 1759 potuit
740 1705 847 1760 (Dio
877 1705 974 1758 LV,
1007 1707 1102 1761 240:
1147 1723 1197 1749 ac
1235 1715 1383 1762 postea
1418 1707 1692 1750 nominantur

146 1775 292 1832 legati,
325 1776 443 1818 velut
472 1775 540 1817 Ti.
569 1774 636 1819 Cl.
664 1775 912 1829 Candidus,
955 1779 1105 1821 Severi
1133 1779 1244 1830 duX‚
1283 1781 1399 1837 apud
1429 1780 1563 1823 Orell.
1594 1780 1690 1831 798,

147 1847 198 1890 C.
228 1848 464 1891 Macrinius
500 1849 722 1893 Decianus
761 1854 836 1904 leg.
868 1853 1000 1905 Augg.
1040 1852 1277 1908 (Valeriani
1317 1860 1358 1896 et
1388 1852 1592 1905 Gallieni)
1625 1867 1692 1906 pr.

138 1934 207 1973 pr.
242 1934 358 1973 prov.
396 1923 617 1962 Numidiae
651 1929 691 1963 et
727 1925 872 1964 Norici
908 1923 1023 1980 apud
1059 1923 1194 1966 Orell.
1219 1925 1328 1968 7414
1355 1941 1399 1978 γ,
1439 1924 1502 1967 Μ.
1531 1924 1690 1980 Ulpius

146 1991 371 2035 Acilianus
404 1993 537 2046 benef.
559 2009 622 2034 cos
653 1997 728 2047 leg.
749 1998 793 2036 ΙΙ
812 1999 906 2037 Ital.
935 1996 980 2037 in
1006 1996 1149 2053 lapide
1178 1994 1380 2038 Celeiano
1411 1996 1527 2052 apud
1557 1996 1690 2039 Seidl.

143 2063 173 2106 l.
202 2079 238 2106 c.
267 2080 308 2120 p.
336 2065 404 2115 83,
433 2080 513 2107 nec
545 2065 726 2109 dubium
754 2074 831 2118 est,
861 2067 965 2123 quin
996 2067 1051 2122 Ω.
1079 2068 1326 2111 Herennius
1358 2068 1521 2111 Silvius
1548 2069 1690 2111 Maxi-

145 2151 263 2186 mus,
304 2136 379 2192 qui
416 2139 540 2191 legat.
578 2141 654 2192 leg.
687 2143 731 2180 II
763 2143 933 2180 Italicae
967 2147 1006 2181 et
1043 2143 1136 2181 alae
1167 2144 1479 2182 Antoninianae
1513 2149 1692 2183 vocatur

144 2208 261 2264 apud
291 2207 426 2251 Orell.
455 2209 578 2260 6745,
610 2210 778 2266 legatus
806 2212 999 2268 Augusti
1032 2212 1076 2254 in
1106 2212 1263 2255 Norico
1294 2212 1423 2255 fuerit
1454 2213 1690 2270 legionem-

145 2295 226 2336 que
257 2287 383 2336 atque
413 2281 543 2332 alam,
574 2297 683 2338 quae
710 2284 976 2339 provinciam
1006 2284 1250 2336 tuebantur,
1281 2286 1324 2328 in
1352 2285 1476 2327 titulo
1508 2299 1586 2327 suo
1615 2299 1690 2327 ex-

143 2353 387 2408 primendas
419 2355 645 2398 curaverit.
702 2353 771 2398 Cf.
804 2354 938 2399 Orell.
971 2373 1013 2398 n.
1041 2357 1164 2400 6506.

257 2425 570 2477 Veruntamen,
610 2436 658 2469 ut
692 2427 749 2469 ab
784 2428 865 2471 hac
907 2429 1175 2485 digressione
1216 2429 1271 2470 ad
1312 2428 1380 2478 id,
1419 2427 1536 2483 quod
1567 2427 1689 2470 nobis

146 2497 411 2552 propositum
436 2505 514 2549 est,
544 2507 822 2551 revertamur,
853 2500 1044 2543 substitit
1065 2501 1296 2557 Augustus
1324 2500 1367 2540 in
1388 2498 1531 2541 Gallia
1557 2514 1690 2555 prope

144 2568 374 2611 triennium
413 2569 624 2625 rediitque
664 2572 708 2613 in
747 2572 898 2615 urbem
930 2587 1040 2615 anno
1076 2574 1122 2615 13
1151 2589 1187 2615 a.
1217 2570 1319 2613 Chr.
1350 2586 1385 2613 a.
1415 2570 1456 2611 d.
1486 2570 1551 2613 IV
1579 2570 1689 2612 Non.

145 2641 224 2682 Iul.
262 2642 396 2695 (mon.
428 2641 589 2696 Ancyr.
616 2642 671 2693 II,
703 2644 755 2686 33
797 2659 894 2686 eum
935 2652 1035 2687 nota
1071 2645 1262 2699 nostra),
1304 2649 1530 2699 postquam
1561 2642 1690 2698 paulo

145 2720 242 2755 ante
282 2712 367 2754 iam
395 2711 596 2756 Tiberius
634 2714 688 2756 ad
727 2715 997 2759 consulatum
1029 2716 1128 2759 anni
1161 2716 1209 2758 13
1241 2714 1480 2770 gerendum
1509 2713 1690 2756 Romam

145 2784 332 2826 revertit.
387 2783 582 2827 Relictus
615 2793 680 2829 est
707 2786 751 2828 in
783 2787 926 2830 Gallia
954 2787 1010 2830 ad
1037 2787 1198 2830 bellum
1229 2802 1325 2829 cum
1356 2785 1583 2829 Germanis
1613 2800 1689 2842 ge-

147 2855 327 2898 rendum
357 2855 532 2898 Drusus
561 2855 690 2908 Nero,
721 2857 883 2901 Tiberii
912 2860 1042 2901 frater
1070 2859 1176 2912 (Dio
1195 2858 1314 2908 LIV,
1343 2858 1429 2911 25).
1485 2857 1530 2900 Is
1558 2872 1689 2915 quae-
