1846 3100
171 109 225 153 58
614 114 668 146 De
695 113 809 146 Gallia
832 114 1063 147 Romanorum
1096 116 1279 158 provincia.

171 228 260 265 erat
285 237 336 265 ac
365 222 634 274 Macedonia,
676 225 704 266 i.
737 239 773 267 e.
805 225 840 267 si
869 225 923 267 ab
952 240 1031 268 suo
1060 226 1278 283 praeside,
1317 226 1392 282 qui
1415 225 1460 268 in
1488 225 1584 281 ipsa
1613 240 1713 282 pro-

170 294 310 336 vincia
347 303 614 347 versaretur,
660 296 752 353 regi
792 296 996 348 debebat,
1039 299 1144 354 quid
1182 298 1354 341 tandem
1388 296 1542 340 Cicero
1575 296 1718 340 Gallia

170 375 346 424 accepta
374 368 654 412 lucrabatur?
705 369 821 411 Num
861 370 1003 412 minus
1041 370 1264 427 oportebat
1304 370 1452 413 relicta
1481 369 1620 412 Roma
1650 385 1718 412 re-

169 439 366 495 lictisque
396 455 506 497 quae
536 442 579 483 in
605 441 712 484 urbe
749 441 1062 485 exercebantur
1101 442 1275 485 iudiciis
1318 457 1498 499 peregre
1537 440 1718 485 abesse?

169 511 364 555 Haberet
393 513 677 556 abstinentiae
706 521 747 555 et
775 514 1023 557 demerendi
1053 514 1231 556 Antonii
1263 529 1458 564 causam,
1492 528 1591 556 cum
1620 513 1718 556 Ma-

170 585 395 627 cedoniam
426 585 618 636 cederet,
654 585 829 628 haberet
858 587 986 629 etiam
1023 587 1281 629 securiorem
1311 601 1360 629 ac
1391 586 1484 642 paci
1514 585 1720 642 aptiorem

169 657 455 713 provinciam,
495 658 571 699 sed
605 658 713 700 illud
745 665 856 700 certe
888 658 1010 714 sequi
1038 674 1123 700 non
1151 665 1315 714 poterat
1339 658 1455 714 quod
1484 657 1571 700 Dio
1601 657 1718 707 dicit,

171 729 306 784 quod-
326 729 500 772 iudiciis
540 744 692 773 vacare
730 730 871 773 vellet.
936 732 1130 787 Apparet
1167 730 1303 787 igitur
1337 745 1389 772 ex
1427 730 1510 773 alio
1544 730 1718 787 provin-

170 800 333 843 ciarum
363 817 520 858 genere
549 803 685 845 fuisse
712 803 1027 854 Macedoniam,
1054 819 1106 846 ex
1137 803 1219 846 alio
1237 801 1424 845 Galliam
1440 800 1716 858 Cisalpinam,

171 873 275 916 item
301 874 554 929 intelligitur
583 875 693 917 hanc
719 874 771 917 ab
802 890 867 925 eo,
903 875 977 930 qui
1006 875 1169 918 Romae
1199 883 1442 917 versaretur
1467 889 1518 916 ac
1543 874 1715 916 iudiciis

172 952 468 1002 occuparetur,
499 947 690 1002 potuisse
719 947 826 1004 regi.
871 946 983 989 Cum
1010 954 1150 990 autem
1179 962 1309 1003 supra
1327 945 1596 989 documentis
1627 961 1719 989 cer-

175 1018 352 1060 tissimis
393 1018 503 1060 hanc
543 1019 678 1075 ipsam
717 1018 883 1062 Galliae
933 1019 1141 1062 citerioris
1184 1019 1391 1061 rationem
1436 1026 1532 1060 ante
1573 1017 1719 1061 Sullae

176 1097 355 1132 aetatem
386 1090 522 1132 fuisse
541 1091 870 1142 ostenderimus,
898 1100 946 1134 ut
964 1092 1225 1135 coniunctim
1242 1107 1338 1134 cum
1356 1092 1480 1134 Italia
1498 1099 1720 1146 regeretur

178 1162 338 1218 quique
374 1162 476 1204 huic
520 1170 755 1219 praeesset,
799 1164 914 1206 idem
957 1164 1072 1206 illam
1117 1163 1434 1206 administraret
1474 1163 1721 1219 Romaeque

172 1240 431 1284 versaretur,
460 1249 600 1276 nonne
630 1235 902 1278 manifestum
931 1244 996 1278 est
1023 1236 1201 1278 eandem
1231 1236 1323 1278 eius
1354 1243 1550 1278 naturam
1581 1235 1719 1277 fuisse

170 1304 380 1348 Cicerone
408 1307 614 1349 consule?
669 1307 820 1363 Neque
846 1308 928 1350 alia
958 1308 1113 1350 similia
1144 1308 1422 1358 documenta,
1458 1322 1568 1364 quae
1604 1306 1720 1349 idem

169 1378 420 1428 ostendant,
467 1378 639 1421 desunt.
695 1380 898 1422 Proxime
940 1381 1051 1423 enim
1088 1380 1176 1422 Dio
1213 1381 1240 1422 l.
1271 1381 1299 1422 1.
1340 1380 1422 1422 hoc
1455 1395 1490 1438 a·
1510 1377 1720 1422 Cicerone

167 1451 329 1493 factum
362 1466 456 1493 esse
486 1458 652 1502 narrat,
684 1459 733 1493 ut
762 1452 898 1508 ipsam
929 1452 1044 1494 illam
1074 1452 1262 1495 Galliam
1291 1451 1552 1501 citeriorem,
1591 1465 1718 1506 quam

167 1523 220 1565 ab
247 1524 436 1565 Antonio
467 1531 703 1580 acceperat,
732 1524 976 1580 deponeret.
1029 1524 1252 1567 Pei-tinent
1284 1524 1340 1566 ad
1369 1539 1463 1566 eam
1490 1538 1581 1565 rem
1610 1537 1719 1578 quae

171 1593 325 1638 Cicero
369 1596 412 1637 in
443 1596 533 1639 Pis.
569 1611 605 1639 c.
636 1597 661 1639 2
704 1595 852 1638 habet:
900 1600 986 1650 Ego
1018 1600 1280 1650 provinciam
1310 1598 1512 1646 Galliam,
1552 1601 1718 1636 senatus

168 1671 416 1710 auctoritate
441 1671 624 1710 exercitu
643 1675 683 1708 et
700 1671 884 1722 pecunia
915 1671 1162 1709 instructum
1180 1675 1222 1709 et
1240 1674 1447 1717 ornatam,
1479 1682 1602 1721 quam
1623 1682 1718 1708 cum

173 1744 354 1783 Antonio
381 1743 696 1791 communicavi,
725 1742 834 1794 quod
856 1743 917 1781 ita
943 1740 1228 1781 existimabam
1259 1746 1442 1792 tempora
1471 1739 1719 1792 reipublicae

156 1816 303 1868 ferre,
341 1817 386 1854 in
431 1816 619 1854 contione
657 1814 824 1866 deposui
855 1815 1107 1853 reclamante
1136 1815 1291 1865 populo
1324 1815 1525 1852 Romano.
1586 1809 1718 1852 Hunc

169 1887 327 1936 locum,
357 1885 431 1941 qui
454 1885 498 1927 in
515 1884 714 1927 omnibus
736 1882 958 1926 codicibus
988 1884 1047 1926 ita
1077 1891 1125 1925 ut
1152 1883 1403 1940 scripsimus
1429 1882 1602 1938 legitur,
1633 1896 1719 1923 non

172 1958 466 2000 existimamus
496 1964 610 1999 recte
633 1956 687 1999 ab
706 1956 940 1998 Garatonio
964 1971 1059 1998 esse
1081 1956 1350 2012 explicatum,
1379 1969 1459 1997 nec
1488 1954 1719 2010 probamus

169 2045 298 2079 nunc,
325 2033 438 2085 quod
469 2029 512 2070 in
542 2039 767 2070 comment..
797 2028 1015 2084 epigraph.
1036 2028 1132 2071 Vol.
1150 2028 1195 2069 ΙΙ
1222 2043 1262 2084 p.
1285 2027 1361 2070 194
1392 2025 1559 2068 Galliae
1577 2024 1718 2068 Cisal-

169 2103 293 2158 pinae
326 2102 487 2144 ratione
517 2102 710 2143 nondum
746 2100 849 2142 satis
880 2107 1104 2156 perspecta
1128 2115 1274 2142 veram
1296 2098 1434 2142 videri
1462 2097 1555 2140 eius
1585 2096 1718 2138 inter-

168 2174 446 2230 pretationem
496 2173 850 2230 significavimus.
928 2171 1100 2214 Etenim
1142 2171 1403 2214 Garatonius
1449 2169 1529 2212 hoc
1576 2168 1718 2210 dicere

169 2243 423 2288 Ciceronem
453 2246 642 2302 putabat,
673 2244 872 2294 Galliam,
909 2259 1018 2299 quae
1048 2244 1104 2286 ad
1135 2243 1374 2291 Antonium
1400 2243 1494 2284 iure
1523 2256 1574 2283 ac
1605 2246 1718 2283 sorte

169 2317 408 2374 spectabat,
444 2318 489 2359 in
522 2317 637 2359 illius
667 2316 847 2372 gratiam
878 2315 990 2357 ultro
1026 2331 1080 2358 se*
1113 2315 1356 2371 suscepisse
1389 2314 1520 2370 idque
1550 2312 1717 2369 privata

167 2391 386 2447 pactione,
427 2405 514 2446 qua
542 2404 624 2431 non
658 2388 800 2438 fieret,
843 2395 891 2429 ut
921 2402 971 2429 ea
1001 2388 1142 2430 minus
1174 2387 1353 2429 Antonii
1394 2394 1529 2435 esset,
1567 2384 1644 2427 sed
1670 2391 1719 2425 ut

169 2478 262 2506 eam
279 2461 432 2505 Cicero
461 2477 538 2519 pro
557 2460 748 2503 Antonio
778 2459 954 2501 haberet
982 2475 1032 2502 ac
1054 2466 1234 2516 regeret.
1276 2459 1327 2501 In
1352 2458 1511 2514 quibus
1534 2456 1719 2512 primum

169 2535 379 2592 privatam
420 2535 538 2577 illam
574 2548 702 2589 quam
734 2532 793 2574 ait
832 2531 1072 2587 pactionem
1112 2545 1198 2572 non
1236 2530 1444 2586 intelligo.
1514 2527 1719 2572 Solebant

170 2608 282 2650 enim
314 2607 485 2650 omnino
514 2605 757 2663 provinciae
788 2603 1038 2646 consulibus
1071 2602 1228 2645 futuris
1262 2603 1324 2645 sic
1353 2602 1540 2651 decerni,
1569 2608 1616 2642 ut
1643 2606 1720 2642 aut

171 2680 311 2722 sortiri
337 2686 411 2722 aut
428 2692 672 2734 comparare
691 2691 762 2718 eas
787 2676 897 2718 inter
929 2690 973 2717 se
1001 2675 1266 2725 iuberentur,
1298 2674 1556 2731 comparatio
1574 2678 1718 2714 autem

169 2753 255 2802 illa,
285 2767 414 2808 quam
441 2756 618 2808 apparet
640 2763 727 2790 non
743 2748 871 2790 modo
888 2754 985 2790 ante
1006 2747 1283 2798 sortitionem,
1315 2747 1393 2790 sed
1413 2759 1718 2800 nonnunquam

172 2823 300 2868 etiam
328 2830 425 2882 post
441 2837 535 2867 eam
551 2821 643 2864 fieri
671 2820 874 2878 potuisse,
906 2834 991 2876 quo
1011 2826 1135 2877 pacto
1163 2819 1333 2875 publice
1353 2818 1514 2875 suscipi
1530 2816 1718 2874 potuerit
