1846 3100
20 783 22 786 ,
0 565 25 757 ,ww—-

0 1528 18 1639 ufarras-

590 142 645 173 De
672 141 787 174 Gallia
814 143 1050 174 Romanorum
1084 143 1268 184 provincia.
1626 143 1704 186 103

95 252 99 256 '
154 267 320 294 curare.
391 250 515 304 Quae
557 252 611 293 de
650 268 696 294 re
731 252 817 294 Dio
845 252 966 301 LIV,
1003 252 1047 293 ΙΙ
1088 251 1150 293 sic
1185 253 1335 294 tradit:
1378 254 1603 309 Ἀγρίππας
1643 255 1703 304 δὲ,

155 327 211 369 ὡς
239 324 329 366 τότε
361 324 402 369 ἐς
430 325 500 379 τὴν
523 322 693 379 Ῥώμην
726 325 772 366 ἐκ
800 328 870 378 τῆς
895 324 1081 369 Σικελίας
1107 322 1311 379 πὶεμφῦεὶς
1340 325 1503 382 διῴκισε
1527 326 1576 367 τὰ
1601 327 1703 377 ἐπεί-

152 412 288 451 γοντα,
319 399 406 441 ταῖς
432 396 649 441 Γαλατίαις
677 397 956 451 προςετάχῦη·
993 395 1034 437 ἔν
1063 412 1106 437 τε
1134 396 1209 452 γὰρ
1242 399 1437 452 ἀλλήλοις
1464 399 1703 445 ἐστασίαζον

152 470 220 510 καὶ
261 470 336 510 ὑπὸ
377 472 455 510 τῶν
497 467 662 510 Κελτῶν
699 468 933 509 ἐκακοῦντο.
991 466 1261 522 Καταστήσας
1301 471 1346 511 δὲ
1384 471 1451 511 καὶ
1490 470 1624 511 ἐκεῖνα
1665 471 1705 515 ἐς

148 540 325 596 Ἰβηρίαν
359 541 542 596 μετέστη.
613 540 682 582 Ex
719 539 877 595 quibus
921 540 1063 582 verbis
1095 555 1180 582 non
1210 549 1407 598 apparet,
1445 556 1574 595 quam
1602 548 1705 584 tunc

153 611 351 668 Agrippa
390 619 641 668 potestatem
676 611 900 660 habuerit,
945 611 1022 654 sed
1060 627 1157 654 cum
1187 628 1285 655 eum
1312 613 1339 657 l.
1368 614 1395 655 l.
1430 613 1704 655 docuerimus

151 684 211 727 ita
237 685 281 726 in
313 683 486 740 Syriam
516 699 611 726 esse
642 685 842 744 missum,
878 691 925 725 ut
953 683 1151 726 omnibus
1183 685 1368 741 populis,
1399 685 1473 740 qui
1506 683 1704 728 Caesaris

153 765 310 807 essent,
339 757 589 813 imperaret,
620 764 746 811 atque
777 772 888 799 anno
919 756 1091 798 demum
1128 758 1174 799 18
1203 758 1496 812 proconsulari
1525 758 1598 800 illa
1627 772 1703 814 po-

152 835 327 879 testate,
377 843 462 884 qua
499 828 731 884 Augustus
766 833 935 884 quoqne
970 827 1190 879 utebatur,
1240 844 1335 871 esse
1386 836 1604 879 ornatum,
1658 838 1705 871 ut

153 901 279 944 etiam
304 900 348 942 in
379 900 602 943 senatoriis
632 900 866 958 provinciis
894 901 992 955 plus
1020 917 1148 956 quam
1174 902 1249 957 qui
1278 902 1432 956 cuique
1455 910 1704 958 praeessent

151 972 371 1030 potestatis
407 972 603 1022 haberet,
647 973 848 1028 quoniam
891 979 932 1014 et
968 972 1132 1016 Gallias
1173 982 1214 1016 et
1249 974 1504 1029 Hispaniam
1541 975 1705 1017 rexisse

151 1052 361 1096 narratur,
392 1045 454 1087 sic
484 1045 840 1094 existimabimus,
871 1060 970 1087 eum
1001 1046 1054 1088 ab
1088 1046 1292 1102 Augusto
1323 1046 1512 1101 legatum
1545 1047 1704 1089 consti-

152 1125 291 1159 tutum
322 1132 417 1159 esse
445 1125 487 1158 et
513 1117 655 1167 trium,
686 1132 794 1172 quas
812 1118 857 1159 in
882 1133 959 1160 sua
985 1125 1194 1173 potestate
1225 1117 1408 1167 tenebat,
1441 1117 1705 1160 Gallicarum

152 1189 471 1247 provinciarum
509 1197 551 1231 et·
589 1189 774 1231 duarum
801 1190 1124 1246 Hispaniarum.
1183 1189 1341 1232 Abisse
1380 1197 1522 1232 autem
1560 1191 1604 1232 in
1633 1207 1705 1233 eas

153 1262 394 1319 provincias
434 1262 607 1303 videtur
638 1270 820 1304 exeunte
862 1278 970 1305 anno
997 1264 1043 1305 21
1091 1263 1159 1304 vel
1198 1263 1372 1304 ineunte
1410 1277 1460 1303 eo
1490 1263 1565 1318 qui
1591 1263 1706 1306 inse-

152 1335 321 1391 quitur3
352 1334 479 1376 rediit
495 1334 674 1376 Romam
705 1349 850 1376 mense
878 1335 968 1377 fere
986 1335 1104 1377 Maio
1129 1334 1229 1376 anni
1254 1336 1315 1385 19,
1346 1335 1533 1377 retinens
1565 1343 1707 1379 tamen

153 1407 380 1463 imperium
407 1405 745 1462 provinciarum,
782 1404 887 1447 dum
916 1406 1009 1462 ipse
1042 1406 1275 1461 Augustus
1306 1423 1359 1448 ex
1390 1408 1497 1450 Asia
1527 1406 1706 1452 Octobri

154 1494 301 1522 mense
329 1478 514 1521 revertit.
563 1477 675 1531 Quis
702 1477 740 1519 ei
771 1477 1043 1527 successerit,
1067 1492 1151 1519 non
1180 1479 1363 1520 traditur
1384 1480 1492 1522 illud
1515 1481 1706 1536 quidem,

155 1552 230 1595 sed
262 1550 482 1607 probabile
509 1557 649 1592 tamen
680 1549 783 1591 mihi
812 1549 982 1593 videtur
1013 1565 1122 1600 esse,
1151 1550 1325 1593 Tiberio
1344 1550 1519 1601 Neroni,
1551 1554 1604 1603 ei,
1632 1555 1706 1609 qui

154 1631 303 1681 postea
317 1622 558 1679 imperavit,
576 1622 781 1664 traditum
799 1637 894 1663 esse
913 1620 1153 1663 Galliarum
1171 1622 1413 1678 imperium.
1456 1624 1616 1667 Fuerat
1635 1626 1706 1668 ille

155 1696 349 1752 Augusti
372 1695 511 1738 vitrici
531 1709 674 1737 eomes
694 1694 738 1734 in
754 1693 948 1735 Asiatica
964 1694 1240 1749 profectione,
1263 1709 1316 1736 ex
1334 1709 1419 1750 qua
1438 1711 1537 1738 cum
1555 1698 1707 1740 eodem

155 1776 344 1824 tempore
385 1782 471 1823 quo
510 1766 582 1809 ille
619 1765 826 1815 redisset,
866 1765 1050 1808 honores
1078 1766 1312 1822 praetorios
1342 1767 1432 1823 (τὰς
1460 1771 1538 1809 τῶν
1570 1769 1705 1824 ἐστρα-

154 1839 387 1896 τηγηκότων
426 1839 563 1893 τιμάς,
603 1837 692 1879 Dio
727 1837 848 1888 LIV,
891 1839 960 1893 10)
1002 1838 1188 1894 accepit,
1224 1837 1252 1879 i.
1281 1853 1317 1880 e.
1347 1854 1431 1881 non
1464 1848 1708 1884 ornamenta

156 1911 387 1969 praetoria,
425 1926 534 1966 quae
571 1910 646 1960 iis,
687 1911 761 1965 qui
799 1911 999 1953 senatorii
1034 1911 1196 1953 ordinis
1225 1926 1306 1953 nec
1333 1921 1476 1954 essent
1502 1928 1580 1955 nec
1613 1928 1707 1955 esse

155 1991 352 2041 possent,
390 1982 622 2033 dabantur,
658 1982 735 2025 sed
760 1982 902 2024 locum
933 1983 1193 2038 praetorium
1223 1983 1456 2025 sententiae
1483 1984 1527 2025 in
1557 1992 1707 2027 senatu

156 2055 379 2105 dicendae,
410 2063 451 2097 et
475 2056 690 2108 posthaw,
718 2062 766 2096 ut
796 2053 974 2097 Sueton.
1007 2054 1106 2096 Tib.
1137 2070 1173 2098 c.
1202 2056 1226 2098 9
1255 2055 1336 2105 ait,
1374 2063 1578 2098 comatam
1608 2059 1706 2098 Gal-

156 2131 258 2170 liam
287 2142 399 2168 anno
412 2129 516 2180 fere
542 2129 670 2175 rezit,
702 2133 740 2167 et
769 2127 1039 2168 barbarorum
1069 2128 1374 2169 incursionibus
1402 2135 1441 2168 et
1464 2119 1707 2182 principum

157 2202 360 2242 discordia
412 2202 652 2251 inquietam.
738 2201 850 2239 Exin
899 2202 1114 2239 Raeticum
1167 2201 1498 2252 Vindelicumque
1544 2201 1707 2250 bellum,

156 2274 252 2314 inde
280 2273 591 2320 Pannonicum,
621 2272 715 2311 inde
746 2273 1039 2311 Germanicum
1067 2275 1204 2324 gessit.
1269 2271 1393 2325 Quae
1425 2271 1487 2313 sic
1519 2272 1654 2314 solent
1684 2288 1709 2314 a

157 2343 261 2386 viris
289 2342 428 2386 doctis
458 2342 654 2398 intelligi,
686 2346 734 2383 u't
762 2340 928 2384 Galliae
959 2343 1372 2386 administrationem
1404 2359 1502 2386 cum
1530 2343 1708 2385 Raetico

157 2415 270 2458 bello
298 2415 574 2470 coniungant,
602 2429 774 2470 quoque
804 2422 994 2470 tempore
1023 2415 1069 2456 id
1098 2422 1270 2472 gestum
1301 2415 1368 2464 sit,
1399 2415 1550 2456 eodem
1577 2414 1708 2456 Tibe-

159 2487 269 2529 rium
292 2485 456 2529 Galliae
483 2486 723 2542 praefuisse
751 2486 1006 2529 existiment.
1054 2487 1197 2541 Quam
1223 2487 1468 2544 opinionem
1497 2493 1545 2527 ut
1566 2485 1708 2528 minus

158 2558 359 2614 probem,
400 2557 511 2599 duae
546 2557 754 2613 imprimis
788 2573 857 2600 res
889 2559 1065 2601 faciunt.
1123 2559 1316 2601 Primum
1342 2557 1455 2599 enim
1484 2557 1709 2599 Raeticum

159 2629 320 2672 bellum
349 2629 410 2670 sic
438 2635 608 2684 gestum
638 2636 715 2672 est.
770 2628 883 2672 Cum
913 2646 1022 2673 anno
1054 2631 1103 2673 16
1131 2631 1326 2673 Lolliana
1353 2629 1496 2672 clades
1524 2628 1568 2670 in
1594 2628 1706 2670 Ger-

160 2701 301 2744 mania
338 2699 564 2742 accidisset
603 2701 711 2754 (Dio
738 2701 858 2752 LIV,
887 2703 941 2745 20
980 2710 1022 2746 et
1058 2703 1210 2745 Vellei.
1238 2703 1305 2752 ΙΙ,
1336 2701 1433 2755 97),
1477 2701 1708 2756 Augustus

160 2772 254 2828 ipse
281 2787 380 2815 cum
405 2770 580 2814 Tiberio
604 2773 802 2830 privigno
833 2781 936 2816 tunc
965 2775 1109 2831 ipsum
1139 2782 1330 2830 praetore
1358 2773 1463 2827 (Dio
1488 2771 1608 2823 LIV,
1637 2773 1708 2828 19)

161 2843 206 2886 in
235 2842 419 2886 Galliam
458 2844 698 2899 profectus,
735 2845 838 2901 quia
871 2844 1042 2888 barbari
1076 2846 1244 2887 interim
1281 2851 1565 2895 recesserant,
1602 2844 1709 2886 nihil
