1846 3100
615 153 668 185 De
694 153 938 195 propagatione
966 152 1108 185 civitatis
1130 152 1320 185 Romanae.
1656 149 1735 194 371

194 262 334 319 fragia
364 263 536 312 ferrent,
569 261 803 317 assignare.
859 260 927 302 Ita
952 260 1090 302 omnis
1120 260 1310 303 omnium
1332 275 1476 303 rerum
1501 261 1744 303 communio

195 333 481 377 deferebatur.
553 334 826 388 Quamquam
859 332 1014 375 divisio
1053 332 1264 388 quaedam
1302 333 1490 376 muneris
1529 333 1661 376 subiti
1691 332 1744 376 ab

197 413 348 449 senatu
385 406 577 449 adhibita
607 411 684 449 est.
749 404 860 447 Nam
890 404 1100 446 honorum
1132 404 1201 446 ius
1232 405 1430 447 continuo
1461 404 1666 457 dabatur,
1697 413 1746 448 ut

195 482 393 534 protinus
418 494 554 522 novos
583 479 699 521 cives
729 477 774 519 in
803 483 997 519 senatum
1024 477 1250 533 pervenire
1281 484 1408 533 atque
1436 477 1620 520 honores
1652 478 1744 520 adi-

195 550 305 608 pisci
339 551 510 602 liceret3
553 550 857 606 suffragiorum
892 549 960 591 ius
995 549 1116 592 initio
1156 549 1498 593 deminuebatur.
1560 550 1660 604 Qua
1691 550 1745 593 de

194 637 240 665 re
281 638 379 666 cum
415 624 496 666 viri
535 623 708 679 quidam
739 622 855 664 docti
884 621 1006 664 aliter
1031 621 1199 664 tradere
1228 623 1503 678 opinarentur
1531 623 1745 667 Velleium

191 694 259 745 Π,
293 696 365 746 15,
403 696 525 739 aliter
551 694 800 752 Appianum
830 695 928 737 bell.
960 694 1041 736 civ.
1066 694 1102 744 Ι,
1135 694 1208 744 49,
1247 702 1410 750 partem
1448 694 1744 747 dissensionis,

194 782 305 823 quae
334 769 579 824 putabatur,
608 769 788 811 rectiore
815 767 1161 823 interpretatione
1194 767 1368 809 sustulit
1391 767 1573 810 Becker.
1594 767 1743 824 Antiq.

194 839 318 883 Rom.
347 841 572 899 compend.
590 840 649 891 II,
685 844 719 890 1,
749 840 839 890 170,
872 839 1022 882 debuit
1048 846 1178 882 totam
1207 839 1367 881 tollere.
1422 839 1533 883 Nam
1550 840 1743 884 Velleius

192 912 237 954 in
278 919 372 955 octo
413 928 548 956 novas
590 913 729 956 tribus
769 912 1033 955 contributos
1075 926 1170 954 esse
1213 911 1271 953 ait
1313 912 1474 962 socios,
1517 913 1744 969 Appianus

194 985 343 1028 scribit
373 987 659 1031 δεκατεύοντες
687 985 765 1027 ἀπέ
829 1000 899 1026 ναν
931 984 995 1026 ἑτέ
1024 999 1072 1030 ας
1150 984 1248 1029 υλὰς
1273 1016 1283 1035 ,
1315 984 1355 1025 ἐν
1379 984 1441 1028 αἷς
1461 984 1742 1042 ἐχειροτόνουν

192 1055 382 1118 {Q⁹
422 1057 466 1099 in
503 1058 662 1114 quibus
702 1057 850 1100 decem
886 1072 1095 1099 novarum
1133 1057 1324 1099 tribuum
1364 1056 1619 1098 mentionem
1650 1056 1744 1098 fieri

191 1130 412 1186 putabant.
461 1130 627 1173 Verum
655 1129 885 1171 δεκατεύειν
913 1144 999 1172 non
1027 1136 1092 1172 est
1116 1129 1160 1171 in
1187 1129 1336 1171 decem
1363 1135 1506 1185 partes
1535 1128 1743 1179 dividere,

193 1201 271 1243 sed
308 1202 368 1244 ita
409 1202 627 1252 dividere,
671 1209 720 1244 ut
755 1202 854 1244 deni
896 1201 981 1243 sint
1017 1202 1062 1243 in
1102 1202 1285 1258 singulis
1327 1200 1544 1256 partibus,
1588 1200 1743 1243 Latine

193 1273 436 1325 decuriam,
475 1275 545 1317 vel
577 1275 727 1317 latiore
766 1289 892 1330 saepe
927 1274 1262 1330 significatione,
1305 1280 1354 1315 ut
1393 1279 1536 1315 certus
1571 1273 1743 1315 omnino

193 1347 249 1388 sit
271 1362 477 1389 numerus
502 1347 546 1389 in
573 1347 756 1404 singulis
781 1346 990 1402 partibus,
1019 1347 1148 1418 modo
1168 1363 1221 1389 ne
1242 1361 1436 1402 magnus.
1475 1345 1594 1387 Nihil
1611 1346 1745 1402 igitur

196 1419 423 1476 Appianus
451 1419 505 1461 de
530 1434 709 1462 numero
734 1434 942 1461 novarum
969 1419 1160 1461 tribuum
1186 1419 1316 1461 refert
1346 1419 1426 1461 hoc
1453 1424 1618 1460 tantum
1645 1434 1742 1460 nar-

190 1506 304 1542 rans,
335 1491 498 1534 divisos
526 1507 620 1535 esse
652 1492 791 1534 socios
821 1506 899 1547 per
925 1506 1060 1534 novas
1089 1490 1242 1540 tribus,
1275 1505 1324 1532 ac
1344 1497 1583 1546 postremos
1606 1491 1743 1532 omni-

191 1579 266 1606 um
295 1563 350 1607 ad
381 1564 634 1620 suffragium
666 1571 854 1607 vocatos.
914 1563 1006 1605 Nec
1036 1571 1177 1606 tamen
1208 1563 1284 1604 diu
1315 1563 1420 1605 socii
1449 1569 1544 1605 octo
1570 1562 1637 1604 his
1668 1563 1743 1604 tri-

191 1635 336 1679 bubus
360 1635 699 1679 continebantur.
739 1636 851 1679 Nam
870 1634 920 1678 C.
938 1635 1105 1678 Marius
1132 1651 1254 1678 suam
1278 1635 1512 1691 potentiam
1534 1650 1742 1691 quaerens

191 1722 269 1764 per
308 1714 476 1750 veteres
515 1709 704 1764 quinque
743 1716 784 1751 et
820 1708 995 1764 triginta
1032 1706 1169 1749 tribus
1203 1722 1248 1749 se
1281 1721 1416 1750 novos
1449 1707 1566 1750 cives
1597 1707 1742 1749 distri-

192 1779 399 1822 buturum
433 1795 527 1823 esse
554 1780 751 1836 promisit
778 1795 827 1823 ac
856 1777 1020 1822 Cinnae
1051 1794 1192 1836 opera,
1213 1766 1340 1834 'quod
1367 1779 1621 1836 promiserat
1647 1794 1743 1836 per-

196 1851 312 1902 fecit,
343 1859 391 1893 ut
420 1852 464 1893 in
492 1853 616 1895 Italia
638 1853 683 1894 in
711 1852 927 1895 civitatem
954 1851 1202 1908 recipienda
1228 1852 1412 1894 eundem
1437 1858 1626 1894 veterem
1652 1867 1743 1894 mo·-

190 1939 295 1974 rem,
321 1924 395 1979 qui
415 1924 459 1966 in
479 1925 685 1981 proximis
705 1925 873 1983 oppidis
894 1924 1158 1967 asciscendis
1183 1923 1381 1966 conditus
1402 1931 1504 1973 erat,
1531 1930 1743 1966 retentum

192 2010 287 2038 esse
332 1996 572 2040 videamus.
638 1995 701 2040 At
734 1997 787 2039 L.
823 1996 963 2047 Sulla,
1006 2003 1234 2053 postquam
1274 2010 1417 2038 rerum
1459 1996 1622 2052 potitus
1664 2005 1742 2047 est,

191 2082 290 2110 cum
330 2069 542 2111 sociorum
581 2069 827 2112 Italicorum
865 2069 1069 2126 optimam
1106 2068 1319 2112 civitatem
1358 2068 1619 2119 Romanam,
1659 2083 1742 2110 non

191 2147 356 2182 tantum
397 2156 422 2183 a
460 2141 762 2197 popularibus,
808 2141 883 2196 qui
923 2141 1117 2197 proxime
1155 2140 1359 2183 dominati
1402 2147 1522 2182 erant
1537 2171 1547 2190 ,
1590 2155 1742 2182 verum

192 2212 319 2254 etiam
352 2212 406 2255 ab
439 2214 714 2270 optimatibus
745 2214 847 2255 olim
879 2228 1125 2256 concessam
1156 2213 1305 2255 tollere
1331 2227 1416 2254 non
1443 2220 1605 2268 posset,
1635 2227 1742 2268 qua-

191 2291 318 2327 tenus
348 2291 490 2327 tamen
515 2284 682 2336 licebat,
712 2293 900 2328 veterem
925 2285 1187 2341 reipublicae
1223 2286 1403 2327 formam
1432 2284 1640 2327 reducere
1668 2299 1741 2326 co-

192 2363 317 2399 natus
345 2365 422 2399 est.
467 2358 639 2400 Etenim
666 2373 716 2400 ea
736 2357 847 2414 lege,
878 2372 964 2413 qua
991 2357 1294 2399 seditiosorum
1319 2370 1479 2412 poenas
1506 2355 1740 2406 constituit,

192 2435 234 2470 et
264 2429 512 2485 singillatim
541 2430 737 2471 inimicos
770 2437 812 2471 et
839 2429 1052 2479 civitates,
1083 2443 1192 2484 quae
1222 2444 1340 2471 arma
1369 2435 1513 2470 contra
1542 2428 1739 2478 tulerant,

192 2501 441 2556 complexus
480 2503 599 2557 (nam
633 2516 764 2544 unam
802 2516 895 2543 eam
934 2500 1076 2556 legem
1113 2500 1248 2542 fuisse
1289 2499 1457 2550 iudico,
1502 2513 1589 2541 non
1631 2499 1740 2542 duas

192 2572 385 2614 diversas
412 2572 466 2615 de
491 2572 735 2615 hominibus
769 2580 810 2615 et
839 2573 893 2614 de
921 2571 1188 2628 civitatibus)
1218 2572 1371 2621 sanxit,
1402 2578 1451 2613 ut
1471 2571 1546 2626 qui
1566 2578 1742 2627 propter

192 2643 443 2686 seditionem
480 2644 707 2701 proscripti
747 2651 874 2700 atque
911 2644 1043 2686 occisi
1072 2651 1236 2694 essent,
1286 2658 1430 2686 eorum
1462 2642 1586 2685 liberi
1615 2642 1739 2686 bonis

191 2715 345 2771 privati
374 2715 443 2758 ius
470 2716 680 2758 honorum
705 2716 947 2759 amitterent
975 2716 1105 2772 (Vell.
1122 2716 1180 2766 11,
1208 2716 1297 2769 29),
1327 2716 1355 2757 i.
1381 2730 1418 2757 e.
1447 2729 1501 2756 ne
1530 2714 1586 2756 ad
1617 2729 1740 2757 sena-

191 2788 323 2830 torios
365 2787 548 2830 honores
592 2796 870 2844 senatumque
911 2788 1053 2844 ipsum
1099 2788 1448 2837 admitterentur,
1494 2785 1651 2829 deinde
1691 2794 1740 2828 ut

193 2859 410 2910 civitates,
449 2874 559 2916 quae
589 2859 890 2915 deliquissent,
928 2868 970 2903 et
997 2874 1121 2916 agro,
1154 2859 1229 2916 qui
1259 2859 1471 2902 veteranis
1502 2858 1629 2901 datus
1660 2866 1739 2909 est,

1378 2932 1468 2975 24*
