1846 3100
150 119 202 161 54
595 122 650 154 De
675 121 791 155 Gallia
817 123 1049 155 Romanorum
1073 124 1257 166 provincia.

146 230 282 271 multo
311 235 409 286 post
441 229 710 272 consulatum
742 229 1070 286 supervixisse.>
1112 230 1203 275 Nec
1228 239 1369 276 tamen
1393 234 1475 278 hoc
1502 235 1696 292 impedit,

147 301 379 357 quominus
405 302 670 358 provinciam
699 302 879 351 rexerit,
909 316 960 343 ac
989 302 1162 346 videtur
1193 306 1381 357 rexisse,
1410 322 1495 349 non
1524 314 1699 363 propter

146 373 436 430 fragmentum
462 373 571 416 illud
603 373 926 424 Sallustianum,
966 374 1085 429 quod
1114 375 1323 419 Priscian.
1353 378 1431 428 VI,
1464 381 1528 429 11,
1563 379 1612 422 61
1645 395 1699 422 ex

145 445 256 488 libro
275 446 322 488 II
339 445 488 489 histor.
520 447 596 500 (II,
623 447 677 490 84
698 446 765 488 ed.
782 445 945 500 Kritz.)
975 446 1099 488 affert
1128 447 1193 496 (id
1222 448 1335 491 enim
1365 464 1462 492 cum
1492 450 1537 492 in
1565 451 1698 494 altero

146 518 422 561 historiarum
451 518 560 561 libro
579 518 722 568 fuerit,
749 518 804 560 ad
826 517 934 559 illud
955 509 1097 573 potius
1114 519 1356 576 imperium,
1383 522 1500 578 quod
1518 508 1698 566 Orestes

148 605 201 633 ex
229 598 431 647 praetura
460 591 622 641 habuit,
655 590 828 633 videtur
857 589 1086 645 pertinere,
1114 607 1373 648 quamquam
1401 601 1516 638 certe
1534 610 1621 638 non
1642 595 1698 638 ad

146 670 390 719 praeturam
420 663 651 718 Illyricam,
683 670 731 704 ut
756 662 941 718 Pighius
969 662 1126 706 Annal.
1152 665 1222 707 III
1249 681 1290 721 p.
1321 665 1401 709 293
1431 667 1614 717 volebat,
1645 667 1698 710 si-

146 736 320 792 quidem
347 735 466 777 nulla
485 741 573 778 erat
594 734 816 792 provincia
827 733 1084 790 Illyricum),
1113 736 1189 778 sed
1214 745 1388 794 propter
1407 739 1695 781 consularium

146 809 467 865 provinciarum
499 807 869 851 consuetudinem.
911 807 1063 863 Itaque
1092 822 1191 851 cum
1221 809 1478 853 Macedonia
1508 825 1617 853 anno
1643 811 1694 853 71

148 881 202 923 ab
234 881 296 922 M.
326 880 528 930 Lucullo,
559 888 651 922 tum
683 896 707 922 a
738 879 790 921 L.
820 877 1030 929 Culleolo,
1063 888 1175 922 certe
1203 890 1298 938 post
1328 878 1467 925 >tantas
1499 882 1698 925 victorias

147 953 266 995 nullo
293 953 421 995 modo
452 969 478 994 a
505 952 720 995 consulari
751 952 867 1002 viro,
899 951 1008 994 Asia
1034 958 1076 993 et
1106 950 1260 996 Cilicia
1288 962 1471 1011 utroque
1502 969 1613 998 anno
1643 954 1697 997 ab

146 1026 199 1068 L.
229 1025 441 1075 Lucullo,
481 1024 776 1067 Narbonensis
810 1023 953 1067 Gallia
981 1038 1090 1064 anno
1115 1024 1163 1067 71
1196 1040 1233 1067 a.
1259 1026 1322 1068 M.
1351 1027 1532 1069 Fonteio
1560 1027 1697 1070 admi-

146 1099 348 1141 nistratae
380 1097 477 1145 sint,
510 1112 609 1139 eum
639 1097 684 1138 in
715 1097 963 1139 alterutram
993 1095 1247 1152 Hispaniam
1279 1099 1348 1141 vel
1378 1097 1458 1141 Cn.
1490 1099 1698 1156 Pompeio

148 1170 218 1212 vel
247 1169 302 1223 Q.
335 1170 511 1212 Metello
555 1169 816 1211 successisse
855 1168 1074 1224 suspicor3
1120 1184 1219 1211 nam
1254 1171 1428 1213 alteram
1466 1186 1604 1227 usque
1643 1172 1697 1214 ad

146 1257 307 1285 annum
338 1242 391 1284 69
425 1241 488 1283 M.
518 1241 687 1297 Pupius
719 1241 822 1284 Piso
860 1256 912 1284 ex
949 1251 1149 1296 praetura
1184 1242 1321 1283 tenuit
1356 1242 1536 1299 (Ascon.
1573 1258 1615 1300 p.
1648 1244 1696 1285 15

147 1312 306 1364 Orell.;
348 1311 440 1355 Cic.
466 1328 509 1369 p.
540 1313 680 1356 Flacc.
709 1328 745 1355 c.
777 1313 1187 1368 3).1nsequuntur
1225 1328 1336 1356 anno
1370 1313 1425 1357 70
1456 1312 1537 1357 Cn.
1566 1315 1698 1358 Pom-

145 1386 270 1443 peius
305 1386 495 1442 Magnus
526 1392 568 1427 et
597 1385 659 1427 M.
687 1384 885 1427 Licinius
918 1383 1105 1427 Crassus
1147 1386 1370 1436 consules,
1407 1401 1590 1442 quorum
1626 1387 1698 1430 ille

148 1472 246 1501 cum
288 1458 474 1501 iurasset
511 1472 556 1500 se
596 1458 641 1500 in
676 1458 840 1500 nullam
871 1457 1138 1513 provinciam
1178 1473 1232 1500 ex
1269 1459 1494 1501 consulatu
1535 1459 1698 1502 iturum

146 1530 277 1586 idque
306 1537 522 1573 servasset
550 1530 682 1586 (Vell.
708 1530 767 1580 ΙΙ,
800 1530 848 1573 31
864 1546 876 1580 ;
908 1531 1061 1573 Zonar.
1085 1530 1147 1578 X,
1175 1529 1235 1585 2),
1264 1531 1368 1586 quid
1395 1530 1567 1573 tandem
1595 1531 1697 1574 fecit

148 1600 364 1646 Crassus?
410 1601 527 1644 Num
555 1601 672 1644 idem
700 1602 857 1645 iuravit
883 1602 1000 1658 quod
1029 1602 1294 1658 Pompeius?
1341 1601 1403 1645 At
1434 1603 1479 1646 id
1503 1618 1583 1646 nec
1612 1611 1697 1646 tra-

147 1675 211 1717 dit
239 1675 467 1731 quisquam
488 1689 567 1717 nec
586 1690 666 1731 per
691 1689 736 1716 se
761 1673 982 1730 probabile
1001 1682 1078 1725 est,
1104 1674 1222 1730 quod
1243 1675 1435 1717 nondum
1456 1676 1697 1719 consularia

146 1746 346 1803 imperia,
377 1754 426 1788 ut
455 1746 712 1803 Pompeius,
747 1754 1010 1789 exercuerat.
1070 1746 1163 1789 Nec
1193 1747 1334 1805 minus
1364 1754 1505 1789 tamen
1533 1756 1698 1791 certum

147 1825 213 1861 est
240 1834 339 1862 eum
367 1833 453 1861 non
481 1818 621 1861 exisse
648 1819 693 1860 in
714 1819 991 1875 provinciam.
1030 1818 1151 1872 Quid
1172 1819 1305 1876 igitur
1325 1820 1513 1863 muneris
1533 1821 1697 1877 gessit?

146 1892 358 1935 Nimirum
374 1892 572 1948 Pompeii
601 1891 876 1934 iureiurando
904 1891 978 1934 illa
996 1891 1231 1948 provincia,
1261 1907 1371 1947 quae
1392 1899 1512 1935 extra
1532 1892 1696 1935 Italiam

148 1965 321 2007 decerni
354 1965 528 2015 solebat,
562 1964 731 2007 sublata
763 1972 865 2014 erat,
894 1965 1032 2021 ipsam
1061 1963 1226 2006 Italiam
1255 1979 1353 2005 cum
1381 1963 1525 2007 Gallia
1553 1962 1696 2007 Cisal-

146 2037 248 2094 pina
278 2037 443 2093 accepit
462 2037 530 2096 M,
547 2035 733 2079 Crassus
764 2036 895 2092 idque
925 2036 984 2078 ita
1014 2042 1347 2078 consentaneum
1380 2043 1482 2078 erat.
1523 2036 1696 2078 Etenim

145 2117 320 2167 pacarat
347 2109 477 2165 paulo
508 2116 604 2151 ante
630 2108 742 2151 bello
771 2108 887 2150 civili
918 2108 1105 2151 extincto
1130 2107 1316 2158 Italiam,
1344 2122 1497 2163 quare,
1524 2115 1572 2150 ut
1595 2123 1696 2165 pro-

147 2181 329 2223 vinciam
356 2180 430 2236 qui
461 2180 655 2237 subegit,
684 2180 800 2222 idem
829 2180 923 2222 iure
954 2195 1005 2223 ac
1033 2179 1203 2236 legibus
1234 2194 1487 2235 componere
1519 2179 1696 2231 solebat,

146 2253 206 2296 ita
236 2251 397 2295 Crasso
436 2251 761 2294 concedendum
800 2259 912 2302 erat,
958 2259 1007 2294 ut
1045 2258 1252 2294 vastatam
1291 2251 1500 2294 seditione
1529 2252 1697 2295 Italiam

146 2324 391 2367 restitueret
407 2324 750 2380 provideretque,
768 2338 822 2366 ne
841 2324 958 2379 quod
982 2323 1118 2366 simile
1136 2323 1294 2365 malum
1311 2323 1468 2364 iterum
1483 2323 1696 2366 existeret.

147 2396 217 2439 De
255 2397 507 2446 consulum,
551 2396 627 2452 qui
674 2411 786 2439 anno
829 2397 882 2439 69
924 2403 1246 2445 successerunt,
1294 2394 1349 2448 Q,-
1390 2395 1612 2438 Hortensii
1656 2403 1698 2438 et

148 2468 205 2524 Q.
238 2469 426 2520 Metelli,
469 2469 703 2526 provinciis
749 2468 850 2510 satis
888 2467 1049 2509 dictum
1087 2474 1152 2510 est
1179 2468 1223 2509 in
1254 2466 1695 2511 Commentationibus
1763 2467 1765 2470 ⁴

148 2541 370 2598 epigraph.
400 2541 497 2584 Vol.
527 2541 573 2583 II
602 2557 644 2598 p.
675 2540 766 2583 186.
822 2538 935 2582 Cum
962 2554 1054 2582 sors
1082 2539 1204 2581 aliter
1232 2539 1535 2590 constituisset,
1564 2539 1694 2582 cessit

151 2614 414 2657 Hortensius
431 2613 607 2656 Metello
621 2612 920 2655 Macedoniam
937 2619 977 2654 et
993 2611 1153 2654 bellum
1170 2609 1402 2662 Creticum,
1426 2611 1519 2667 ipse
1534 2611 1696 2654 Romae

147 2685 304 2727 mansit
332 2686 359 2727 i.
389 2700 440 2736 e.,
469 2692 518 2727 ut
547 2684 726 2727 coniicio
755 2683 880 2742 (nihil
905 2683 1018 2726 enim
1050 2683 1103 2725 de
1123 2698 1172 2725 ea
1201 2698 1245 2725 re
1279 2681 1494 2738 traditur),
1526 2682 1694 2725 Italiam

147 2757 412 2813 provinciam
441 2756 606 2814 accepit
622 2756 893 2812 Galliamque
921 2754 1184 2811 Cisalpinam
1216 2770 1313 2798 cum
1343 2771 1394 2798 ea
1424 2755 1695 2798 coniunctam

149 2828 270 2870 rexit.
335 2829 616 2885 Eandemque
653 2827 771 2870 haud
814 2827 903 2870 scio
931 2842 987 2869 an-
1022 2827 1265 2881 insequenti
1301 2842 1412 2870 anno
1450 2826 1695 2877 obtinuerit,
