1846 3100
180 150 264 193 232
625 153 679 185 De
703 154 879 186 dictatoris
901 153 1058 190 Caesaris
1081 154 1279 187 honoribus.

180 261 379 304 Alterum
413 258 715 318 argumentum
750 260 910 317 petitur
943 277 995 303 ex
1024 261 1197 318 Ioseph.
1229 262 1376 319 Antiq.
1403 263 1532 314 XIV,
1570 263 1642 314 10,
1682 265 1723 314 7,

181 349 266 390 quo
305 335 400 377 loco
441 349 538 376 eum
578 333 659 375 alia
698 333 870 375 decreta
905 349 931 375 a
963 331 1148 376 Caesare
1187 335 1241 377 de
1279 335 1438 378 honore
1464 336 1724 379 Iudaeorum

179 407 305 456 facta,
332 414 424 448 tum
437 406 519 448 hoc
545 407 748 448 refertur:
792 406 913 450 Γάϊος
937 404 1113 461 Καῖσαρ,
1145 408 1423 463 αὐτοκράτωρ,
1454 409 1648 464 δικτάτωρ
1678 409 1722 450 τὸ

180 481 389 534 τέταρτον,
423 479 573 524 ὕπατός
595 494 637 520 τε
666 481 709 520 τὸ
733 478 936 533 πέμπτον,
966 479 1161 533 δικτάτωρ
1187 479 1528 534 ἀποδεδειγμένος
1551 480 1617 521 διὰ
1635 481 1723 536 βίου

180 551 327 605 λόγους
353 551 574 606 ἐποιήσατο
603 551 694 606 περὶ
716 554 794 591 τῶν
820 550 985 591 δικαίων
1011 554 1089 590 τῶν
1109 550 1310 605 Ὑρκανοῦ
1340 555 1410 592 τοῦ
1434 551 1725 607 Ἀλεξάνδρου,

179 638 264 679 quo
283 623 376 666 loco
395 631 588 679 quartam
615 623 870 665 dictaturam
893 621 947 664 ab
971 629 1176 678 perpetua
1198 629 1341 679 aperte
1360 623 1546 666 discerni
1562 624 1724 666 dicunt.

181 694 278 737 Sint
308 703 424 738 certa
452 696 524 738 illa
551 695 706 745 verba,
752 695 806 737 sit
832 710 990 751 magna
1016 695 1070 737 de
1096 695 1331 737 honoribus
1354 693 1553 738 Caesaris
1577 703 1724 739 aucto-

179 769 283 811 ritas
311 767 497 824 Iosephi,
529 783 664 823 eaque
692 782 800 822 quae
828 781 927 809 cum
956 767 1134 829 reliquis
1163 768 1448 810 monumentis
1470 768 1725 811 contendere

181 841 330 897 possit,
361 848 502 882 tamen
531 839 758 882 diversitas
790 839 862 881 illa
887 854 969 881 non
993 840 1187 882 efficitur.
1233 840 1402 882 Etenim
1424 840 1459 882 si
1478 841 1576 896 quis
1597 857 1726 897 quar-

182 922 267 956 tam
309 913 565 955 dictaturam
609 913 789 955 eandem
832 912 967 954 fuisse
1007 921 1257 968 perpetuam
1299 912 1426 955 vellet
1470 912 1725 969 significare,

180 986 396 1041 quomodo
425 985 617 1027 diceret?
665 983 713 1027 Si
741 985 991 1027 dictatorem
1018 984 1079 1026 IV
1108 993 1362 1041 perpetuum
1387 985 1631 1042 appellaret,
1658 984 1725 1026 in-

181 1066 307 1108 esset,
334 1058 450 1113 quod
480 1058 533 1100 ab
564 1066 680 1100 reeta
708 1058 870 1100 ratione
898 1055 1110 1107 abhorret,
1140 1073 1279 1114 neque
1309 1058 1420 1100 enim
1451 1064 1600 1113 quater
1626 1073 1724 1114 per-

179 1138 337 1187 petuus
367 1131 468 1172 ferri
495 1137 657 1186 potest3
703 1131 808 1172 nihil
838 1130 974 1187 igitur
1005 1137 1220 1186 superest,
1250 1130 1331 1172 nisi
1365 1137 1413 1172 ut
1439 1130 1621 1172 dictator
1646 1129 1725 1180 IV,

180 1203 362 1245 dictator
388 1212 621 1259 perpetuus
647 1203 889 1245 nominetur
916 1217 1050 1257 eaque
1078 1202 1131 1244 de
1163 1219 1294 1245 causa
1321 1203 1367 1244 in
1394 1203 1579 1245 nummis
1598 1203 1725 1244 alter-

180 1283 325 1318 utrum
365 1282 529 1318 tantum
566 1276 687 1331 poni,
729 1290 810 1317 non
847 1281 1078 1329 utrumque
1125 1274 1329 1330 coniungi
1369 1274 1578 1316 videmus.
1636 1273 1725 1316 Sed

182 1347 236 1389 sit
265 1347 438 1390 diversa
463 1347 675 1390 dictatura
703 1355 853 1403 quarta
880 1347 933 1389 ab
963 1354 1170 1403 perpetua
1200 1347 1433 1402 quintaque
1465 1347 1724 1403 appelletur:

180 1419 284 1475 quid
313 1419 418 1462 dicit
444 1420 654 1476 Iosephus
675 1418 903 1462 Caesarem
932 1420 1151 1476 appellans
1185 1421 1409 1475 δικτάτωρα
1439 1418 1725 1474 ἀποδεδειγμέ·

181 1506 248 1532 νον
282 1492 347 1533 διὰ
381 1492 498 1548 βίου’.ρ
550 1491 648 1534 Non
683 1492 783 1541 hoc,
822 1492 994 1548 opinor,
1037 1492 1308 1549 designatum
1344 1507 1439 1535 esse
1476 1492 1727 1534 dictatorem

181 1571 459 1620 perpetuum3
509 1581 606 1607 nam
651 1565 904 1606 dictaturam
946 1564 1046 1619 quia
1085 1580 1170 1607 non
1216 1565 1443 1622 quotannis
1484 1571 1558 1607 aut
1599 1563 1725 1606 certis

182 1637 329 1693 spatiis
351 1645 425 1679 aut
445 1644 560 1679 certo
583 1637 725 1692 aliquo
750 1637 819 1678 die
844 1637 990 1686 initur,
1017 1637 1099 1679 hoe
1118 1638 1333 1694 proprium
1353 1645 1480 1693 atque
1499 1636 1552 1679 ab
1575 1636 1726 1678 ceteris

180 1710 504 1766 magistratibus
535 1709 760 1751 ordinariis
788 1709 1010 1752 diversum
1037 1709 1194 1752 habere
1210 1710 1412 1760 diximus,
1438 1716 1487 1751 ut
1504 1717 1727 1766 postquam

181 1782 353 1825 decreta
388 1790 472 1833 est,
514 1782 656 1825 statim
696 1783 864 1824 ineatur
894 1797 1033 1838 neque
1061 1782 1191 1825 ullam
1221 1797 1331 1838 quae
1361 1788 1485 1824 antea
1512 1781 1607 1831 fiat,
1651 1780 1726 1822 de-

183 1854 467 1911 signationem
501 1855 697 1911 patiatur.
765 1854 885 1897 Dicit
921 1854 1056 1911 igitur
1082 1855 1294 1911 Iosephus
1323 1855 1484 1897 factum
1516 1853 1607 1896 sive
1635 1867 1726 1895 ere-

181 1933 297 1969 atum
323 1942 417 1969 esse
437 1925 665 1970 Caesarem
691 1927 940 1969 dictatorem
967 1933 1233 1982 perpetuum,
1259 1927 1419 1982 quique
1437 1925 1726 1968 diversitatem

180 2000 296 2041 illam
322 1999 514 2049 retineat,
547 2000 602 2041 ad
629 2000 859 2042 absurdam
889 1999 998 2041 hanc
1028 1998 1233 2040 rationem
1263 1999 1516 2048 deducatur,
1547 2003 1596 2038 ut
1621 2013 1726 2040 eun-

182 2072 279 2121 dem
299 2079 340 2113 et
357 2079 556 2128 quartum
581 2078 622 2114 et
641 2073 838 2127 quintum
865 2071 955 2114 sive
982 2079 1237 2128 perpetuum
1257 2071 1506 2113 dictatorem
1523 2070 1726 2127 appellari

183 2151 350 2187 statuat.
414 2144 539 2198 Quae
577 2160 676 2187 cum
710 2144 771 2186 ita
809 2144 915 2195 sint,
957 2144 1120 2186 nummi
1147 2143 1252 2185 nihil
1279 2143 1324 2184 in
1356 2143 1601 2186 alterutram
1631 2157 1726 2199 par-

182 2225 268 2258 tem
296 2216 452 2266 valent,
483 2216 697 2273 Iosephus
729 2231 826 2258 cum
858 2216 978 2259 fastis
1011 2215 1271 2271 reliquisque
1285 2214 1531 2257 auctoribus
1549 2229 1726 2271 prorsus

181 2289 403 2331 consentit.

291 2361 585 2404 Veruntamen
630 2375 782 2417 operae
825 2360 1007 2417 pretium
1047 2365 1112 2401 est
1153 2358 1280 2400 etiam
1320 2358 1485 2414 reliqua
1525 2357 1725 2402 Caesaris

182 2433 334 2483 edicta,
368 2448 478 2489 quae
509 2449 534 2476 a
558 2433 743 2489 Iosepho
773 2448 870 2475 cum
902 2432 1025 2488 plena
1054 2431 1264 2473 honorum
1291 2431 1622 2487 praescriptione
1651 2445 1726 2473 ex-

180 2504 399 2555 hibentur,
443 2505 706 2556 examinare,
747 2504 863 2561 quod
892 2510 1118 2558 antequam
1146 2502 1443 2554 instituamus,
1481 2502 1727 2546 faciendum

183 2592 277 2620 esse
309 2584 531 2633 putamus,
568 2584 617 2619 ut
646 2591 785 2634 pauca
815 2576 869 2618 de
898 2573 1169 2631 imperatorio
1204 2576 1296 2618 eius
1329 2576 1452 2618 titulo
1481 2575 1726 2632 praemitta-

181 2665 291 2692 mus.
345 2649 455 2692 Eius
484 2649 564 2690 tria
594 2664 753 2706 genera
781 2648 1086 2691 discernuntur
1117 2647 1170 2690 ab
1194 2648 1325 2690 Dion.
1353 2647 1527 2697 XLIII,
1558 2647 1634 2697 44,
1672 2646 1727 2689 de

181 2722 318 2778 ipsius
350 2720 548 2764 Caesaris
578 2721 812 2764 honoribus
842 2720 1098 2776 disputante.
1156 2720 1305 2763 Unum
1335 2720 1448 2762 enim
1488 2734 1582 2762 esse
1618 2718 1726 2761 illud

183 2794 261 2844 ait,
293 2809 379 2850 quo
409 2794 644 2850 antiquitus
678 2793 811 2836 duces
842 2792 1110 2835 exercituum
1138 2791 1391 2842 utebantur,
1425 2791 1498 2847 qui
1531 2790 1620 2833 suis
1649 2805 1726 2833 au-

188 2866 332 2922 spiciis
360 2865 612 2923 pugnabant
640 2866 771 2921 idque
801 2864 916 2920 quod
941 2864 1108 2920 proprie
1138 2864 1365 2920 imperium
1393 2863 1563 2914 dicitur,
1592 2861 1726 2905 admi-
