1846 3100
196 143 280 187 206
635 148 689 179 De
717 148 890 179 dictatoris
917 147 1075 180 Caesaris
1106 147 1303 182 honoribus.

197 255 304 298 chus
347 254 472 298 Caes.
507 256 583 305 37,
627 256 700 311 qui
739 271 836 298 eum
875 255 987 297 intra
1025 256 1226 300 undecim
1270 258 1362 301 dies
1402 273 1495 303 sese
1534 260 1743 303 dictatura

197 327 422 371 abdicasse
463 336 605 371 narrat
643 336 872 386 aperteque
911 329 998 370 Dio
1024 329 1161 380 XLI,
1195 330 1269 373 36:
1312 332 1379 373 καὶ
1409 331 1453 377 ὃς
1485 332 1635 388 ὑπέστη
1670 334 1741 388 μὲν

196 401 266 454 τὴν
308 401 437 456 ἀρχὴν
478 402 618 456 ἐπειδὴ
658 404 817 457 πρῶτον
861 401 902 446 ἐς
938 402 1006 456 τὴν
1047 401 1162 443 πόλιν
1203 404 1400 458 εἰςῆλθεν.
1458 403 1605 458 Quare
1645 419 1742 447 cum

198 471 359 515 Caesar
390 472 621 515 Decembri
659 489 805 516 mense
840 474 977 516 Roma
1014 475 1069 517 ad
1098 474 1257 517 bellum
1286 475 1493 532 Pompeio
1516 476 1604 533 -ips'i
1633 476 1742 518 inse-

196 545 378 587 rendum
418 545 462 586 in
499 543 726 588 Graeciam
764 547 984 602 profectus
1023 562 1118 590 esse
1158 555 1354 590 narretur
1392 548 1527 605 (App.
1553 548 1621 599 II,
1656 549 1743 603 48),

197 626 380 660 exeunte
417 618 651 660 Novembri
692 618 737 660 in
772 618 923 661 urbem
961 620 1152 675 pervenit
1190 620 1462 677 insigniaque
1506 621 1743 664 dictaturae

198 690 394 746 sumpsit,
411 706 436 732 a
453 705 537 746 quo
554 698 743 747 tempore
760 691 796 733 si
813 707 995 748 regnum
1013 700 1321 743 numeraretur,
1346 708 1564 749 nunquam
1583 700 1742 750 septem

197 778 365 806 menses
395 770 437 805 et
465 770 667 818 quattuor
692 763 791 806 anni
811 771 987 820 possent
1006 764 1132 807 effici.
1178 765 1464 821 Relinquitur,
1494 773 1543 808 ut
1562 781 1745 823 regnum

197 828 252 878 ab
283 850 334 877 eo
365 843 570 892 tempore,
601 851 686 890 quo
711 836 922 878 dictatura
949 836 1046 894 lege
1079 837 1219 879 oblata
1248 844 1326 888 est,
1356 838 1598 895 incipiatur,
1628 838 1744 894 quod

198 915 366 964 tempus
408 923 505 950 cum
549 916 711 965 septem
752 909 971 952 mensibus
1009 924 1186 965 prorsus
1223 910 1451 953 convenire
1492 911 1743 968 reperimus.

197 980 351 1023 Narrat
384 981 497 1023 enim
529 981 622 1038 ipse
655 981 754 1023 bell.
785 980 864 1023 civ.
891 980 960 1031 ΙΙ,
991 981 1065 1032 21,
1107 982 1161 1024 ad
1189 982 1427 1024 Massiliam
1458 997 1503 1025 se
1534 997 1746 1039 cognosse

197 1056 322 1107 legem
355 1055 402 1094 de
432 1055 630 1094 dictatore
658 1057 789 1095 latam
817 1069 971 1107 seseque
998 1055 1236 1095 dictatorem
1262 1057 1416 1095 dictum
1440 1055 1489 1095 ab
1512 1057 1573 1096 M.
1591 1057 1747 1108 Lepido

193 1132 395 1179 praetore.
454 1124 701 1180 Antequam
739 1134 882 1168 autem
910 1126 1149 1169 Massiliam
1188 1127 1242 1169 ad
1279 1127 1567 1183 peragendam
1599 1127 1746 1184 oppidi

197 1197 461 1241 obsidionem
489 1198 696 1254 pervenit,
727 1199 888 1241 vicerat
916 1215 952 1241 a.
979 1199 1021 1240 d.
1047 1199 1111 1242 IV
1137 1199 1248 1241 Non.
1275 1198 1394 1241 Sext.
1420 1199 1586 1256 legatos
1614 1199 1745 1242 Pom-

196 1271 281 1327 peii
320 1271 363 1312 in
399 1271 612 1326 Hispania
650 1270 739 1327 (hic
778 1271 891 1313 enim
927 1271 1020 1313 dies
1060 1271 1103 1312 in
1134 1271 1351 1314 veteribus
1381 1271 1640 1314 kalendariis
1671 1285 1746 1314 no-

197 1345 345 1397 tatur),
375 1345 621 1386 ulteriorem
649 1343 914 1399 provinciam
942 1341 1086 1386 habit-o
1115 1342 1347 1387 Cordubae
1373 1351 1588 1391 conventu
1614 1359 1745 1387 occu-

196 1423 337 1472 parat,
376 1416 524 1459 Gades
564 1417 748 1467 adierat,
789 1415 972 1458 navibus
1003 1431 1229 1473 regressus
1261 1416 1504 1459 Tarracone
1535 1416 1742 1460 citerioris

197 1489 441 1545 provinciae
487 1498 741 1532 conventum
788 1496 955 1546 egerat,
1002 1489 1186 1544 denique
1223 1489 1407 1546 pedibus
1447 1477 1524 1545 per
1562 1488 1743 1532 Galliam

196 1560 517 1604 Narbonensem
558 1569 818 1604 accesserat:
865 1576 975 1617 quae
1011 1561 1152 1603 omnia
1191 1577 1287 1603 cum
1331 1577 1498 1604 summa
1531 1561 1746 1604 celeritate

197 1642 365 1690 peracta
403 1649 497 1677 esse
531 1642 777 1683 narrentur,
817 1649 993 1676 necesse
1028 1641 1170 1675 tamen
1203 1641 1268 1676 est
1298 1633 1408 1676 hano
1438 1648 1601 1676 moram
1633 1640 1745 1676 attu-

196 1706 345 1757 lerint,
383 1715 432 1748 ut
466 1714 563 1762 post
596 1706 789 1748 medium
827 1707 1000 1748 demum
1039 1721 1229 1748 mensem
1261 1705 1469 1749 Sextilem
1498 1705 1661 1749 Caesar
1690 1705 1745 1748 ad

197 1778 434 1821 Massiliam
470 1778 713 1834 perveniret
753 1778 891 1833 deque
921 1778 1134 1820 dictatura
1161 1778 1243 1820 sibi
1272 1778 1413 1820 delata
1441 1785 1742 1833 cognosceret:

196 1852 291 1908 ipsa
323 1852 458 1907 igitur
494 1852 564 1894 lex
600 1852 713 1894 circa
748 1851 939 1893 medium
976 1865 1167 1893 mensem
1203 1851 1288 1893 lata
1325 1858 1425 1895 erat.
1492 1850 1745 1906 Eodemque

198 1924 455 1973 deducimur
480 1925 612 1967 altera
636 1924 716 1966 hae
741 1923 916 1966 ratione.
966 1923 1136 1965 Etenim
1163 1923 1260 1979 quis
1288 1923 1429 1979 legem
1458 1922 1512 1964 de
1539 1922 1745 1964 dictatore

196 1997 326 2039 latam
365 2012 460 2038 esse
495 1995 663 2052 putabit
700 2004 927 2050 antequam
962 1996 1016 2037 de
1051 1995 1229 2038 victoria
1266 1993 1465 2037 Caesaris
1503 1993 1745 2036 nuntiatum

198 2069 292 2111 est?
349 2068 564 2111 Tenuerat
599 2069 670 2110 ille
707 2069 883 2124 quidem
923 2067 1006 2110 iam
1047 2075 1170 2110 ante-a
1208 2067 1358 2109 urbem
1395 2081 1446 2108 ac
1476 2066 1519 2108 vi
1550 2071 1747 2122 potuerat

198 2140 391 2190 efficere,
435 2148 483 2182 ut
518 2141 700 2183 dictator
732 2141 960 2190 diceretur,
1005 2140 1081 2183 sed
1119 2139 1343 2182 alieniores
1383 2145 1524 2180 tamen
1563 2137 1618 2180 ab
1651 2137 1744 2179 eius

198 2227 329 2255 causa
368 2213 651 2268 plurimorum
687 2220 930 2255 senatorum
975 2212 1104 2255 animi
1148 2220 1267 2253 erant
1297 2225 1436 2266 neque
1467 2209 1522 2252 ad
1553 2209 1600 2251 id
1627 2209 1746 2264 quod

196 2285 404 2327 iniustum
434 2300 528 2327 esse
557 2285 766 2340 putabant
797 2283 910 2339 (Cic.
938 2285 995 2327 ad
1026 2285 1116 2326 Att.
1145 2282 1230 2332 IX,
1267 2283 1330 2333 15,
1362 2283 1423 2336 2),
1465 2281 1590 2325 facile
1629 2296 1746 2324 com-

197 2356 477 2414 pellebantur.
534 2358 670 2400 Paulo
706 2358 881 2413 quidem
919 2364 1016 2400 ante
1048 2356 1268 2398 victoriam
1295 2370 1392 2396 cum
1417 2354 1560 2410 inopia
1591 2367 1746 2409 magna

199 2428 362 2472 Caesar
386 2436 664 2486 premeretur,
694 2436 837 2472 narrat
865 2429 956 2485 ipse
988 2428 1084 2471 bell.
1120 2428 1201 2470 civ.
1229 2427 1266 2476 I,
1298 2427 1365 2476 53,
1399 2433 1559 2482 quanta
1583 2426 1746 2468 Romae

197 2502 435 2544 animorum
468 2502 693 2545 commotio
723 2502 834 2544 facta
863 2501 918 2543 sit
948 2508 1215 2556 quantaeque
1245 2499 1301 2542 ad
1332 2499 1616 2555 Pompeianos
1647 2512 1746 2559 gra-

199 2574 438 2617 tulationes.
476 2575 628 2630 Itaque
655 2573 874 2630 probabile
900 2581 965 2615 est
985 2572 1102 2627 quod
1125 2572 1334 2622 diximus,
1360 2571 1554 2613 nuntiata
1572 2570 1745 2612 demum

200 2645 398 2689 Caesaris
436 2646 615 2688 victoria
651 2653 843 2688 senatum
881 2645 1174 2701 populumque
1218 2643 1272 2685 de
1311 2643 1517 2686 dictatore
1561 2640 1745 2684 dicendo

199 2719 489 2768 consensisse,
521 2733 571 2760 ac
601 2733 699 2760 cum
730 2717 939 2760 Afranius
973 2725 1014 2759 et
1042 2716 1240 2758 Petreius
1270 2731 1307 2758 a.
1337 2715 1378 2757 d.
1403 2715 1468 2758 IV
1498 2714 1608 2756 Non.
1643 2711 1744 2755 Sex.

200 2790 301 2832 victi
332 2791 417 2832 sint
445 2791 733 2846 victoriaeque
763 2788 940 2831 nuntius
973 2789 1121 2831 decem
1156 2789 1245 2830 fere
1273 2786 1427 2830 diebus
1457 2801 1510 2828 ex
1535 2784 1746 2841 Hispania

201 2862 382 2906 Romam
421 2862 644 2920 pervenire
681 2861 873 2918 potuisse
907 2861 1125 2910 videatur,
1167 2874 1319 2902 rursus
1350 2858 1406 2901 ad
1435 2857 1624 2900 medium
1655 2857 1744 2899 fere
