1846 3100
227 158 308 202 384
602 181 605 184 <
867 162 979 196 Index
1005 173 1127 196 rerum.

227 271 424 304 foederatae
457 270 610 302 civitates
646 271 680 302 in
704 270 873 313 Hispania
907 271 985 306 315.
1027 273 1169 316 praemii
1202 282 1303 306 causa
1334 272 1511 316 nunquam
1542 274 1772 316 Latinitatem,

321 326 379 358 sed
406 325 575 368 civitatem
600 325 699 358 Rom.
725 326 892 367 accipiunt
919 325 997 359 316.
1046 327 1237 361 foederatas
1261 336 1340 360 esse·
1358 331 1490 360 tantum
1515 319 1679 368 civitates,
1704 339 1774 362 non

319 378 476 411 homines
504 377 582 412 327.
631 380 765 421 quando
790 379 982 412 foederatae
1005 381 1155 414 civitates
1179 383 1331 414 existant
1357 381 1435 423 327.

227 433 276 466 M.
304 433 468 466 Fonteius
496 443 564 475 quo
593 438 743 476 tempore
769 433 917 466 Galliam
942 434 1202 490 Transalpinam
1229 436 1356 469 rexerit
1383 442 1416 469 et
1443 436 1616 470 Ciceronis
1644 446 1707 478 pro
1732 446 1774 470 eo

320 487 429 519 oratio
455 489 592 529 quando
615 488 733 520 habita
757 489 802 520 sit
829 486 860 520 6.

229 540 389 573 frumenti
414 541 543 583 publici
568 541 707 574 tabulae
738 541 812 575 187.

229 594 272 634 Q.
295 595 415 628 Fufius
440 595 588 628 Calenus
611 596 732 628 consul
758 594 836 628 217.
1108 640 1109 643 Ἴ

228 648 326 681 fundi
348 649 444 690 fiunt,
473 650 531 691 qui
556 650 727 683 civitatem
752 650 852 682 Rom.
880 651 1051 693 accipiunt
1078 649 1156 683 317.

209 787 342 821 ·Gallia
370 787 554 831 Cisalpina.
601 790 713 821 variae
740 790 781 821 de
806 790 879 822 eius
911 789 1040 831 origine
1071 790 1247 832 opiniones
1281 790 1313 823 5.
1361 801 1438 823 cum
1455 790 1567 830 ⁵Italia
1599 801 1774 833 nunquam

318 843 535 884 praetoribus
566 845 679 885 paruit
711 842 766 876 49.
817 844 988 886 praesides
1025 843 1098 876 eius
1135 849 1214 886 post
1245 844 1427 877 Caesarem
1461 843 1507 878 89
1538 855 1588 887 sq.
1646 845 1776 878 tollitur

319 897 492 938 provincia
518 896 572 930 92.

228 949 377 983 Galliam
401 952 578 993 Belgicam
604 953 653 984 M.
676 952 831 984 Vinicius
864 953 1055 994 praetorius
1085 953 1173 994 legit
1212 952 1286 986 102.
1329 954 1378 987 M.
1404 953 1536 1023 Lollius
1567 952 1642 988 10’1
1702 954 1774 986 eius

320 1005 404 1038 fines
429 1015 505 1038 cum
527 1007 750 1048 Lugdunensi
786 1004 857 1039 109.

229 1058 343 1092 Gallia
366 1060 608 1110 Lugdunensis
633 1062 676 1093 ad
701 1061 902 1092 Danubium
928 1062 1074 1103 pertinet
1108 1061 1180 1094 120.

228 1113 341 1146 Gallia
364 1114 604 1157 Transalpina.
652 1116 725 1147 eius
757 1124 896 1157 praeses
926 1116 974 1147 M.
999 1116 1164 1148 Fonteius
1202 1114 1234 1149 6.
1285 1110 1361 1148 cum
1385 1116 1488 1148 Italia
1514 1115 1693 1148 coniuncta
1721 1111 1774 1146 15.

320 1179 411 1200 anno
438 1167 501 1201 114
530 1171 681 1202 nondum
713 1169 819 1202 fuisse
845 1171 1054 1212 provinciam
1091 1169 1143 1204 19.
1190 1171 1364 1212 provincia
1388 1170 1544 1203 Romana
1573 1170 1610 1201 fit
1640 1167 1693 1200 24.
1744 1170 1775 1201 ei

318 1223 367 1254 M.
383 1223 534 1255 'Porcius
559 1222 644 1255 Cato
670 1229 804 1265 praeest
828 1223 882 1257 27.
927 1224 965 1257 C.
991 1224 1159 1257 Caecilius
1186 1225 1346 1257 Metellus
1374 1222 1428 1258 ⁸28.
1471 1223 1519 1256 M.
1545 1222 1695 1267 Lepidus
1719 1221 1774 1256 50.

317 1277 357 1309 L.
379 1277 524 1309 Murena
549 1275 605 1310 61.
651 1277 693 1318 Q.
718 1279 876 1310 Metellus
904 1277 958 1310 64.
1007 1277 1163 1312 Caesaris
1187 1279 1291 1320 legati
1317 1280 1352 1310 in
1377 1289 1417 1311 ea
1451 1276 1506 1311 89.
1554 1278 1707 1326 seiuncta
1731 1277 1774 1311 ab

317 1330 530 1364 Narbonensi
559 1337 592 1364 et
617 1333 651 1364 in
678 1334 763 1365 duas
795 1338 908 1375 partes
933 1334 1042 1365 divisa
1067 1331 1123 1366 91.
1171 1334 1219 1366 Μ.
1246 1333 1400 1375 Agrippa
1428 1338 1462 1365 et
1488 1331 1526 1365 C.
1553 1331 1712 1364 Carrinas
1741 1337 1775 1365 et

316 1385 449 1418 Nonius
473 1385 594 1418 Gallus
616 1385 670 1419 93.
710 1387 861 1429 Augusti
887 1388 1042 1420 instituta
1064 1387 1119 1421 98.
1156 1389 1198 1420 ab
1223 1388 1298 1430 ipso
1323 1393 1498 1420 mutantur
1523 1384 1598 1420 108.
1641 1385 1774 1418 Galliae

320 1441 469 1485 civitates
506 1442 698 1474 foederatae
728 1441 806 1474 328.
855 1442 944 1474 Galli
980 1443 1076 1474 multi
1112 1443 1327 1484 appellantur
1361 1441 1399 1474 C.
1426 1441 1506 1474 Iulii
1532 1439 1611 1474 329.
1661 1439 1774 1474 Gallia

318 1494 370 1526 ius
394 1495 564 1527 honorum
592 1496 712 1538 accipit
738 1495 815 1529 340.

228 1546 443 1583 Germaniae.
477 1548 584 1581 falsae
607 1551 758 1582 viroium
782 1552 957 1583 doctorum
981 1552 1022 1583 de
1045 1552 1315 1592 earum.01·igine
1343 1550 1519 1593 opiniones
1542 1547 1598 1582 96.
1634 1547 1774 1593 quando

318 1603 492 1635 institutae
517 1604 585 1636 sint
617 1603 689 1636 130.
741 1606 788 1637 eis
817 1610 980 1648 praesunt
1004 1605 1168 1639 Visellius
1192 1606 1304 1637 Varro
1333 1610 1366 1637 et
1390 1603 1428 1637 C.
1456 1603 1561 1637 Silius
1591 1603 1772 1654 131.151.

318 1663 436 1690 carent
461 1658 583 1698 legatis
614 1657 688 1690 152.
738 1669 855 1691 earum
885 1659 991 1699 legati
1017 1670 1126 1702 usque
1151 1662 1193 1706 ad
1222 1660 1472 1707 Vespasianum
1501 1658 1544 1690 ab
1569 1650 1656 1691 Gaio
1698 1657 1773 1691 153.

317 1709 478 1742 Germani
502 1713 600 1744 multi
629 1713 844 1755 appellantur
867 1713 944 1744 Iulii
973 1712 1050 1746 330.

227 1763 465 1804 Germanicus,
503 1766 608 1798 Drusi
640 1767 748 1806 filius,
781 1768 927 1810 primum
965 1769 1000 1799 in
1028 1767 1174 1800 Galliam
1206 1768 1350 1799 mittitur
1388 1765 1461 1799 124.
1513 1777 1580 1808 qua
1606 1771 1774 1809 potestate

317 1820 439 1852 deinde
466 1819 595 1854 Gallias
627 1823 755 1854 rexerit
789 1820 865 1854 126.
914 1833 994 1855 suos
1024 1823 1058 1854 in
1089 1823 1130 1853 iis
1158 1823 1290 1863 legatos
1315 1822 1419 1853 habet
1453 1819 1514 1853 128
1537 1831 1586 1862 sq.
1635 1819 1774 1854 Tiberio

317 1874 360 1905 ab
385 1874 547 1916 Augusto
576 1877 760 1919 opponitur
790 1874 863 1908 129.
1644 1902 1647 1905 -

226 1926 266 1960 C.
291 1926 433 1960 Gracchi
460 1929 518 1961 lex
546 1930 587 1962 de
614 1930 797 1972 provinciis
831 1929 880 1962 17.
930 1931 1002 1962 eius
1028 1932 1178 1963 actiones
1205 1931 1246 1963 de
1275 1930 1374 1963 sociis
1403 1931 1446 1962 ad
1474 1929 1644 1962 civitatem
1670 1929 1770 1962 Rom.

318 1984 536 2016 admittendis
564 1982 642 2016 293.

228 2111 424 2144 Hadrianus
451 2112 629 2145 Antonino
653 2113 717 2145 Pio
745 2114 960 2147 tribuniciam.
983 2119 1184 2157 potestatem
1213 2115 1270 2155 dat
1298 2112 1375 2146 265.
1421 2103 1495 2145 eius
1524 2113 1668 2145 maiores
1693 2110 1771 2146 310.

227 2165 373 2198 Helvetii
398 2172 512 2199 utrum
540 2168 575 2198 in
598 2167 822 2208 Lugdunensi
851 2179 894 2200 an
920 2170 955 2200 in
979 2169 1119 2210 Belgica
1144 2167 1258 2200 Gallia
1284 2167 1410 2199 fuerint
1441 2166 1516 2202 101.
1543 2166 1620 2201 107.

227 2219 376 2262 Hispalis
400 2221 534 2253 colonia
559 2219 614 2253 34.
657 2222 791 2254 diversa
817 2223 993 2254 hominum
1018 2233 1142 2264 genera
1166 2221 1315 2254 habebat
1341 2220 1418 2254 286.

227 2274 411 2316 Hispaniae
454 2276 644 2307 rectoribus
686 2276 865 2318 imperium
898 2282 1102 2319 prorogatur
1140 2275 1193 2310 12.
1230 2274 1282 2308 13.
1346 2275 1419 2307 Ser.
1452 2275 1624 2318 Sulpicius
1661 2274 1772 2308 Galba

316 2336 464 2370 praeest3
501 2331 584 2362 item
618 2330 657 2363 L.
681 2330 764 2362 Piso
792 2331 897 2372 Frugi
929 2341 972 2362 ex
1002 2336 1160 2372 praetura
1191 2329 1246 2361 21.
1301 2329 1340 2362 C.
1368 2330 1528 2362 Valerius
1552 2330 1695 2362 Flaccus
1727 2339 1772 2362 ex

319 2385 506 2423 consulatu,
535 2394 710 2416 successor
735 2384 776 2415 T.
803 2385 895 2416 Didii
924 2383 979 2416 27.
1029 2385 1068 2416 L.
1094 2384 1273 2416 Volcatius
1299 2384 1422 2416 Tullus
1450 2385 1486 2416 in
1509 2384 1668 2416 ulteriore
1693 2393 1771 2426 pro—

317 2439 426 2470 vincia
443 2438 498 2472 56.
535 2440 579 2471 D.
603 2438 740 2471 Silanus
766 2439 801 2470 in
823 2439 975 2484 citeriore
997 2437 1052 2470 61.
1091 2438 1131 2477 Q.
1148 2439 1310 2470 Metellus
1328 2438 1447 2480 Nepos
1469 2439 1504 2470 iu
1526 2438 1688 2470 citeriore.
1714 2435 1769 2470 76.

320 2493 480 2525 universa
505 2495 648 2525 traditur
666 2493 727 2526 Cn.
741 2493 904 2535 Pompeio
921 2492 974 2525 77.
1020 2493 1187 2534 Hispania
1211 2493 1345 2524 citerior
1370 2493 1549 2525 coniuncta
1566 2502 1642 2524 cum
1658 2490 1771 2524 Gallia

320 2546 535 2580 Narbonensi
568 2546 623 2580 90.
671 2548 915 2589 Hispaniarum
947 2547 1140 2590 provinciae
1176 2547 1239 2578 sub
1267 2547 1530 2589 imperatoribus
1562 2545 1635 2580 143.
1687 2549 1772 2587 quot

316 2601 469 2642 legiones
501 2602 684 2634 habuerint
720 2599 795 2634 145.
845 2611 865 2632 a
895 2602 1026 2633 Mauris
1058 2606 1200 2633 vexatae
1238 2600 1313 2634 145.
1365 2601 1552 2643 Hispaniae
1582 2601 1636 2631 ius
1669 2599 1770 2641 quale

316 2655 380 2687 sub
410 2655 571 2697 Augusto
602 2655 705 2687 fuerit
738 2655 815 2687 311.
863 2666 884 2687 a
915 2656 1128 2698 Vespasiano
1166 2656 1285 2697 accipit·
1317 2655 1537 2687 Latinitatem
1578 2651 1655 2685 309.
1691 2651 1768 2685 313.

316 2709 424 2741 multa
451 2710 576 2752 oppida
603 2710 736 2742 civitate
763 2711 888 2742 donata
911 2710 954 2742 ab
978 2709 1194 2752 Vespasiano
1222 2708 1299 2742 314.
1346 2709 1530 2750 municipia
1549 2708 1668 2740 Flavia
1691 2705 1768 2739 315.

316 2763 443 2794 liberae
471 2764 622 2796 civitates
652 2769 685 2796 et
709 2763 902 2796 foederat-ae
929 2762 1006 2796 315.
1058 2764 1225 2806 Hispania
1250 2764 1304 2795 ius
1328 2764 1497 2796 honorum
1523 2757 1643 2804 accipit
1667 2759 1745 2793 340.

224 2816 395 2859 Hispania
420 2817 558 2850 Baetica
583 2819 636 2850 ·ab
662 2818 711 2850 M.
741 2817 885 2850 Aurelio
919 2817 999 2860 imp.
1036 2819 1078 2850 ad
1110 2828 1205 2850 suam
1238 2828 1351 2850 curam
1386 2818 1548 2851 translata
1583 2815 1659 2848 143.
1695 2814 1767 2848 145.

316 2872 359 2903 ab
383 2871 447 2904 Pio
470 2872 672 2915 imperatore
703 2871 777 2905 150.
