1846 3100
0 2874 5 2903 „v
0 2755 13 2864 ,graf-1·
0 2742 1 2745 „
0 2381 14 2718 mam—*usfwr-
0 2332 11 2374 «ψ
6 2319 8 2322 ,

584 148 638 181 Dc
667 148 779 182 Gallia
802 148 1034 181 Romanorum
1065 149 1248 191 provincia.
1607 147 1685 192 145

140 255 193 299 ab
213 255 402 298 Traiano
433 255 592 297 scimus
613 255 838 311 Bithyniae
862 270 956 298 esse
982 257 1260 312 praefectum,
1291 259 1367 301 sed
1388 259 1488 302 belli
1509 261 1686 316 gerendi

141 343 284 378 causa,
314 335 363 369 ut
391 327 560 378 Mauri,
602 328 676 383 qui
706 328 749 369 in
776 328 1034 384 Hispaniam
1062 321 1328 381 invaserant,
1364 332 1686 387 repellerentur.

140 399 214 442 Ad
251 415 380 456 quam
418 415 508 442 rem
549 414 634 442 non
674 400 814 456 legato
851 407 1015 442 tantum
1055 398 1164 457 opus
1205 410 1318 454 erat,
1365 403 1440 446 sed
1476 404 1684 460 imprimis

138 472 402 528 legionibus,
442 488 549 528 quas
588 487 685 515 cum
717 473 928 515 senatoria
961 481 1074 516 esset
1103 475 1345 529 provincia,
1384 476 1523 518 nullas
1555 477 1610 519 ad
1639 477 1685 518 id

141 551 310 602 tempus
339 546 382 587 in
410 545 586 588 Baetica
615 544 752 587 fuisse
781 551 959 587 constat.
1017 547 1076 587 At
1108 546 1152 587 in
1180 546 1492 590 Tarraconensi
1523 548 1684 606 Hispa-

124 617 209 659 'nia
235 618 336 660 olim
364 617 446 660 sub
475 617 679 674 Augusto
708 624 750 659 et
774 616 949 659 Tiberio
977 618 1146 660 fuerant
1174 627 1259 662 tres
1286 620 1478 676 legiones
1520 619 1681 678 (Strab.

138 690 205 732 ΙΙΙ
235 705 278 746 p.
310 690 410 740 1063
442 689 546 732 Tac.
575 690 730 732 Annal.
761 689 837 740 IV,
869 690 939 744 5),
973 690 1001 731 i.
1029 705 1064 732 e.
1093 691 1158 733 VI
1188 692 1378 744 Victrix,
1410 693 1458 735 X
1487 693 1685 745 Gemina,

138 762 204 805 IV
233 762 528 813 Macedonica,
560 778 613 805 ex
639 761 798 818 quibus
830 777 927 805 cum
958 771 1109 819 pacata
1139 764 1359 806 videretur
1386 780 1481 808 esse
1511 767 1685 822 provin-

140 834 218 886 cia,
247 842 398 891 quarta
426 842 469 878 et
497 836 664 878 decima
689 835 894 892 paulatim
927 836 1154 878 translatae
1185 844 1307 887 sunt,
1342 837 1416 880 illa
1443 838 1487 880 in
1514 839 1686 882 Britan-

138 907 251 949 niam
289 915 331 950 et
367 906 642 951 Germaniam
680 907 801 963 (Tac.
827 908 943 950 Hist.
971 909 1015 958 I,
1052 909 1101 951 12
1130 916 1171 951 et
1200 910 1292 962 18),
1335 909 1441 952 haec
1474 911 1528 952 ad
1568 912 1685 954 aliud

140 979 314 1031 bellum,
343 981 460 1036 quod
485 981 755 1037 ignoramus:
802 981 910 1023 illud
939 989 1101 1023 certum
1133 989 1218 1031 est,
1250 996 1348 1024 cum
1378 982 1520 1025 Galba
1547 984 1686 1041 impe-

137 1052 247 1094 rium
275 1062 529 1110 capesseret,
561 1069 690 1096 unam
719 1054 854 1096 fuisse
883 1053 925 1095 in
954 1054 1174 1110 provincia
1195 1054 1410 1110 legionem
1435 1055 1499 1097 VI
1526 1056 1685 1098 Victri-

138 1139 229 1167 cem
263 1125 405 1180 (Suet.
438 1125 566 1169 Galb.
598 1142 634 1169 c.
668 1127 738 1176 10;
782 1126 885 1169 Tac.
912 1127 1027 1169 Hist.
1054 1127 1089 1176 I,
1129 1127 1212 1181 16).
1273 1126 1362 1169 Sed
1395 1127 1522 1170 rediit
1558 1129 1687 1184 paulo

137 1205 235 1254 post
263 1213 372 1253 quae
400 1199 581 1250 abierat,
620 1199 785 1242 decima
814 1199 928 1254 legio
958 1198 1080 1255 (Tac.
1111 1199 1226 1241 Hist.
1251 1200 1318 1250 Π,
1350 1200 1421 1250 58)
1454 1200 1686 1256 additaque

139 1276 230 1312 erat
259 1271 280 1312 Ι
310 1269 528 1322 Adiutrix,
561 1287 687 1327 quam
718 1271 770 1314 ab
800 1270 941 1314 Galba
970 1271 1252 1328 conscriptam
1279 1272 1481 1314 Vitellius
1512 1272 1556 1314 in
1580 1273 1685 1315 His-

137 1341 310 1398 paniam
338 1343 495 1385 reverti
525 1343 709 1386 iusserat
740 1344 862 1398 (Tac.
893 1344 920 1384 l.
947 1344 973 1385 l.
1001 1343 1059 1394 ΙΙ,
1091 1344 1191 1399 67):
1227 1360 1357 1400 quare
1387 1360 1485 1387 cum
1514 1345 1686 1402 Vespa—

141 1414 286 1457 sianus
316 1415 371 1457 ad
400 1414 626 1471 imperium
657 1417 913 1472 perveniret,
943 1424 1028 1458 tres
1058 1431 1208 1459 rursus
1235 1418 1426 1473 legiones
1453 1418 1496 1459 in
1526 1417 1684 1461 Tarra-

141 1487 313 1529 conensi
343 1487 564 1543 provincia
590 1488 726 1530 fuisse
755 1489 940 1544 legimus
973 1489 1093 1545 (Tac.
1117 1490 1144 1531 l.
1162 1490 1189 1530 l.
1205 1490 1287 1539 ΙΙΙ,
1311 1489 1397 1543 44).
1445 1488 1535 1532 Sed
1559 1506 1612 1533 ex
1632 1491 1685 1533 iis

141 1566 261 1602 sexta
288 1566 329 1601 et
357 1559 523 1602 decima
544 1575 629 1602 non
645 1561 779 1603 multo
797 1568 895 1617 post
914 1569 1014 1603 sunt
1031 1562 1075 1602 in
1094 1560 1368 1603 Germaniam
1387 1562 1542 1604 missae
1562 1563 1684 1616 (Tac.

139 1631 211 1672 l.l.
231 1631 309 1681 IV,
331 1632 405 1686 68)
435 1647 572 1687 neque
600 1648 789 1688 unquam
819 1634 1052 1685 redierunt,
1082 1634 1183 1675 item
1209 1633 1232 1675 I
1263 1633 1316 1676 ab
1346 1633 1612 1690 Vespasiano
1641 1635 1685 1676 in

141 1701 415 1746 Germaniam
433 1704 605 1746 videtur
619 1720 713 1747 esse
730 1713 905 1748 avocata
921 1706 1188 1760 (interfuisse
1207 1705 1320 1747 enim
1337 1721 1429 1748 eam
1443 1705 1687 1750 suevorum

139 1774 251 1817 bello
279 1775 360 1817 sub
379 1775 523 1818 Nerva
548 1783 728 1819 testatur
754 1777 904 1819 titulus
931 1779 1046 1834 apud
1066 1776 1201 1820 Orell.
1227 1793 1268 1819 n.
1288 1778 1417 1834 5439)
1444 1780 1686 1836 mansitque

138 1847 184 1888 in
213 1845 447 1890 Germania
477 1856 517 1890 et
535 1849 769 1891 Pannonia.
814 1850 923 1891 Eius
951 1850 1046 1892 loco
1075 1865 1129 1892 ne
1161 1858 1276 1892 tanta
1302 1851 1521 1906 provincia
1549 1852 1686 1908 legio-

138 1935 242 1962 num
276 1920 428 1963 robore
469 1928 649 1972 careret,
690 1922 821 1964 missa
853 1929 917 1964 est
947 1921 1035 1964 VII
1067 1921 1275 1973 Gemina,
1318 1938 1447 1979 quam
1480 1939 1610 1965 unam
1639 1924 1685 1966 in

140 1993 625 2050 Hispania-collocatam
656 1994 790 2036 fuisse
822 1994 1014 2037 scribunt
1041 1995 1222 2037 Ptolem.
1250 1996 1317 2046 II,
1349 1995 1397 2045 6,
1436 1995 1489 2038 30
1524 2003 1565 2037 et
1596 1995 1685 2037 Dio

140 2065 236 2115 LV,
265 2066 331 2108 24.
388 2064 508 2119 Quid
542 2065 676 2121 igitur
712 2066 939 2122 ingruente
970 2067 1225 2109 Maurorum
1262 2066 1374 2110 bello
1403 2067 1577 2110 Marcus
1620 2068 1684 2110 fa-

119 2138 284 2180 ceret?
340 2138 391 2179 In
420 2137 572 2179 Africa
611 2138 814 2180 universa
848 2154 978 2181 unam
1013 2146 1177 2181 constat
1206 2140 1341 2183 fuisse
1371 2139 1584 2193 legionem
1614 2140 1682 2182 ΙΙΙ

141 2209 407 2265 Augustam,
438 2224 547 2264 quae
577 2210 612 2252 si
642 2210 939 2260 adhiberetur,
969 2227 994 2253 a
1021 2218 1143 2268 tergo
1169 2212 1311 2268 potius
1339 2212 1383 2254 in
1410 2211 1588 2254 Mauros
1619 2212 1684 2253 in-

142 2281 299 2323 vadere
343 2280 547 2324 debebat:
606 2283 824 2339 proximae
867 2281 1107 2325 Galliarum
1152 2284 1397 2340 provinciae
1439 2283 1684 2337 legionibus

143 2353 352 2396 vacabant
380 2368 460 2396 nec
489 2369 598 2410 quae
629 2353 856 2397 Germanis
885 2355 1101 2411 oppositae
1130 2362 1249 2398 erant
1276 2354 1484 2412 legiones,
1513 2362 1688 2411 propter

141 2424 372 2480 ingentem,
401 2426 475 2480 qui
504 2433 606 2468 tunc
632 2433 734 2476 erat,
765 2426 954 2468 omnium
984 2426 1299 2470 Germanorum
1326 2433 1489 2469 motum
1515 2428 1684 2470 avocari

142 2503 352 2552 poterant,
381 2498 632 2552 praesertim
658 2513 755 2540 cum
782 2499 1024 2554 pestilentia
1050 2515 1126 2556 per
1152 2507 1285 2541 totum
1309 2498 1457 2541 orbem
1477 2506 1686 2543 terrarum

140 2574 378 2623 propagata
417 2569 600 2611 sciamus
638 2578 785 2612 omnes
816 2571 1029 2613 exercitus
1059 2571 1165 2613 adeo
1197 2586 1291 2613 esse
1321 2571 1592 2621 imminutos,
1637 2578 1686 2614 ut

140 2639 371 2695 imperator
408 2641 463 2682 ad
505 2655 651 2683 servos
693 2658 742 2684 ac
770 2642 976 2685 barbaros
1011 2644 1242 2700 confugere
1270 2649 1507 2699 cogeretur.
1567 2641 1683 2685 Olim

140 2726 219 2767 per
244 2717 436 2768 tempora
465 2712 567 2755 belli
587 2713 805 2756 Vitelliani
825 2712 1008 2758 Cluvius
1026 2716 1182 2766 Rufus,
1212 2715 1445 2771 Hispaniae
1477 2714 1684 2758 citerioris

141 2783 332 2840 legatus,
375 2783 496 2836 (Tac.
526 2785 639 2827 Hist.
667 2786 746 2836 IV,
781 2786 853 2841 39)
896 2801 993 2829 cum
1028 2787 1248 2829 latrocinia
1278 2786 1532 2842 Maurorum
1561 2787 1684 2829 time·-

143 2863 306 2906 rentur,
335 2871 464 2899 unam
494 2871 546 2899 ex
576 2857 728 2908 tribus,
756 2873 864 2914 quas
893 2858 1093 2915 regebat,
1123 2859 1365 2915 legionibus
1395 2859 1440 2900 in
1466 2859 1683 2901 Baeticam

1366 2931 1414 2973 10
