1846 3100
189 151 267 194 146
618 158 674 190 De
703 156 815 189 Gallia
839 156 1070 190 Romanorum
1105 158 1287 199 provincia.

185 263 241 306 ad
277 264 421 307 littora
456 265 636 308 tutanda
671 265 843 307 miserat
885 265 1006 320 (Tac.
1035 265 1150 308 Hist.
1179 266 1246 317 11,
1276 268 1349 322 58)
1391 268 1728 325 senatoriamque

186 337 446 392 provinciam
466 337 582 379 haud
603 337 733 379 dubie
755 337 1054 379 coniunxerat:
1086 338 1161 380 sed
1180 339 1227 380 id
1245 347 1287 381 et
1306 341 1347 381 in
1370 341 1489 397 copia
1510 341 1728 397 legionum

185 416 227 450 et
258 409 300 450 in
331 409 446 451 civili
473 410 660 451 tumultu
690 410 868 458 fecerat,
908 425 1006 451 cum
1032 410 1263 466 imperator
1286 419 1359 453 aut
1385 413 1491 455 nihil
1518 413 1729 469 praescri-

186 480 305 523 beret
333 488 407 523 aut
435 482 496 532 ei,
541 482 664 524 cuius
695 481 826 523 fidem
859 482 989 523 semel
1018 483 1254 538 probasset,
1286 485 1482 539 quamvis
1510 485 1728 541 ingentem

186 554 448 610 provinciam
488 554 751 596 committere
791 565 876 595 non
906 561 1158 617 vereretur4
1202 555 1350 608 Quare
1381 557 1435 599 de
1462 557 1524 599 M.
1550 557 1729 599 Aurelio

187 627 248 668 sic
275 626 486 676 existimo,
515 642 627 677 eum,
658 634 707 668 ut
734 626 911 668 Mauros
943 626 1194 682 depelleret,
1225 628 1439 683 legionem
1465 629 1552 672 VII
1580 628 1728 672 Gemi-

184 714 284 741 nam
323 699 367 740 in
397 699 612 742 Baeticam
653 699 923 740 transtulisse
959 705 1085 754 atque
1123 699 1226 742 huic
1255 701 1521 755 provinciae,
1563 702 1727 756 qualem

185 770 238 813 ab
259 779 411 814 senatu
428 779 661 827 acceperat,
685 771 941 827 peculiarem
962 772 1152 828 legatum
1174 773 1439 814 consularem
1461 775 1728 829 praefecisse.

185 843 248 886 Ut
269 851 412 886 autem
428 843 741 886 Tarraconensi
761 844 980 900 provincia
1000 845 1104 900 quid
1123 845 1290 886 interim
1309 846 1469 888 factum
1491 845 1546 887 sit
1569 860 1729 901 cogno—

182 931 371 965 scamus,
402 918 687 967 iuridicorum,
719 917 793 971 qui
818 916 900 958 hoc
921 917 1100 960 maxime
1123 925 1313 973 tempore
1335 925 1728 967 commemorantur,

184 996 336 1030 natura
364 988 662 1044 perspicienda
689 988 781 1030 erit.

295 1060 364 1102 De
392 1060 551 1115 quibus
581 1075 677 1102 cum
706 1061 777 1103 alii
802 1068 944 1110 antea,
977 1067 1066 1102 tum
1098 1077 1236 1118 nuper
1266 1061 1539 1118 disputarunt
1564 1063 1729 1104 Theod.

184 1132 498 1174 Mommsenius
541 1133 684 1189 script.
723 1140 902 1190 gromat.
937 1134 982 1174 II
1022 1149 1063 1189 p.
1100 1134 1196 1183 192,
1243 1135 1359 1176 Bart.
1389 1135 1656 1191 Borghesius
1685 1136 1728 1176 in

186 1204 339 1245 Annal.
370 1205 476 1247 Inst.
502 1205 615 1247 arch.
652 1206 753 1248 1853
784 1221 823 1261 p.
859 1205 956 1254 195,
997 1221 1072 1247 nos
1112 1206 1192 1262 ipsi
1228 1207 1270 1247 in
1305 1207 1728 1250 commentationibus

184 1277 469 1333 epigraphicis
489 1277 534 1319 II
561 1293 602 1333 p.
623 1277 674 1319 40
694 1292 755 1332 sq.
802 1279 868 1319 Ac
887 1277 1151 1332 Borghesius
1179 1279 1353 1334 quidem
1383 1280 1464 1321 hoc
1494 1287 1652 1335 egerat,
1682 1287 1730 1320 ut

183 1365 410 1391 numerum
450 1350 730 1392 iuridicorum
768 1350 915 1392 Italiae
956 1350 1381 1406 provinciarumque,
1426 1367 1534 1407 quae
1575 1351 1728 1406 cuique

183 1421 386 1464 obvenire
414 1429 687 1472 consuesset,
718 1422 825 1464 fines
856 1423 1141 1472 describeret,
1172 1438 1250 1464 nos
1280 1423 1358 1465 hac
1387 1424 1570 1473 ratione,
1602 1439 1728 1478 quam

182 1494 276 1536 aliis
316 1495 580 1549 temporibus
617 1494 742 1536 aliam
777 1495 912 1536 fuisse
942 1502 1211 1549 putaremus,
1254 1495 1450 1551 neglecta
1477 1503 1726 1552 potestatem

183 1581 331 1608 eorum
369 1567 506 1622 qualis
546 1567 681 1609 fuisse
723 1567 964 1617 videretur,
1009 1568 1339 1623 explicavimus:
1385 1583 1470 1623 quo
1499 1569 1543 1610 in
1572 1583 1727 1624 genere

182 1639 287 1681 haec
315 1640 396 1681 tria
424 1639 726 1689 intelleximus,
757 1639 862 1681 nihil
891 1655 1068 1695 prorsus
1097 1655 1170 1682 eos
1196 1640 1392 1682 diversos
1419 1640 1554 1682 fuisse
1582 1655 1607 1682 a
1629 1641 1727 1682 reli-

181 1726 362 1767 quarum
391 1711 708 1767 provinciarum
738 1712 1001 1762 rectoribus,
1044 1712 1181 1768 ipsius
1207 1712 1497 1767 imperatoris,
1538 1728 1620 1754 non
1649 1713 1725 1755 ali-

183 1784 321 1834 cuius,
347 1783 422 1839 qui
448 1784 711 1839 superiorem
737 1791 989 1840 potestatem
1015 1784 1202 1833 haberet,
1231 1784 1361 1840 legati
1387 1784 1521 1827 fuisse
1546 1785 1725 1840 legatos,

183 1855 392 1911 denique,
436 1870 534 1898 cum
573 1857 828 1899 exercitibus
869 1864 1080 1906 carerent,
1127 1857 1359 1912 praetorios
1399 1857 1547 1898 fuisse.
1619 1857 1727 1898 Inde

183 1927 309 1970 etiam
348 1928 533 1970 nominis
573 1929 711 1984 ipsius
747 1929 869 1983 quasi
909 1929 1198 1984 interpretatio
1226 1929 1412 1984 petenda
1440 1929 1531 1971 erit.
1580 1929 1727 1971 Incre-

181 1999 298 2042 bruit
338 2000 449 2042 enim
487 2000 618 2041 altero
659 2016 698 2055 p.
727 1999 829 2042 Chr.
869 2001 1060 2051 saeculo,
1103 2009 1152 2042 ut
1187 2007 1355 2056 praeter
1386 2015 1458 2042 eos
1492 1998 1724 2043 Caesarum

181 2072 368 2127 legatos,
398 2071 473 2126 qui
503 2071 804 2126 imperatorum
837 2072 1069 2127 provinciis
1095 2072 1477 2128 praeficiebantur,
1506 2072 1578 2114 alii
1605 2072 1726 2114 multi

182 2144 236 2186 ad
267 2144 384 2186 varia
413 2144 586 2199 negotia
621 2144 957 2186 administranda
990 2143 1278 2192 mitterentur,
1321 2144 1394 2199 qui
1425 2143 1477 2185 ab
1507 2144 1588 2185 hoc
1618 2145 1725 2200 ipso,

181 2215 298 2271 quod
320 2215 567 2272 impositum
587 2223 688 2265 erat,
706 2216 1041 2272 appellabantur,
1063 2215 1192 2264 velut,
1207 2215 1280 2270 qui
1299 2218 1356 2256 ml
1370 2231 1509 2256 census
1526 2219 1726 2269 accipien-

182 2289 250 2328 dos
280 2288 484 2329 dicuntur
511 2289 602 2330 sive
630 2302 820 2329 censuum
844 2290 1186 2340 accipiendorum,
1219 2293 1258 2328 et
1278 2287 1351 2341 qui
1367 2289 1426 2328 ad
1439 2291 1724 2341 corrigendum

181 2367 333 2400 statum
359 2360 429 2402 vel
452 2362 510 2400 ad
531 2362 711 2400 rationes
731 2361 944 2412 putandas
973 2359 1190 2401 civitatum
1218 2359 1459 2409 mittuntur,
1487 2360 1540 2402 de
1566 2359 1723 2414 quibus

181 2432 390 2487 Borghes.
416 2432 460 2474 in
481 2432 636 2474 Annal.
653 2431 760 2473 Inst.
784 2430 899 2473 arch.
927 2430 1029 2473 18:33
1054 2446 1096 2486 p.
1116 2431 1196 2474 ‘209
1224 2438 1265 2472 et
1282 2431 1453 2474 Renier.
1479 2432 1523 2472 in
1541 2432 1723 2473 Miscell.

181 2504 399 2560 epigraph.
431 2521 472 2560 p.
503 2504 554 2546 47
587 2503 880 2559 disputarunt3
925 2517 1004 2544 nec
1035 2502 1233 2545 diversus
1265 2504 1430 2559 estlille
1461 2503 1512 2544 T.
1544 2501 1724 2545 Caeser—

180 2576 278 2618 nius
312 2574 474 2618 Statius
509 2575 714 2629 Quintius
746 2578 890 2615 missus
919 2576 976 2614 ad
1004 2576 1196 2616 dilectum
1226 2579 1438 2617 iuniorum
1467 2591 1492 2616 a
1521 2577 1612 2616 divo
1637 2578 1723 2616 Ha.-

181 2650 330 2689 drz'ano
353 2651 398 2689 z‘n
420 2651 625 2701 regionem
651 2648 1000 2699 Transpadcenam
1027 2647 1142 2702 apud
1161 2648 1332 2689 Renier.
1351 2648 1478 2690 Misc.
1503 2645 1722 2702 epigraph.

181 2735 220 2773 p.
258 2720 312 2762 75
355 2719 572 2775 (Inscript.
609 2719 758 2775 Alger.
800 2734 841 2760 n.
883 2718 1021 2773 1817).
1090 2719 1262 2772 Quibus
1305 2735 1445 2762 nonne
1488 2718 1722 2761 simillimos

181 2805 275 2832 esse
309 2790 555 2846 putabimus
586 2806 673 2842 eos,
705 2791 777 2846 qui
808 2791 851 2831 in
882 2790 1120 2846 provincias
1151 2792 1410 2834 exercitibus
1438 2806 1596 2834 vacuas
1625 2791 1722 2832 mit-

181 2869 382 2912 terentur,
402 2863 560 2917 quibus
579 2879 676 2905 cum
691 2861 930 2904 iurisdictio
951 2862 1040 2904 sola
1061 2862 1293 2912 obveniret,
1314 2870 1426 2905 recte
1443 2862 1719 2904 iuridicorum
