1846 3100
189 133 269 176 112
637 136 690 168 De
716 135 828 169 Gallia
850 136 1087 168 Romanorum
1108 137 1295 179 provincia.

186 245 395 296 Romano,
424 246 550 301 quale
577 252 680 288 tunc
707 245 883 300 quidem
909 251 1011 294 erat,
1041 244 1231 301 ignotam
1258 246 1449 298 inducat,
1474 255 1523 290 ut
1543 248 1737 305 legiones

188 317 242 360 ab
269 317 504 374 provinciis
538 325 718 374 separet,
750 324 792 360 et
819 323 1191 359 monumentorum
1224 319 1471 362 auctoritate
1505 320 1737 362 refellatur.

187 389 296 432 Nam
315 390 464 432 Marco
490 391 724 447 imperante
753 389 814 431 M.
835 387 1047 431 Claudius
1065 389 1226 432 Fronto
1255 391 1372 447 apud
1389 390 1524 434 Orell.
1555 407 1596 433 n.
1627 392 1736 435 5478
1760 421 1764 425 -

187 462 345 504 dicitur
381 465 456 516 leg.
486 466 618 516 Augg.
647 477 712 516 pr.
735 477 802 515 pr.
831 464 1034 502 exercitus
1061 464 1285 516 legionarii
1316 471 1354 504 et
1381 467 1638 506 auxiliorum
1659 479 1738 517 per

188 536 393 575 Orientem
424 537 468 575 iu
493 537 734 576 Armenium
760 541 799 575 el
830 535 1079 575 Osrhoenam·
1107 541 1152 584 et,
1167 537 1476 577 Anthemus-iam
1506 539 1736 586 ductorum,

186 606 260 662 qui
300 621 399 649 cum
441 615 554 650 certe
595 607 758 650 nullam
789 605 1021 649 obtinuerit
1051 606 1338 662 provinciam,
1378 609 1520 651 nullos
1554 609 1736 665 populos

185 679 365 730 rexerit,
411 687 551 722 tamen
594 695 672 736 pro
714 686 908 736 praetore
946 678 1195 734 appellatur.
1257 679 1427 723 Rursus
1457 687 1622 731 autem,
1663 680 1736 735 qui

184 751 403 807 legionem·
429 752 497 794 III
525 752 774 808 Augustam
803 752 999 808 regebat,
1045 751 1231 793 eundem
1263 766 1360 795 cum
1393 759 1558 796 constet
1583 752 1736 795 Numi-

186 824 281 866 diae
311 824 556 879 provinciae
587 825 824 880 praefuisse
854 823 1187 881 saepissimeque
1227 827 1304 878 leg.
1336 828 1431 879 Aug
1466 840 1536 878 pr.
1562 840 1630 879 pr.
1661 841 1736 882 ap-

186 896 360 952 pellari,
406 904 546 940 tamen
587 897 703 953 apud
738 896 910 939 Renier.
945 896 1080 938 Inscr.
1114 897 1264 952 Alger.
1303 913 1345 939 n.
1379 898 1484 940 1839
1520 898 1569 940 Ρ.
1597 898 1736 940 Iulius

185 969 392 1010 Iunianus
425 969 723 1011 Martialianus
757 976 935 1011 vocatur
964 970 1125 1022 legatus
1155 972 1230 1022 leg.
1266 973 1330 1010 III
1356 973 1461 1023 Aug.
1493 973 1737 1012 Seuerianae

187 1042 527 1082 Alexandrianae
562 1056 747 1094 praeses,
790 1048 839 1083 ut
876 1041 920 1082 in
957 1040 1052 1096 ipso
1093 1056 1143 1083 eo
1180 1041 1327 1091 titulo,
1370 1042 1412 1083 in
1443 1057 1528 1098 quo
1564 1037 1735 1100 praeses

184 1112 479 1167 praedicetur,
520 1113 808 1169 propraetoris
846 1112 1197 1169 significationem
1230 1114 1429 1157 omissam
1462 1130 1556 1158 esse
1588 1115 1735 1157 videa-

184 1200 294 1226 mus.
353 1185 478 1239 Quae
509 1200 607 1227 cum
638 1185 698 1227 ita
726 1185 823 1235 sint,
854 1185 928 1240 qui
957 1186 1087 1242 legati
1117 1187 1310 1242 Augusti
1339 1187 1523 1243 legionis
1552 1187 1735 1228 alicuius

186 1256 402 1308 dicuntur,
435 1258 630 1312 quamvis
661 1273 746 1300 non
775 1272 901 1313 saepe
927 1273 1004 1314 pro
1030 1258 1298 1314 praetoribus
1322 1259 1591 1315 appellentur
1617 1260 1734 1316 (nam

184 1345 280 1372 rara
313 1345 362 1372 ea
401 1330 595 1386 exempla
630 1345 725 1372 esse
762 1330 970 1386 reperio),
1012 1345 1158 1373 omnes
1194 1331 1404 1387 praetorio
1436 1331 1528 1373 iure
1560 1325 1735 1373 fuerunt

185 1417 235 1444 ac
265 1402 393 1444 simul
423 1417 521 1444 cum
551 1402 795 1458 legionibus
825 1402 1069 1458 provincias
1099 1410 1313 1445 rexerunt.
1382 1403 1560 1446 Invenio
1589 1410 1732 1446 autem

184 1474 337 1516 harum
363 1474 584 1530 legionum
612 1474 697 1517 dici
724 1475 890 1530 legatos
910 1474 1116 1531 Augusti,
1145 1490 1252 1530 quos
1276 1476 1336 1518 ita
1356 1476 1501 1527 affero,
1526 1482 1574 1517 ut
1591 1475 1738 1517 minus*

185 1547 309 1589 anxie
339 1546 608 1602 quaesivisse
635 1562 702 1588 me
729 1547 864 1589 fatear
890 1562 1029 1602 neque
1060 1563 1207 1590 omnes
1237 1564 1262 1591 a
1283 1563 1351 1591 me
1381 1555 1455 1591 aut
1482 1547 1630 1590 titulos
1661 1553 1734 1589 aut

182 1619 348 1675 legatos
383 1619 598 1661 recenseri
633 1619 885 1661 existimem.
945 1619 1014 1660 De
1045 1622 1202 1673 legione
1230 1624 1252 1661 I
1276 1623 1508 1671 Adiutrice,
1545 1620 1648 1662 item
1679 1618 1734 1660 de

183 1693 341 1743 legione
373 1694 437 1732 III
461 1694 563 1744 Aug.
594 1690 758 1732 dictum
786 1699 870 1741 est3
904 1693 1064 1744 legatus
1091 1693 1196 1745 Aug.
1226 1695 1302 1746 leg.
1332 1696 1355 1733 I
1379 1695 1549 1734 Italicae
1573 1691 1626 1733 L.
1643 1690 1732 1733 No-

183 1762 280 1804 vius
310 1761 538 1818 Crispinus
566 1763 777 1806 Martialis
810 1762 1069 1806 Saturninus
1112 1771 1177 1806 est
1211 1763 1327 1819 apud
1358 1763 1492 1806 Orell.
1519 1779 1560 1804 n.
1589 1762 1731 1806 742οα

181 1840 223 1875 et
254 1833 308 1876 L.
339 1835 477 1877 Iulius
509 1834 762 1878 Lucilianus
799 1839 874 1890 leg.
908 1838 1089 1888 Augusti
1116 1838 1191 1888 leg.
1222 1839 1244 1876 Ι
1267 1838 1362 1877 Ital.
1395 1836 1440 1877 in
1472 1835 1595 1878 titulo
1635 1835 1727 1877 Da-

185 1906 289 1956 eico,
318 1914 367 1948 ut
394 1907 580 1958 videtur,
611 1908 727 1963 apud
744 1908 858 1950 Mur.
879 1907 974 1957 495,
992 1908 1039 1957 73
1075 1910 1150 1960 leg.
1173 1911 1277 1960 Aug.
1297 1910 1373 1960 leg.
1391 1910 1416 1948 I
1429 1910 1480 1948 M
1503 1907 1732 1962 (inerviae)

182 1981 227 2018 in
264 1982 408 2029 Dacia,
441 1979 518 2021 sed
547 1979 743 2022 lectionis
771 1980 979 2029 incertae,
1016 1978 1071 2032 Q.
1101 1979 1270 2022 Lollius
1301 1979 1494 2022 Urbicus
1527 1978 1608 2021 sub
1638 1978 1732 2020 Ha-

183 2049 333 2091 driano
362 2051 476 2106 apud
507 2050 642 2093 Orell.
672 2052 802 2102 65003
836 2054 914 2105 leg.
934 2054 1039 2105 Aug.
1060 2066 1127 2104 pr.
1153 2067 1219 2104 pr.
1251 2055 1328 2105 leg.
1359 2055 1423 2093 III
1443 2054 1534 2093 Ital.
1559 2050 1732 2107 Appius

184 2119 250 2162 Cl.
283 2121 544 2173 Lateranus,
588 2138 676 2165 cos.
717 2124 816 2165 anni
851 2123 943 2172 197,
987 2123 1216 2179 Augustae
1254 2123 1578 2166 Vindelicorum
1616 2122 1732 2179 apud

183 2190 318 2234 Orell.
354 2194 483 2244 13993
522 2198 598 2248 leg.
638 2199 742 2248 Aug.
782 2198 857 2248 leg.
886 2199 947 2236 III
978 2198 1127 2236 Gallie.
1170 2195 1223 2237 L.
1251 2195 1455 2238 Aurelius
1494 2195 1648 2238 Gallus
1687 2194 1731 2236 in

182 2264 305 2306 titulo
321 2265 513 2308 Romano
542 2266 658 2322 apud
677 2267 803 2309 Grut.
832 2267 951 2317 1091,
978 2268 1026 2317 8;
1059 2270 1219 2320 legatus
1239 2270 1342 2319 Aug.
1363 2269 1440 2319 leg.
1459 2270 1546 2308 IIII
1565 2269 1732 2308 Flaviae

182 2337 224 2378 in
259 2337 382 2378 titulo
420 2337 704 2380 Nemausensi
741 2338 792 2380 T.
827 2339 928 2380 Iulii
967 2338 1147 2380 Maximi
1185 2338 1389 2388 Brocchi,
1433 2338 1487 2380 de
1525 2353 1611 2393 quo
1647 2338 1730 2380 iam

183 2408 346 2450 dictum
375 2416 451 2460 est,
482 2410 598 2466 apud
629 2409 762 2452 Orell.
791 2411 921 2461 649ος
962 2414 1037 2462 leg.
1068 2413 1169 2462 Aug.
1203 2413 1276 2463 leg.
1315 2413 1371 2452 Vl
1407 2413 1531 2451 Vz'clr.
1562 2409 1615 2451 L.
1644 2409 1730 2451 Mi-

182 2480 320 2523 nicius
342 2481 504 2524 Natalis
533 2482 577 2523 in
603 2482 880 2538 inscriptione
899 2481 1126 2524 Tiburtina
1151 2482 1354 2537 temporis
1379 2482 1590 2525 Hadriani
1615 2481 1730 2538 apud

183 2551 317 2594 Orell.
351 2553 480 2604 64983
526 2557 602 2607 leg.
636 2558 741 2607 Aug.
781 2556 857 2607 leg.
900 2556 955 2596 Vl
997 2556 1078 2595 Vz‘c.
1125 2553 1178 2594 L.
1212 2553 1366 2596 Iunius
1401 2554 1648 2596 Victorinus
1685 2553 1729 2595 in

182 2624 305 2666 titulo
332 2625 580 2668 Britannico
606 2626 721 2681 apud
740 2624 875 2668 Orell.
903 2641 944 2667 n.
961 2625 1071 2668 6744
1099 2625 1377 2682 similiterque
1397 2626 1591 2668 Henzen.
1613 2625 1729 2682 apud

183 2696 317 2739 Orell.
337 2697 446 2740 6050
478 2698 713 2754 supplevit3
746 2700 824 2751 leg.
847 2701 954 2750 Aug.
971 2711 1037 2750 pr.
1049 2712 1114 2750 pr.
1125 2701 1314 2750 provinc.
1347 2700 1522 2740 Iudaeae
1542 2705 1582 2739 et
1596 2701 1672 2751 leg.
1691 2701 1734 2739 X

184 2772 293 2812 Fret.
324 2770 559 2825 Pompeius
588 2770 719 2811 Falco
752 2768 832 2811 sub
861 2768 1045 2811 Traiano
1075 2769 1191 2824 apud
1209 2767 1342 2811 Orell.
1361 2770 1492 2819 54513
1524 2773 1600 2822 leg.
1622 2772 1728 2823 Aug.

182 2843 260 2894 leg.
287 2845 328 2882 A*
357 2845 468 2882 Gem.
512 2843 561 2883 P.
589 2842 728 2884 Iulius
758 2840 987 2884 Geminius
1017 2841 1265 2883 Marcianus
1305 2841 1419 2896 apud
1452 2840 1586 2884 Orell.
1617 2842 1722 2884 6911
