1846 3100
196 139 278 183 320
603 143 658 175 De
684 143 818 184 legibus
842 143 1102 185 municipalibus
1126 144 1332 187 Hispanicis.

196 250 450 307 cognomine
500 257 718 293 auctorem
760 250 944 293 civitatis
983 251 1208 307 significet.
1261 252 1331 295 De
1366 253 1473 297 vicis
1510 261 1585 298 aut
1618 256 1744 313 pagis

194 322 238 364 in
276 322 544 379 respublicas
583 330 657 365 aut
692 322 1050 365 Malacitanorum
1090 332 1162 366 aut
1194 322 1556 382 Salpensanorum
1586 329 1744 371 contri-

198 393 315 437 butis
353 394 461 436 nihil
489 394 686 444 traditur,
722 410 862 451 neque
890 395 935 437 id
969 396 1012 437 in
1050 396 1133 438 hoc
1169 404 1210 440 et
1240 398 1495 454 scriptorum
1521 406 1564 442 et
1592 415 1744 443 monu-

194 474 435 509 mentorum
467 467 634 510 silentio
661 468 816 509 mirum
847 475 925 518 est,
957 468 1033 510 scd
1062 469 1240 511 aliorum
1270 471 1600 528 municipiorum
1626 472 1744 514 simi-

192 540 329 582 litudo
361 539 476 590 facit,
504 547 553 581 ut
582 539 717 582 fuisse
740 540 906 596 aliquos
936 540 1201 584 contributos
1233 557 1391 598 eosque
1419 544 1619 588 inferiore
1650 545 1743 587 iure

192 628 296 655 usos
335 628 430 655 esse
470 612 526 654 sit
555 611 789 667 probabile.
1498 670 1502 674 ἱ

306 685 418 727 Tota
445 685 580 741 igitur
608 700 677 727 res
711 685 774 727 sic
801 692 896 727 acta
925 692 1012 736 est3
1044 687 1192 743 paucis
1222 688 1336 730 enim
1357 689 1581 744 complecti
1608 689 1742 740 iuvat,

191 773 301 815 quae
333 774 463 814 supra
492 758 695 800 diffusius
725 757 942 813 disputata
973 766 1086 800 sunt.
1147 756 1260 802 Cum
1295 760 1542 804 Malacitani
1574 769 1615 803 et
1645 760 1742 804 Sal-

191 830 369 888 pensani
401 830 665 872 foederatam
699 830 912 872 civitatem
945 830 1150 873 haberent
1180 833 1517 889 coniunctosque
1546 849 1645 877 cum
1673 850 1741 878 re-

191 902 365 959 publica
407 918 486 945 sua
524 903 705 959 populos
741 899 984 954 nonnullos,
1025 918 1076 945 ex
1115 905 1273 961 quibus
1313 905 1498 962 vectigal
1526 915 1740 963 caperent,

191 976 297 1019 haec
328 977 470 1018 fuerat
495 990 644 1018 eorum
676 975 776 1017 olim
809 975 930 1026 ratio,
963 982 1012 1017 ut
1040 976 1235 1031 antiquas
1259 992 1359 1020 suas
1385 977 1504 1034 leges
1523 978 1740 1030 haberent,

193 1064 246 1091 ex
279 1048 453 1105 quibus,
481 1048 553 1104 qui
585 1047 816 1091 contributi
853 1056 984 1099 erant,
1015 1049 1059 1091 in
1089 1050 1250 1101 nullam
1278 1049 1540 1106 reipublicae
1577 1059 1740 1108 partem

192 1121 399 1171 venirent,
430 1121 595 1177 solique
621 1121 694 1176 qui
724 1121 840 1163 cives
870 1121 940 1163 vel
958 1121 1204 1165 Malacit-ani
1240 1123 1308 1165 vel
1327 1121 1580 1179 Salpensani
1606 1131 1738 1174 erant,

162 1218 171 1221 -
192 1201 233 1235 et
250 1194 422 1236 comitia
442 1193 647 1236 haberent
666 1201 707 1235 et
724 1193 1001 1249 magistratus
1018 1202 1228 1250 gererent.
1246 1195 1493 1250 Iisdemque
1506 1196 1551 1238 in
1567 1195 1738 1252 legibus

192 1267 398 1323 scriptum
421 1273 510 1309 erat
537 1266 642 1322 quid
667 1266 871 1309 Romanis
901 1281 953 1308 ex
974 1267 1144 1310 foedere
1166 1274 1444 1323 praestarent,
1471 1283 1616 1319 naves,
1645 1268 1738 1325 opi·

189 1353 278 1389 nor,
299 1339 368 1382 vel
392 1339 632 1396 pecuniam.
660 1339 775 1381 Tum
793 1338 950 1382 accidit
970 1338 1080 1381 bello
1099 1341 1227 1391 civili,
1251 1348 1300 1383 ut
1323 1341 1553 1397 imperator
1570 1341 1738 1398 Vespa—

190 1411 336 1454 sianus
353 1411 627 1454 Latinitatem
647 1412 935 1468 stipendiariis
951 1412 1158 1469 Hispanis
1175 1413 1357 1456 offerret.
1378 1413 1487 1456 Eam
1503 1413 1585 1470 ipsi
1599 1413 1738 1457 Mala-

189 1484 316 1526 citani
354 1491 396 1526 et
429 1483 682 1542 Salpensani
715 1493 1068 1543 contempserunt
1105 1486 1321 1536 nimirum,
1354 1486 1502 1542 populi
1537 1486 1589 1529 iis
1617 1486 1737 1529 attri-

187 1555 280 1598 buti
311 1563 456 1598 utrum
487 1558 729 1614 acceperint
760 1573 894 1601 necne
927 1573 1078 1615 parum
1112 1559 1308 1608 interest3
1341 1573 1438 1600 nam
1470 1559 1635 1602 etiamsi
1666 1573 1737 1602 ac-

188 1637 413 1686 ceperunt,
457 1638 618 1679 tamen,
672 1630 772 1686 quia
818 1631 979 1673 nullam
1018 1630 1302 1673 Malacitanae
1355 1637 1396 1673 et
1446 1629 1736 1687 Salpensanae

186 1701 450 1758 reipublicae
477 1709 638 1758 partem
661 1702 890 1754 habebant,
909 1717 1047 1759 neque
1072 1703 1126 1745 ad
1148 1703 1332 1745 honores
1352 1703 1575 1760 pervenire
1598 1717 1736 1759 neque

187 1774 401 1817 civitatem
446 1774 682 1817 Romanam
726 1776 930 1831 consequi
975 1783 1183 1832 poterant.
1253 1774 1354 1829 Quo
1400 1783 1588 1831 tempore
1625 1789 1734 1831 quae

186 1861 329 1888 rerum
362 1847 634 1903 publicarum
663 1847 836 1890 illarum
867 1848 1062 1891 condicio
1090 1848 1230 1898 fuerit,
1259 1854 1447 1904 apparet.
1486 1847 1595 1890 Nam
1623 1862 1734 1904 quae

184 1918 228 1960 in
266 1918 319 1961 iis
362 1919 535 1962 diversa
572 1919 793 1962 hominum
834 1935 993 1977 genera
1028 1921 1210 1970 fuerant,
1249 1920 1478 1962 manebant
1511 1921 1606 1963 iure
1643 1919 1734 1963 dis-

184 1991 341 2034 iuncta.
382 1991 561 2034 Veteres
592 1993 708 2035 cives
749 2007 918 2035 omnem
956 1985 1139 2035 civitatis
1178 1998 1430 2048 potestatem
1459 1991 1734 2048 pertinaciter

184 2063 443 2114 retinebant,
487 2064 654 2120 reliqui,
694 2055 892 2120 quoniam
935 2065 1165 2107 Latinitate
1205 2071 1380 2120 accepta
1426 2064 1481 2106 ad
1519 2063 1732 2106 civitatem

185 2135 422 2178 Romanam
459 2151 594 2193 prope
635 2137 796 2180 admoti
838 2144 981 2186 erant,
1020 2128 1220 2192 privatim
1258 2137 1391 2178 multa
1429 2151 1475 2179 se
1512 2135 1734 2178 commoda

184 2207 341 2250 habere
369 2209 665 2264 intelligebant
695 2225 831 2266 eoque
860 2209 997 2265 magis
1023 2209 1138 2250 omni
1157 2207 1416 2264 reipublicae
1436 2208 1732 2251 communione

185 2295 230 2322 se
257 2281 476 2337 prohiberi
512 2280 861 2337 indignabantur.
907 2281 1052 2337 Atque
1082 2289 1170 2323 erat
1197 2281 1311 2337 quod
1340 2281 1626 2323 irascerentur
1650 2279 1731 2322 im-

182 2359 505 2408 peratoremque
552 2352 753 2410 precibus
792 2353 971 2395 adirent.
1034 2352 1179 2406 Quare
1215 2353 1344 2410 paulo
1385 2360 1480 2409 post
1518 2351 1730 2395 Domitia-

182 2439 280 2474 nus,
311 2433 360 2467 ut
386 2426 730 2480 inaequalitatem
762 2440 871 2480 quae
903 2425 1098 2467 extiterat
1123 2425 1302 2475 tolleret,
1330 2425 1545 2467 civitatem
1570 2424 1730 2468 Roma-

182 2512 277 2539 nam
309 2498 465 2540 obtulit
493 2498 545 2539 iis
574 2498 647 2552 qui
677 2497 882 2540 foederati
901 2498 1070 2539 fuerant
1080 2513 1091 2547 ;
1122 2512 1219 2539 nam
1238 2511 1310 2539 eos
1328 2497 1401 2552 qui
1417 2497 1545 2539 modo
1563 2496 1730 2539 Latini-

183 2575 312 2611 tatem
339 2576 603 2625 acceperant,
631 2570 774 2612 denuo
800 2570 988 2626 praemio
1017 2569 1130 2612 affici
1161 2569 1311 2611 inutile
1335 2576 1436 2611 erat.
1476 2569 1543 2612 Ita
1571 2569 1729 2625 oppida

182 2648 223 2684 et
261 2641 363 2697 quia
398 2641 515 2697 quod
545 2641 825 2697 praecipuum
856 2642 900 2683 in
929 2642 980 2683 iis
1013 2648 1103 2683 erat
1133 2641 1351 2683 hominum
1387 2655 1525 2697 genus
1557 2640 1727 2683 civitate

180 2713 373 2756 Romana
401 2713 614 2763 utebatur,
642 2714 873 2770 municipia
900 2728 1017 2756 more
1045 2713 1239 2755 Romana
1274 2714 1386 2756 facta
1415 2719 1513 2755 sunt
1544 2719 1586 2754 et
1617 2712 1726 2754 duo-

180 2785 263 2828 bus
291 2792 433 2828 tamen
473 2785 693 2827 hominum
723 2785 955 2842 generibus
989 2785 1254 2835 constabant,
1290 2800 1472 2841 quorum
1502 2799 1636 2827 unum
1673 2798 1727 2826 ex
