1846 3100
182 148 259 192 178
521 153 576 185 De
601 151 715 184 Gallia
741 152 974 184 Romanorum
1003 152 1179 194 provincia
1202 153 1385 195 appendix.

179 261 415 318 sumpsisse
434 259 657 304 dictitarit!
689 258 752 302 At
769 266 1000 302 retractum
1016 261 1058 301 in
1075 259 1229 302 urbem
1257 275 1353 303 esse
1371 259 1601 306 Caesarem
1621 280 1658 307 a.
1686 265 1728 306 d.

179 333 268 376 VII
299 333 366 375 Id.
396 333 501 384 Ian„
528 333 691 375 litteras
720 332 874 374 missas
891 330 984 374 Cal.
1004 331 1108 382 Ian„
1139 346 1189 374 ac
1216 331 1418 375 debuisse
1449 350 1521 378 eas
1550 336 1728 380 iniurias

176 405 348 449 inverso
387 407 538 455 ordine
587 405 921 448 commemorari.
981 404 1119 458 Quasi
1161 419 1264 446 vero
1296 412 1370 447 aut
1397 408 1596 463 temporis
1624 409 1729 451 ordo

175 477 249 519 illo
287 479 382 521 loco
423 477 751 535 diligentissime
793 477 1031 520 servandus
1068 477 1198 518 fuerit
1237 484 1310 519 aut
1345 478 1595 535 Pompeiani
1632 487 1728 522 ante

178 547 274 592 Cal.
298 550 391 593 Ian.
418 565 503 593 non
530 551 669 593 conati
700 551 784 593 sint
811 549 1041 593 Caesarem
1070 548 1304 591 retrahere!
1355 550 1473 592 Nihil
1501 548 1730 608 igiturest

175 623 220 664 in
248 622 315 664 his
351 623 627 673 difficultatis,
659 630 702 665 at
730 623 916 665 maxima
945 622 1088 664 hercle
1115 621 1159 663 in
1185 621 1420 664 Hofmanni
1448 623 1628 675 ratione,
1655 625 1728 681 qui

179 703 416 739 semenstre
446 695 670 752 imperium
699 702 892 751 ereptum
922 710 1048 750 quam
1083 694 1164 737 sibi
1196 695 1250 736 sit
1279 694 1525 746 molestum,
1555 711 1609 739 nc
1635 697 1728 754 ipse

175 767 348 823 quidem
383 769 485 811 satis
518 768 771 810 dissimulat.
827 766 1135 822 Simillimeque
1164 767 1217 808 de
1247 766 1378 808 altero
1408 767 1502 810 loco
1528 766 1726 812 Caesaris

178 839 277 882 bell.
304 841 385 883 civ.
411 841 445 891 Ι,
477 840 530 883 32
547 840 804 891 iudicamus,
835 839 958 896 quisi
978 840 1193 882 veteribus
1212 840 1460 883 auctoribus
1485 841 1635 883 credas
1651 855 1728 883 nec

175 913 228 955 ab
269 913 451 969 epistola
486 913 689 955 historiae
728 913 967 955 secundum
1002 913 1205 968 temporis
1240 913 1433 955 ordinem
1470 913 1727 969 compositae

175 985 244 1027 vel
270 986 479 1027 fastorum
503 985 770 1040 diligentiam
798 985 1006 1041 requiras,
1036 985 1286 1027 facillimum
1306 985 1435 1027 habet
1450 985 1726 1028 intellectum.

288 1057 598 1100 Destruximus
626 1058 730 1107 fere,
764 1057 847 1099 nisi
865 1057 969 1112 quid
992 1073 1070 1100 nos
1090 1058 1216 1114 fugit,
1239 1058 1369 1099 totius
1385 1057 1727 1100 Hofmannianae

175 1129 478 1186 disputationis
519 1129 797 1172 fundamenta
833 1129 965 1186 idque
998 1131 1058 1172 ita
1086 1129 1210 1172 nobis
1240 1130 1487 1172 faciendum
1521 1144 1616 1172 esse
1645 1143 1727 1185 pu-

173 1202 374 1252 tavimus,
392 1211 441 1243 ut
461 1202 706 1258 singillatim
725 1217 835 1257 quae
849 1203 1102 1245 afferrentur
1120 1210 1372 1259 argumenta
1389 1203 1725 1244 examinaremus

174 1274 587 1330 perpetuitatemque
614 1275 749 1331 ipsam
777 1275 985 1317 rationum
1009 1274 1335 1331 diligentissime
1357 1289 1725 1330 persequeremur.

176 1346 407 1402 Reliquum
438 1347 790 1388 commentarium
821 1347 962 1389 minus
998 1362 1146 1389 curare
1184 1345 1352 1396 licebit3
1391 1346 1586 1402 quamvis
1614 1347 1725 1388 enim

173 1426 214 1460 et
245 1419 440 1461 doctrina
477 1427 518 1460 et
550 1418 782 1461 subtilitate
812 1419 1022 1469 abundet,
1060 1419 1159 1474 quia
1195 1425 1336 1461 tamen
1365 1418 1407 1460 in
1433 1418 1486 1461 iis
1517 1433 1626 1474 quae
1657 1434 1725 1460 re-

172 1491 430 1541 futavimus,
467 1491 641 1541 nititur,
680 1492 723 1533 in
757 1492 902 1533 multis
932 1499 975 1533 et
1005 1491 1171 1547 magnis
1209 1489 1339 1532 rebus
1372 1505 1550 1533 necesse
1579 1498 1644 1532 est
1671 1489 1724 1532 ab

171 1563 348 1605 veritate
378 1563 614 1606 abhorreat.
674 1564 819 1606 Veluti
850 1579 960 1619 quae
997 1579 1039 1620 p.
1070 1564 1121 1607 67
1155 1563 1209 1604 de
1240 1561 1321 1605 Cn.
1349 1563 1542 1619 Pompeii
1571 1563 1724 1605 litteris

172 1636 227 1678 ad
269 1643 463 1678 senatum
494 1636 638 1678 missis
668 1643 965 1693 exponuntur,
1012 1644 1125 1677 certe
1155 1650 1306 1691 parum
1339 1634 1575 1691 probabilia
1603 1635 1724 1678 vide-

173 1708 336 1750 buntur
363 1723 471 1758 esse,
505 1708 665 1764 quippe
692 1723 800 1763 quae
828 1709 881 1750 ab
911 1723 960 1751 ea
996 1707 1194 1764 opinione
1223 1707 1565 1764 proficiscantur,
1594 1707 1724 1749 Pom-

171 1780 315 1835 peium
356 1780 455 1822 anni
496 1782 549 1823 50
593 1781 763 1823 comitia
802 1781 846 1822 in
873 1781 980 1823 Idus
1021 1778 1288 1822 Novembres
1323 1780 1494 1822 differre
1520 1779 1723 1830 voluisse,

171 1859 218 1895 ut
248 1852 301 1894 iis
331 1850 491 1895 Caesar
520 1852 715 1908 deposito
746 1852 924 1908 imperio
955 1867 1158 1908 praesens
1196 1859 1379 1908 peteret3
1421 1859 1549 1908 caput
1581 1859 1722 1894 autem

169 1940 329 1968 nonum
358 1925 412 1968 de
440 1925 623 1968 comitiis
657 1925 758 1967 anni
787 1925 840 1967 50
867 1940 893 1966 a
920 1939 962 1980 p.
994 1924 1045 1967 87
1076 1924 1199 1966 cadet
1229 1932 1383 1973 totum,
1418 1938 1504 1978 quo
1537 1924 1723 1966 rationes

171 2006 456 2054 exponuntur,
489 2013 567 2039 cur
598 1996 758 2040 Caesar
797 1997 850 2039 de
877 1997 1101 2039 consulatu
1138 1997 1237 2037 anni
1268 1996 1320 2038 49
1353 1996 1546 2038 deiectus
1582 2003 1720 2038 tamen

170 2070 224 2111 ad
257 2085 375 2112 arma
403 2070 464 2111 ire
490 2069 684 2111 noluerit.
734 2068 1008 2124 Quamquam
1032 2069 1157 2110 etiam
1185 2068 1302 2110 aliud
1330 2068 1650 2110 incommodum
1676 2068 1719 2110 in

172 2157 337 2184 summa
366 2141 598 2184 subtilitate
627 2141 708 2183 viri
730 2141 967 2183 doctissimi
990 2148 1136 2183 natum
1159 2148 1223 2182 est
1250 2155 1303 2182 ex
1332 2155 1492 2189 eorum,
1515 2155 1540 2182 a
1560 2139 1719 2196 quibus

170 2213 474 2269 proficiscitur,
514 2213 700 2257 vanitate
742 2221 866 2269 atque
901 2213 1156 2255 infirmitate.
1213 2212 1459 2254 Deducitur
1496 2211 1607 2254 enim
1645 2227 1721 2255 ne-

170 2287 355 2329 cessario
388 2301 515 2343 saepe
545 2302 609 2337 eo,
635 2294 684 2328 ut
707 2286 879 2329 haereat
906 2285 949 2326 in
971 2292 1162 2327 veterum
1183 2285 1435 2341 scriptorum
1454 2284 1720 2334 testimoniis,

169 2374 277 2414 quae
317 2374 415 2401 cum
455 2359 585 2401 semel
623 2358 666 2399 in
701 2358 807 2414 ipsis
847 2357 1146 2414 disputationis
1191 2357 1482 2399 fundamentis
1511 2357 1719 2399 iaciendis

170 2438 438 2474 contemnere
470 2431 702 2486 coepisset,
741 2430 931 2471 animum
959 2430 1100 2485 ipsum
1131 2429 1277 2471 nescio
1302 2444 1388 2484 quo
1418 2437 1542 2485 pacto
1570 2444 1719 2471 assue-

169 2503 285 2554 fecit,
314 2512 375 2553 ut,
413 2504 448 2546 si
478 2503 583 2559 quid
615 2502 871 2558 displiceret,
902 2502 948 2543 id
966 2516 1166 2558 spernere
1184 2516 1312 2558 quam
1330 2517 1451 2544 suam
1468 2502 1718 2544 sententiam

167 2582 332 2617 mutare
367 2575 522 2618 mallet.
578 2575 728 2630 Itaque
767 2582 937 2630 praeter
975 2573 1228 2617 Ciceronem
1267 2590 1391 2618 nemo
1423 2581 1488 2617 est
1525 2581 1718 2616 veterum

172 2647 442 2703 scriptorum,
473 2647 547 2704 qui
572 2662 658 2689 non
687 2647 868 2689 alicuius
904 2646 1058 2688 erroris
1091 2655 1308 2703 arguatur.
1351 2647 1420 2691 Ac
1439 2647 1526 2689 Dio
1543 2645 1716 2702 quidem

167 2724 282 2760 totus
322 2719 559 2775 despicitur
585 2733 665 2761 nec
702 2718 923 2761 subtiliore
951 2719 1297 2775 interpretatione
1333 2720 1492 2776 dignus
1520 2717 1714 2767 habetur,

169 2789 288 2831 velut
314 2806 357 2846 p.
391 2791 445 2833 52
477 2792 531 2834 de
562 2791 812 2834 difficillima
832 2790 1111 2832 intercalandi
1138 2792 1399 2847 quaestione,
1427 2805 1555 2847 quem
1587 2790 1622 2831 si
1650 2789 1716 2830 di-

166 2859 370 2916 ligentius
408 2862 707 2918 interpretere,
745 2862 894 2905 videas
926 2877 1009 2904 non
1043 2863 1205 2913 dicere,
1250 2864 1429 2920 primam
1459 2863 1714 2904 mentionem
