1846 3100
583 154 638 185 De
664 152 912 195 propagatione
940 151 1087 185 civitatis
1114 151 1302 183 Romanae.
1635 147 1716 190 375

168 263 414 308 civitatibus
445 270 602 313 essent,
635 261 671 304 si
703 275 878 304 censum
907 259 1167 302 senatorium
1193 259 1425 316 explerent,
1455 259 1616 302 Romae
1638 258 1716 301 ho-

167 351 293 379 nores
323 343 467 393 petere
496 335 639 391 itaque
669 334 713 375 in
745 339 939 375 senatum
966 331 1094 387 allegi
1125 330 1416 388 permittebat:
1451 330 1718 373 intercedere

145 417 308 451 'tamen
334 407 555 464 oportebat
583 405 873 462 imperatorie,
914 404 987 459 qui
1019 403 1214 446 censoria
1242 411 1452 460 potestate
1481 410 1616 454 esset,
1649 402 1717 445 iu-

168 481 343 523 dicium.
410 480 563 536 Longe
592 478 726 534 igitur
753 477 845 519 eius
875 484 1028 519 natura
1061 475 1113 518 ab
1143 476 1196 518 iis
1223 476 1414 532 legibus,
1455 491 1565 532 quae
1595 483 1643 518 ut
1672 476 1717 518 in

170 553 389 595 hominum
417 551 609 594 notitiam
638 549 925 606 pervenirent,
954 564 1032 604 per
1061 549 1406 604 frequentissima
1433 548 1591 605 oppida
1618 563 1717 605 pro—

172 626 394 682 ponendae
421 631 554 674 erant,
584 623 756 666 videtur
782 623 953 664 diversa
975 621 1134 663 fuisse:
1164 620 1361 663 beneficii
1383 621 1567 663 testandi
1589 636 1719 664 causa

167 697 340 755 publice
378 705 443 739 est
480 695 699 753 proposita
737 694 1001 750 eandemque
1041 694 1096 735 ob
1128 708 1301 736 eausam
1331 692 1610 735 Sconsultum
1640 693 1718 736 ad-

166 770 339 813 iectum.
405 768 677 824 Quamquam
718 781 889 816 vereor,
933 782 986 808 ne
1015 764 1302 822 Spanhemius
1341 765 1467 807 nimis
1502 765 1626 808 facile
1663 766 1717 808 de

172 841 482 886 consuetudine
507 840 654 894 legum
678 840 721 881 in
744 838 1053 895 metropolibus
1074 838 1446 894 proponendarum
1466 837 1716 880 crediderit:

168 930 277 971 quae
310 915 346 957 si
375 913 530 956 fuisset
558 912 811 962 communis,
848 926 973 968 saepe
1002 911 1118 968 apud
1146 911 1278 960 Ictos,
1313 926 1438 966 saepe
1472 910 1516 952 in
1545 909 1717 966 legibus

169 992 612 1031 commemorarentur.
662 984 790 1027 Nunc
814 983 880 1025 bis
909 983 1036 1026 video
1061 982 1317 1039 metropoles
1343 983 1387 1024 in
1408 981 1580 1038 legibus
1602 997 1718 1024 com-

169 1059 404 1109 memorari,
437 1058 568 1100 semel
587 1057 754 1100 Graece
784 1055 827 1097 in
846 1056 951 1112 Dig.
969 1054 1170 1105 XXVII,
1196 1057 1213 1097 1
1248 1054 1322 1108 (de
1353 1055 1578 1108 excusat),
1609 1053 1649 1103 2,
1682 1055 1718 1103 1,

169 1132 326 1174 deinde
358 1130 412 1173 de
444 1130 593 1173 eadem
621 1145 668 1171 re
697 1129 742 1171 in
771 1127 937 1170 Theod.
966 1126 1076 1170 Cod.
1101 1127 1234 1177 XIII,
1266 1127 1289 1170 3
1322 1126 1396 1183 (de
1421 1126 1621 1182 medicis)
1654 1127 1717 1176 11,

168 1212 352 1260 utroque
378 1203 474 1246 loco
500 1202 580 1252 ita,
611 1209 660 1244 ut
690 1201 946 1257 metropoles
974 1199 1269 1256 intelligantur
1295 1198 1425 1241 urbes
1457 1198 1716 1254 frequentis-

171 1276 316 1319 simae.

278 1347 492 1390 Nimirum
520 1346 703 1390 Romani
739 1352 963 1402 postquam
1004 1344 1200 1388 libertate
1236 1344 1423 1386 extincta
1459 1343 1718 1399 provincias,

167 1436 274 1477 quas
304 1420 433 1463 armis
465 1426 676 1476 ceperant,
706 1434 809 1475 pace
837 1433 1031 1461 coercere
1059 1423 1313 1467 statuerunt,
1342 1416 1435 1458 iure
1465 1430 1515 1458 ac
1543 1416 1717 1472 legibus

167 1494 310 1536 minus
341 1508 412 1536 eas
445 1492 650 1535 contineri
677 1490 977 1534 existimabant
1005 1505 1055 1533 ac
1078 1504 1132 1532 ne
1158 1490 1202 1531 in
1233 1489 1403 1531 civitate
1432 1489 1607 1545 quidem
1630 1489 1717 1530 Ro-

167 1582 313 1616 mana,
355 1580 484 1621 quam
518 1564 750 1606 liberaliter
786 1563 978 1606 dividere
1010 1570 1264 1620 coeperunt,
1306 1568 1466 1604 tantam
1503 1561 1589 1603 vim
1621 1575 1717 1603 esse

168 1637 389 1694 putabant,
418 1645 466 1679 ut
483 1638 613 1679 fidem
633 1652 781 1679 earum
802 1643 914 1679 certo
935 1635 1266 1692 constringeret:
1299 1633 1575 1677 assumebant
1600 1647 1720 1676 saera

169 1725 219 1752 ac
261 1710 538 1766 religionem,
583 1718 631 1750 ut
668 1709 836 1766 imperii
877 1707 1160 1751 reverentiam
1202 1723 1302 1750 cum
1342 1707 1522 1749 deorum
1561 1705 1718 1762 pietate

173 1782 482 1838 coniungerent
517 1782 846 1836 firmissimoque
877 1782 1050 1823 vinculo
1079 1781 1242 1822 animos
1274 1779 1495 1821 hominum
1525 1777 1718 1820 devinci-

170 1860 276 1896 rent.
333 1853 434 1907 Qua
461 1853 506 1895 in
532 1869 578 1895 re
608 1853 925 1896 adiuvabantur
955 1869 1053 1896 cum
1084 1860 1226 1895 vetere
1257 1866 1335 1894 suo
1364 1865 1504 1900 more,
1538 1849 1612 1904 qui
1640 1865 1719 1892 an-

169 1926 350 1981 tiquitus
394 1926 510 1968 viros
552 1926 660 1968 bene
705 1925 759 1968 de
802 1925 1022 1982 republica
1062 1924 1237 1967 meritos
1285 1922 1442 1965 divinis
1481 1921 1718 1971 honoribus

171 2005 454 2048 consecrarat,
485 2013 572 2054 quo
602 2006 706 2040 tunc
730 1999 800 2041 usi
825 1998 1103 2054 imperatores
1129 1997 1264 2039 bonos
1293 1996 1338 2037 in
1363 1995 1542 2037 deorum
1567 2009 1719 2036 nume-

168 2085 264 2112 rum
292 2071 529 2113 retulerunt
567 2086 617 2114 ac
652 2080 867 2127 tamquam
893 2069 1061 2126 imperii
1093 2068 1160 2111 sui
1187 2067 1354 2124 effigies
1386 2066 1719 2116 venerabantur,

169 2149 260 2184 tum
298 2142 588 2185 Asiaticorum
631 2144 886 2200 populorum
928 2141 1194 2190 adulatione,
1240 2139 1313 2194 qui
1354 2139 1553 2194 quoniam
1593 2152 1719 2194 reges

172 2229 272 2257 suos
303 2215 403 2257 olim
433 2215 591 2258 divinis
615 2215 849 2258 honoribus
881 2214 1050 2257 afficere
1076 2218 1347 2261 consuerant,
1373 2218 1602 2267 postquam
1631 2209 1719 2252 Ro-

168 2287 305 2330 manis
330 2301 480 2343 parere
509 2295 755 2343 coeperunt,
786 2302 912 2343 saepe
941 2284 1271 2343 proconsulibus
1301 2283 1457 2339 templa
1482 2290 1720 2339 posuerunt

171 2359 396 2414 statimque
426 2356 660 2402 Caesarum
689 2360 852 2403 cultum
894 2357 1077 2414 amplexi
1114 2363 1226 2399 sunt.
1298 2355 1415 2398 Hinc
1459 2355 1570 2398 enim
1610 2355 1720 2397 hanc

169 2446 259 2473 rem
287 2446 482 2473 manasse
507 2432 797 2487 paulatimque
829 2446 904 2486 per
934 2437 1070 2472 totum
1097 2428 1246 2470 orbem
1275 2435 1484 2470 terrarum
1509 2442 1719 2483 propaga-

170 2511 256 2545 tam
298 2517 392 2545 esse
432 2517 516 2544 non
556 2503 683 2545 modo
711 2504 887 2546 historia
915 2503 1060 2550 docet,
1103 2515 1252 2542 verum
1283 2499 1410 2541 etiam
1439 2499 1526 2541 Dio
1555 2498 1632 2549 LI,
1665 2498 1719 2542 20

170 2582 372 2625 testatur,
411 2575 485 2631 qui
510 2575 586 2617 ubi
619 2575 672 2617 de
700 2575 870 2632 templis
894 2574 996 2616 divo
1018 2572 1130 2614 Iulio
1154 2571 1443 2627 Augustoque
1471 2585 1549 2628 per
1566 2570 1719 2613 Asiam

171 2648 413 2691 constitutis
453 2647 585 2697 dixit,
628 2648 697 2689 καὶ
734 2647 840 2690 τοῦτ’
880 2647 1059 2695 ἐκεῖθεν,
1101 2643 1258 2700 inquit,
1303 2644 1525 2700 ἀρξάμενον
1557 2644 1624 2685 καὶ
1653 2643 1715 2684 ἐπ’

171 2721 307 2763 ἄλλων
339 2718 648 2774 αὐτοκρατόρων
679 2719 727 2761 οὐ
762 2719 884 2775 μόνον
919 2719 959 2759 ἐν
991 2720 1074 2762 τοῖς
1098 2715 1355 2771 Ἑλληνικοῖς
1392 2715 1570 2766 ἔθνεσιν,
1613 2715 1719 2757 ἀλλὰ

170 2794 238 2834 καὶ
276 2793 317 2833 ἐν
357 2795 439 2837 τοῖς
482 2791 641 2841 ἄλλοις,
684 2791 762 2832 ὅσα
798 2794 876 2832 τῶν
902 2789 1125 2845 Ῥωμαίων
1164 2788 1326 2839 ἀκούει,
1373 2787 1545 2842 ἐγένετο.
1610 2785 1720 2830 Asia

171 2864 305 2922 igitur
345 2863 479 2920 patria
515 2862 639 2919 quasi
677 2862 759 2904 fuit
795 2862 1014 2919 religionis
1050 2861 1190 2911 illius,
1233 2875 1317 2917 qua
1350 2859 1553 2918 paulatim
1581 2865 1717 2902 totum
