1846 3100
192 150 275 194 286
601 153 653 184 De
677 153 810 194 legibus
837 154 1096 196 municipalibus
1122 155 1330 196 Hispanicis.

193 277 291 304 cum
329 261 413 303 loci
458 269 584 316 atque
631 260 754 302 etiam
801 276 928 317 saepe
970 262 1195 304 universae
1237 262 1500 319 reipublicae
1541 265 1740 308 societate

193 335 579 390 coniungerentur,
618 334 677 376 ita
715 341 855 376 tamen
893 334 1095 376 videntur
1130 334 1302 377 diversa
1336 335 1500 385 fuisse„
1531 342 1580 379 ut
1617 351 1737 380 suam

191 422 387 463 quaeque
417 422 516 463 pars
541 407 663 462 quasi
690 407 932 449 interiorem
965 407 1181 463 quandam
1208 408 1517 464 rempublicam
1535 409 1738 460 efficeret,

192 479 245 522 de
280 495 364 534 quo
389 479 653 522 coloniarum
683 494 838 536 genere
865 480 1054 522 diximus
1083 479 1110 521 1.
1140 480 1167 521 l.
1198 494 1239 535 p.
1267 479 1349 523 466
1380 495 1441 535 sq.
1497 479 1587 523 Sed
1616 496 1738 524 acce-

192 551 320 594 debat
357 552 412 595 ad
452 553 558 594 haec
593 553 717 595 etiam
756 552 862 594 iuris
903 552 1144 596 diversitas.
1204 551 1337 594 Velut
1366 553 1411 594 in
1441 552 1737 610 Tergestinam

191 625 401 668 coloniam
447 624 713 667 contributae
753 631 872 666 erant
905 624 1124 680 Inalpinae
1163 624 1372 680 quaedam
1411 633 1586 681 gentes,
1626 642 1736 682 quae

191 705 304 740 certe
334 697 504 740 civitate
535 698 729 739 Romana
758 697 971 747 carebant,
1002 697 1159 752 quibus
1198 697 1252 740 ab
1281 697 1534 753 imperatore
1563 698 1736 741 demum

190 771 411 813 Antonino
441 771 519 812 Pio
546 769 695 812 datum
727 778 804 820 est,
837 777 885 812 ut
903 769 1117 812 aedilitate
1147 769 1190 810 in
1209 770 1373 812 colonia
1402 770 1592 826 gerenda
1622 778 1664 812 et
1692 771 1736 813 in

190 845 349 886 curiam
391 843 680 898 allegerentur
708 850 749 884 et
780 842 992 885 civitatem
1020 843 1256 885 Romanam
1283 850 1627 898 assequerentur.
1676 843 1736 886 Hi

188 916 352 958 incolae
380 915 417 956 T
422 915 625 972 ergestini
654 930 739 957 non
770 923 912 965 erant3
951 922 1158 971 perpetuo
1187 914 1297 957 enim
1327 915 1387 957 ibi
1417 914 1736 958 commoraban-
1777 943 1779 945 -

189 995 259 1031 tur
293 1004 470 1044 eamque
511 988 720 1044 originem
750 1003 800 1030 ac
842 989 985 1030 sedem
1022 987 1258 1038 habebant3
1300 989 1489 1045 prospici
1522 987 1657 1043 igitur
1683 987 1736 1030 iis

189 1060 374 1103 debebat
411 1061 507 1117 lege
548 1060 808 1116 municipali,
849 1075 934 1116 qua
967 1059 1324 1116 Tergestinorum
1362 1059 1607 1116 respublica
1634 1075 1736 1103 con-

189 1133 459 1183 stituebatur,
489 1141 530 1175 et
566 1149 663 1175 cum
695 1133 896 1176 carebant
925 1148 1104 1189 prorsus
1137 1133 1307 1175 civitate
1338 1133 1531 1175 Romana
1562 1140 1603 1175 et
1635 1148 1733 1176 cum

187 1206 420 1248 Latinitate
463 1205 688 1262 impetrata
725 1205 853 1260 (hanc
893 1205 1004 1247 enim
1046 1205 1099 1247 iis
1137 1204 1190 1246 ab
1227 1205 1446 1247 Antonino
1482 1205 1562 1247 Pio
1593 1205 1734 1248 datam

188 1294 283 1321 esse
311 1281 434 1335 puto)
469 1278 514 1319 in
542 1279 883 1321 communionem
913 1278 1098 1320 civitatis
1128 1277 1304 1319 admissi
1336 1284 1467 1320 erant.
1525 1276 1671 1332 Quare
1699 1278 1734 1320 si

185 1352 230 1393 in
259 1352 356 1408 lege
390 1351 648 1408 Tergestina
680 1351 741 1394 sic
777 1351 986 1408 scriptum
1015 1350 1320 1400 inveniremus,
1353 1349 1389 1391 si
1419 1350 1517 1406 quis
1547 1350 1621 1406 qui
1647 1350 1735 1393 La-

185 1424 301 1466 tinus
329 1432 456 1474 esset,
489 1439 661 1467 servum
696 1424 811 1480 apud
839 1425 1002 1467 IIviros
1033 1422 1366 1472 manumisisset,
1402 1422 1440 1464 is
1469 1437 1621 1465 servus
1646 1422 1735 1466 La—

185 1497 301 1539 tinus
336 1504 462 1548 esset,
492 1497 561 1539 vel
595 1497 789 1539 similiter
821 1497 874 1539 de
905 1497 996 1539 aliis
1027 1496 1173 1547 rebus,
1205 1511 1308 1537 num
1340 1501 1454 1537 recte
1484 1494 1584 1537 hinc
1614 1495 1734 1537 colli-

185 1584 400 1625 geremus,
441 1570 576 1612 fuisse
611 1569 832 1612 Antonino
863 1570 1097 1626 imperante
1129 1568 1331 1618 colonias,
1367 1581 1475 1622 quae
1501 1566 1734 1610 Latinitate

186 1642 438 1685 uterentur?
468 1642 560 1684 Nec
591 1642 738 1698 dispar
754 1642 836 1684 fuit
861 1642 903 1683 in
927 1641 1068 1684 Gallia
1083 1640 1352 1683 Narbonensi
1374 1639 1732 1682 Nemausensium

183 1715 304 1765 ratio,
345 1715 388 1756 in
427 1729 610 1770 quorum
647 1711 953 1771 rempublicam
992 1714 1145 1770 viginti
1179 1720 1380 1769 quattuor
1420 1712 1580 1769 oppida
1607 1711 1732 1768 igno-

183 1787 348 1838 biliora,
379 1794 476 1844 post
504 1787 631 1829 etiam
660 1794 810 1843 gentes
837 1786 1046 1843 quasdam
1078 1786 1296 1843 Inalpinas
1326 1784 1568 1828 contributa
1596 1784 1732 1827 fuisse

184 1860 357 1902 scimus.
409 1859 500 1915 Ipsi
529 1866 625 1902 ante
657 1859 928 1901 Hadrianum
960 1858 1248 1909 Latinitatem,
1280 1866 1369 1900 tum
1403 1857 1618 1900 civitatem
1644 1858 1731 1900 Ro-

182 1947 350 1975 manam
387 1931 614 1982 habebant,
645 1947 730 1987 quo
761 1932 911 1975 eodem
946 1939 1136 1987 tempore
1167 1931 1393 1973 universae
1423 1929 1589 1974 Galliae
1620 1930 1731 1974 Nar-

182 2003 363 2047 bonensi
405 2004 475 2046 ius
518 2004 634 2046 Latii
679 2004 827 2046 datum
865 2019 959 2046 esse
998 2003 1219 2060 probabile
1257 2009 1343 2045 est:
1381 2017 1466 2057 quo
1501 2003 1614 2046 facto
1644 2003 1757 2060 iam-

181 2076 538 2119 Nemausensium
564 2091 663 2132 pars
694 2076 864 2118 civitate
894 2075 1100 2125 Romana,
1129 2090 1228 2131 pars
1258 2075 1487 2118 Latinitate
1515 2074 1727 2126 utebatur,

180 2149 363 2205 legeque
393 2163 542 2191 eorum
573 2148 821 2204 municipali
852 2156 893 2190 et
922 2147 1090 2190 civibus
1117 2146 1321 2189 Romanis
1351 2154 1393 2189 et
1425 2147 1594 2190 Latinis
1625 2162 1728 2190 con-

183 2222 265 2263 suli
308 2221 545 2278 oportebat,
582 2221 698 2263 unde
742 2221 778 2263 si
817 2221 914 2276 quis
953 2220 1007 2262 de
1044 2220 1234 2276 ipsorum
1271 2219 1518 2261 colonorum
1557 2219 1728 2263 civitate

182 2309 305 2336 secus
337 2300 555 2344 statueret,
594 2309 618 2335 a
648 2307 750 2335 vero
776 2293 905 2349 longe
939 2291 1167 2335 aberraret.
1218 2292 1364 2347 Atque
1401 2292 1527 2334 etiam
1558 2292 1603 2334 in
1634 2292 1729 2349 ipsa

180 2366 394 2422 Hispania
426 2366 601 2408 Baetica
638 2365 839 2408 simillimi
869 2365 975 2406 iuris
1014 2364 1097 2406 fuit
1133 2364 1299 2406 colonia
1330 2363 1606 2406 Romulensis
1643 2364 1727 2407 Hi-

181 2438 325 2495 spalis,
358 2438 412 2480 de
443 2453 530 2494 qua
558 2437 747 2480 diximus
776 2438 819 2479 in
854 2443 1078 2479 comment.
1110 2436 1133 2478 I
1161 2450 1203 2492 p.
1235 2436 1329 2487 310,
1361 2437 1484 2479 cuius
1526 2436 1602 2478 diu
1631 2437 1727 2479 fue-

178 2518 279 2552 runt
309 2518 452 2567 partes
480 2510 604 2560 duae,
635 2525 722 2552 una
753 2509 922 2552 civitate
949 2509 1154 2558 Romana,
1183 2508 1316 2552 altera
1345 2509 1459 2551 Latii
1484 2508 1576 2551 iure
1601 2524 1726 2566 prae—

180 2583 281 2634 dita,
308 2598 491 2639 quarum
523 2597 610 2625 una
647 2582 820 2625 videtur
850 2581 986 2624 fuisse
1015 2580 1271 2637 respublica,
1300 2596 1414 2623 unus
1445 2580 1724 2624 decurionum

179 2655 298 2704 ordo,
331 2655 406 2696 uni
437 2655 727 2711 magistratus.
775 2654 898 2696 Haec
924 2667 1062 2710 pauca
1089 2654 1300 2709 quaedam
1330 2653 1550 2695 attulimus
1581 2668 1724 2696 exem-

178 2726 250 2782 pla
289 2742 342 2769 ex
376 2742 532 2784 magna
562 2727 705 2783 copia,
735 2741 864 2782 quam
903 2726 1002 2768 olim
1036 2725 1081 2767 in
1110 2725 1538 2768 commentationibus
1567 2725 1724 2768 nostris

177 2798 286 2848 loco,
315 2798 390 2854 qui
416 2799 568 2841 citatus
587 2808 666 2849 est,
691 2799 943 2855 collegimus
963 2805 1089 2853 atque
1109 2798 1429 2854 explicavimus.
1474 2797 1723 2840 Secundum

178 2885 286 2926 quae
325 2871 422 2926 quis
459 2878 601 2927 potest
635 2870 855 2922 dubitare,
889 2871 1008 2927 quin,
1046 2870 1082 2913 si
1118 2885 1203 2926 quo
1232 2870 1277 2913 in
1317 2870 1550 2926 municipio
1579 2869 1724 2912 Latini
