1846 3100
0 2167 21 2284 Ἀντυιω
6 2128 15 2140 »-
0 2069 18 2111 25..

611 118 665 150 De
694 117 808 150 Gallia
833 118 1067 150 Romanorum
1101 119 1285 159 provincia.
1659 117 1713 160 69

166 228 249 270 bus
277 228 450 278 scribat,
481 242 634 269 causas
652 242 702 268 ac
732 226 916 268 rationes
935 240 1078 267 rerum
1097 232 1317 281 gestarum
1332 226 1391 268 ita
1417 234 1714 283 persequatur,

165 308 213 342 ut
244 300 371 342 etiam
402 299 456 342 ab
487 298 762 342 alienioribus
801 297 968 353 possint
1010 297 1205 354 intelligi.
1266 298 1394 340 Nunc
1423 297 1577 341 Cicero
1624 300 1714 342 fere

167 380 363 429 superest
389 375 509 426 (nam
538 371 731 414 Graecos
762 384 846 411 non
874 374 1095 423 numero),
1134 370 1207 424 qui
1239 370 1309 412 vel
1342 371 1460 412 aliud
1492 385 1626 426 agens
1665 386 1714 413 ac

166 444 354 487 breviter
378 444 484 500 quid
510 451 683 500 gestum
719 442 773 485 sit
817 441 1052 497 significat,
1094 442 1162 483 vel
1200 442 1382 484 oratorie
1423 457 1578 485 causae
1611 458 1714 486 suae

165 516 344 558 inservit
383 524 424 558 et
462 530 548 557 non
582 514 699 570 quod
731 529 881 556 verum
912 512 988 555 sed
1014 513 1131 567 quod
1158 513 1262 556 utile
1293 522 1358 556 est
1386 515 1603 570 sequitur:
1645 515 1715 558 cui

165 587 270 630 dum
298 588 479 630 credunt
506 587 647 629 omnia
674 586 755 628 viri
793 585 929 634 docti,
966 585 1010 626 in
1039 585 1260 641 opiniones
1289 601 1442 641 parum
1472 586 1714 642 probabiles

165 660 422 703 inciderunt.
461 659 767 707 Veruntamen,
794 665 840 698 ut
863 657 918 699 ad
943 657 1188 699 institutum
1211 664 1407 700 nostrum
1430 665 1711 709 revertamur,

165 733 338 776 decreta
368 739 459 775 erat
486 748 511 774 a
540 738 690 773 senatu
723 729 975 772 consulibus
1004 728 1145 772 Gallia
1174 729 1405 785 Italiaque:
1444 729 1526 772 hoc
1556 730 1714 773 mutari

166 821 251 848 non
278 811 466 862 poterat,
510 818 594 845 non
631 802 760 844 modo
791 810 965 858 propter
1005 801 1301 844 auctoritatem
1339 809 1540 852 senatus,
1584 817 1715 858 quam

166 876 379 920 contemni
404 890 488 918 non
506 874 676 922 licebat,
707 889 859 915 verum
878 873 1003 916 etiam
1021 881 1194 929 propter
1212 873 1475 929 reliquorum
1490 874 1714 929 magistra-

165 957 287 992 tuum
317 949 524 997 rationes,
563 946 722 1002 quibus
758 946 859 987 item
896 945 1140 1001 provinciae
1179 945 1420 1000 assignatae
1462 954 1603 997 erant,
1641 947 1714 1002 qui

165 1022 292 1064 etiam
321 1021 437 1077 apud
468 1020 675 1076 populum
702 1018 815 1075 legi,
861 1032 947 1072 qua
980 1016 1056 1058 uni
1088 1014 1265 1058 Caesari
1302 1032 1399 1059 cum
1439 1033 1518 1060 suo
1558 1018 1713 1060 damno

167 1094 475 1142 consuleretur,
507 1091 775 1134 restitissent.
827 1087 1120 1145 Sequebatur,
1154 1097 1202 1130 ut
1230 1089 1483 1131 sortirentur
1514 1090 1714 1132 consules

169 1166 426 1223 provincias,
471 1164 515 1206 in
547 1179 632 1219 qua
663 1162 881 1204 sortitione
913 1166 1070 1216 (neque
1099 1161 1211 1203 enim
1244 1161 1474 1217 quicquam
1504 1170 1569 1205 est
1597 1163 1715 1218 quod

167 1254 261 1282 eam
289 1254 374 1281 non
403 1238 557 1280 factam
584 1251 678 1278 esse
706 1241 920 1292 putemus,
952 1249 1049 1276 cum
1079 1240 1195 1276 tanto
1224 1242 1322 1290 post
1350 1235 1421 1276 lex
1441 1235 1494 1277 de
1515 1233 1714 1278 Caesaris

166 1311 400 1368 provinciis
432 1310 518 1352 lata
545 1309 625 1363 sit)
666 1306 842 1350 Caesari
868 1306 1054 1349 Galliam
1084 1304 1348 1364 Cisalpinam
1378 1308 1650 1363 vicinamque
1677 1308 1716 1350 ei

167 1383 400 1439 regionem,
431 1383 493 1424 M.
510 1382 668 1424 Bibulo
694 1380 940 1422 inferiorem
969 1379 1136 1421 Italiam
1164 1380 1359 1422 evenisse
1390 1379 1602 1430 existimo,
1628 1394 1714 1422 non

167 1455 284 1511 quod
300 1455 358 1497 ita
374 1454 428 1496 ab
456 1452 737 1509 scriptoribus
755 1451 866 1493 tradi
884 1451 1068 1501 videam,
1093 1466 1277 1507 quorum
1306 1467 1430 1494 nemo
1451 1452 1715 1494 sortitionem

166 1534 314 1584 utpote
343 1541 423 1568 nec
451 1524 738 1567 necessariam
767 1530 809 1566 et
837 1523 962 1579 paulo
994 1530 1090 1579 post
1106 1523 1372 1565 obliteratam
1401 1531 1715 1574 commemorat,

168 1599 244 1642 sed
274 1598 393 1654 quod.
423 1605 465 1639 et
493 1595 679 1638 Bibulus
715 1610 764 1637 ea
793 1610 921 1650 quam
951 1603 1174 1652 acceperat
1200 1596 1348 1638 Italiae
1390 1604 1510 1652 parte
1542 1603 1715 1637 conten-

168 1679 238 1714 tus
279 1671 439 1713 nullam
474 1669 600 1712 aliam
639 1668 903 1724 provinciam
946 1668 1055 1709 rexit
1097 1669 1177 1720 (cf.
1217 1666 1456 1709 Comment.
1495 1667 1714 1724 epigraph.

170 1743 268 1786 Vol.
293 1742 340 1785 ΙΙ
365 1758 406 1798 p.
437 1741 540 1796 206)
566 1747 608 1783 et
635 1737 796 1782 Caesar
816 1738 983 1782 Galliae
1015 1738 1259 1796 Cisalpinae
1286 1746 1512 1796 praetextu
1543 1739 1597 1782 ad
1625 1755 1715 1782 ma-

167 1816 302 1858 iorem
328 1813 556 1870 potentiam
588 1812 900 1868 assequendam
929 1827 1036 1854 usus
1069 1820 1147 1853 est.
1206 1811 1293 1854 Hic
1331 1812 1466 1861 enim,
1511 1812 1582 1853 cui
1615 1826 1715 1868 pro-

170 1887 311 1930 vincia
347 1894 387 1929 et
425 1885 615 1928 exercitu
657 1900 789 1940 parva
829 1892 871 1927 et
910 1884 1017 1926 locis
1050 1891 1235 1939 angusta
1272 1892 1314 1926 et
1343 1891 1533 1940 tempore
1571 1883 1715 1927 brevis

173 1975 325 2016 parum
354 1959 552 2015 placeret,
583 1957 765 2013 primum
784 1955 865 1999 Cn.
886 1956 1080 2012 Pompeii
1109 1956 1289 2012 gratiam
1318 1962 1413 1998 acta
1437 1955 1529 1998 eius
1562 1956 1716 1998 confir-

171 2031 326 2074 mando
357 2030 592 2080 demeruit,
624 2029 780 2071 deinde
811 2029 957 2085 populi
987 2029 1177 2070 favorem
1202 2028 1461 2084 amplissima
1491 2028 1716 2085 largitione

171 2104 362 2161 agraria,
400 2112 492 2145 tum
519 2102 711 2157 equitum
738 2101 953 2156 insignem
979 2100 1321 2143 benevolentiam
1351 2100 1433 2142 sibi
1461 2098 1716 2150 conciliavit,

173 2177 359 2232 denique
384 2190 462 2232 per
493 2173 689 2216 tribunos
718 2173 855 2229 plebis
890 2188 1018 2229 agere
1049 2173 1204 2228 coepit,
1242 2182 1291 2215 ut
1320 2174 1414 2215 talis
1444 2172 1615 2228 qualem
1642 2187 1717 2214 cu-

173 2247 314 2303 piebat
342 2246 560 2303 provincia
590 2245 672 2288 sibi
697 2245 986 2287 mandaretur.
1043 2245 1154 2287 Nam
1183 2246 1253 2288 hic
1281 2260 1424 2287 rerum
1454 2244 1560 2286 ordo
1591 2250 1632 2286 et
1661 2243 1716 2286 ab

144 2318 455 2375 'scriptoribus
484 2318 668 2360 traditur
708 2324 749 2359 et
787 2332 863 2372 per
900 2332 945 2359 se
980 2317 1072 2373 ipse
1110 2316 1342 2373 probabilis
1373 2324 1450 2359 est.
1509 2317 1717 2358 Inventus

172 2398 314 2433 autem
343 2398 407 2432 est
421 2390 473 2432 P.
490 2390 703 2440 Vatinius,
734 2389 807 2445 qui
837 2390 979 2445 legem
1009 2388 1125 2445 apud
1146 2389 1352 2444 populum
1380 2388 1599 2443 perferret.
1646 2387 1717 2429 De

172 2478 258 2518 qua
286 2462 383 2518 lege
419 2462 607 2504 diximus
639 2461 930 2517 compluribus
969 2460 1073 2502 locis
1114 2460 1516 2502 commentationum
1548 2459 1717 2515 epigra-

149 2534 410 2589 .phicarum,
439 2534 623 2590 primum
655 2533 752 2576 Vol.
781 2534 803 2575 Ι
833 2549 872 2588 p.
904 2533 998 2582 308,
1030 2531 1105 2574 ubi
1140 2531 1193 2573 de
1224 2531 1388 2574 colonia
1406 2530 1718 2573 Novocomensi

175 2605 490 2661 disputavimus
520 2607 762 2662 (perperam
791 2605 902 2646 enim
928 2620 953 2646 a
982 2603 1242 2659 quibusdam
1271 2603 1363 2645 fieri
1392 2602 1560 2652 iudico,
1602 2602 1718 2657 quod

175 2691 266 2718 eam
307 2676 563 2733 peculiarem
599 2677 784 2732 aliquam
821 2676 1085 2733 rogationem
1122 2683 1147 2716 a'
1185 2674 1438 2731 provinciali
1482 2673 1718 2716 seiunctam

177 2763 270 2791 esse
297 2746 482 2804 putant),
513 2755 604 2790 tum
632 2749 730 2791 Vol.
760 2749 805 2791 II
830 2765 872 2805 p.
902 2749 996 2798 220,
1026 2748 1102 2791 ubi
1132 2747 1213 2790 tria
1243 2747 1336 2789 eius
1362 2746 1498 2802 capita
1529 2745 1716 2803 explica-

177 2819 342 2869 vimus,
372 2829 420 2860 ut
443 2819 687 2875 Illyricum,
715 2820 831 2875 quod
860 2820 915 2862 ad
939 2820 985 2862 id
1012 2828 1180 2876 tempus
1210 2834 1310 2861 cum
1330 2817 1587 2860 Macedonia
1616 2831 1716 2860 con-
