1846 3100
588 138 642 171 De
667 139 845 172 dictatoris
870 138 1027 172 Caesaris
1054 138 1251 171 honoribus.
1326 150 1333 156 ·
1611 137 1687 180 221

145 248 258 290 enim
292 247 502 304 collegam
531 246 693 296 habuit,
724 247 813 302 qui,
842 255 890 288 ut
917 247 1009 303 ipse
1037 247 1122 288 iam
1151 246 1372 289 videretur
1397 262 1490 289 esse
1511 255 1693 299 creatus,

149 328 263 362 certe
308 320 399 363 sine
442 319 624 362 comitiis
660 319 753 361 fieri
790 334 875 362 non
913 319 1051 376 potuit
1088 334 1167 361 nec
1195 321 1311 375 quod
1340 318 1515 362 Caesari
1548 320 1694 362 datum

146 399 235 435 erat
262 408 375 435 anno
395 393 461 443 48,
488 401 537 434 ut
565 391 707 434 omnia
732 392 901 434 comitia
932 392 1254 444 magistratuum
1285 393 1497 435 curulium
1527 393 1569 434 in
1601 393 1694 436 eius

145 472 291 508 essent
317 471 525 522 potestate
554 465 662 520 (Dio
686 464 835 514 XLII,
864 464 953 521 20),
983 472 1146 506 tantum
1174 464 1356 515 valebat,
1387 472 1436 507 ut
1464 466 1593 508 nullis
1623 481 1695 508 co-

145 537 276 579 mitiis
295 551 404 593 opus
426 543 561 587 esset3
593 536 918 579 commendabat
938 535 1111 587 Caesar,
1138 551 1245 592 quos
1261 537 1352 579 fieri
1369 538 1510 589 vellet,
1537 554 1695 594 eosque

145 611 215 653 lex
250 609 426 652 iubebat
462 609 596 652 creari
625 609 819 651 comitiis.
883 609 1028 662 Quare
1060 609 1096 651 si
1126 610 1232 651 alter
1261 611 1485 652 consulum
1513 611 1695 653 comitiis

145 682 287 732 fiebat,
315 682 487 724 videtur
511 681 638 723 etiam
655 679 816 723 Caesar
840 697 924 723 non
953 683 1095 724 minus
1124 683 1381 725 sollemniter
1401 699 1494 726 esse
1514 691 1694 726 creatus.

146 755 318 798 Deinde
347 754 434 796 Dio
461 754 642 804 XLIII,
675 754 726 796 33
763 769 860 795 eum
893 770 1004 795 anno
1035 755 1087 796 46
1119 763 1262 797 narrat
1293 756 1498 805 comitiis,
1537 755 1695 810 quibus

146 827 209 869 M.
239 827 436 884 Lepidus
465 833 696 883 praeesset,
728 826 769 867 in
802 842 958 868 annum
992 827 1043 868 45
1077 842 1171 868 esse
1204 828 1497 884 designatum,
1537 828 1695 883 quibus

148 900 352 950 comitiis,
384 899 419 941 si
448 899 519 941 illa
548 899 828 954 quinquennii
860 899 1100 954 designatio
1128 900 1307 950 valeret,
1338 916 1423 942 non
1455 916 1563 956 opus
1594 908 1695 942 erat.

146 973 297 1028 Itaque
326 978 521 1013 recusato
552 971 624 1013 illo
653 971 932 1026 quinquennii
954 971 1137 1031 bonore,
1170 988 1296 1028 quem
1325 989 1540 1028 nunquam
1570 989 1697 1015 usur-

146 1045 288 1101 pavit,
326 1044 450 1086 solito
480 1059 596 1086 more
627 1059 671 1085 se
704 1043 923 1085 consulem
957 1045 1089 1086 creari
1123 1043 1284 1087 Caesar
1313 1046 1530 1095 voluerat,
1575 1046 1697 1088 solito

147 1133 264 1160 more
292 1117 589 1172 magistratum
620 1117 737 1167 iniit,
776 1117 900 1159 solito
930 1132 1047 1159 more
1078 1118 1370 1173 aliquamdiu,
1409 1118 1512 1159 dum
1543 1133 1698 1160 novam

148 1190 401 1232 dictaturam
435 1190 550 1239 iniit,
592 1189 740 1246 gessit.
814 1190 935 1231 Haec
974 1205 1102 1232 causa
1142 1199 1228 1240 est,
1271 1205 1348 1232 cur
1381 1190 1551 1232 tertium
1582 1191 1697 1233 hunc

149 1263 248 1305 anni
277 1262 330 1305 46
371 1262 639 1304 consulatum
677 1262 892 1304 numerari
932 1262 1114 1304 voluerit
1153 1263 1452 1318 dissensioque
1492 1264 1698 1305 fastorum

151 1343 193 1377 et
223 1350 493 1377 nummorum
523 1334 730 1384 extiterit,
762 1349 871 1390 quae
902 1334 982 1376 nisi
1014 1335 1058 1376 in
1090 1335 1242 1377 horum
1275 1343 1513 1392 temporum
1548 1337 1698 1378 confu-

152 1408 272 1450 sione
309 1422 358 1448 ac
396 1406 744 1462 multiplicatione
774 1406 985 1448 honorum
1020 1408 1221 1463 explicari
1254 1424 1338 1450 non
1367 1417 1535 1464 posset:
1582 1424 1698 1450 nunc

148 1487 355 1535 utrosque
386 1494 463 1521 sua
490 1479 653 1521 ratione
682 1478 836 1522 ductos
860 1486 974 1521 recte
1002 1479 1232 1522 tradidisse
1255 1481 1548 1537 intelligimus.
1596 1480 1698 1523 Col-

149 1553 290 1609 legam
331 1559 473 1595 autem
511 1549 710 1593 Caesaris
752 1566 862 1594 anno
893 1551 946 1594 46
988 1559 1154 1594 constat
1192 1553 1327 1594 fuisse
1366 1553 1428 1594 M.
1464 1553 1698 1595 Aemilium

149 1625 392 1681 Lepidum,
435 1638 564 1678 quem
598 1623 669 1665 ille
709 1639 762 1665 ex
792 1624 1002 1680 Hispania
1042 1640 1263 1667 reversum
1306 1625 1413 1680 (Dio
1441 1626 1623 1676 XLIII,
1657 1623 1698 1679 1)

152 1711 250 1739 cum
280 1696 428 1739 Italiae
454 1695 658 1750 urbique,
700 1696 905 1751 quamdiu
937 1695 1030 1752 ipse
1060 1697 1250 1746 abesset,
1288 1696 1517 1752 praeficere
1555 1697 1698 1748 vellet,

153 1783 317 1812 summo
354 1767 607 1823 magistratu
644 1768 823 1810 ornavit.
886 1769 1037 1824 Itaque
1070 1769 1367 1830 solusvconsul
1397 1769 1458 1810 M.
1486 1768 1698 1811 Aemilius

152 1841 389 1898 appellatur
417 1839 533 1896 apud
559 1837 650 1881 Cic.
682 1839 806 1896 epist.
823 1840 955 1890 XIII,
980 1840 1047 1889 26,
1078 1840 1199 1882 initio
1228 1840 1409 1895 quidem·
1431 1842 1542 1882 anni.
1589 1841 1699 1883 Nam

152 1921 250 1970 post
292 1921 378 1956 tres
419 1913 490 1955 vel
530 1919 732 1968 quattuor
772 1927 940 1955 menses
973 1911 1135 1955 Caesar
1175 1913 1407 1969 assumpsit
1446 1913 1699 1955 dictaturam

151 1985 474 2042 Lepidumque,
517 2001 571 2028 ne
608 2001 692 2040 qua
726 1985 893 2041 imperii
931 1985 1149 2028 discordia
1179 1985 1400 2035 existeret,
1445 1986 1698 2041 magistrum

152 2058 343 2114 equitum
380 2058 500 2100 dixit.
566 2057 780 2099 Nimirum
816 2064 1045 2113 postquam
1083 2074 1119 2100 a.
1147 2058 1188 2099 d.
1217 2057 1325 2100 VIII
1362 2057 1427 2099 Id.
1466 2055 1605 2113 April.
1643 2058 1698 2100 ad

152 2129 375 2186 Thapsum
404 2131 507 2173 vicit
536 2130 654 2185 (Kal.
681 2130 900 2171 Praenest.
931 2130 997 2171 ed.
1026 2130 1165 2186 Fogg.
1193 2145 1235 2185 p.
1253 2130 1324 2183 40)
1357 2130 1535 2184 eiusque
1564 2130 1699 2172 victo-

153 2202 241 2244 riae
278 2203 454 2245 nuntius
488 2203 668 2245 Romam
704 2201 856 2243 allatus
897 2208 982 2251 est,
1035 2201 1121 2243 Dio
1161 2202 1342 2251 XLIII,
1386 2202 1434 2243 14
1479 2217 1575 2243 cum
1618 2202 1700 2244 alia

153 2274 286 2315 multa
325 2274 363 2315 ei
404 2275 577 2316 decreta
611 2289 707 2316 esse
743 2273 911 2323 scribit,
950 2280 1042 2315 tum
1071 2273 1176 2316 haec
1207 2274 1311 2315 duo:
1357 2277 1435 2313 τῶν
1455 2290 1509 2314 -τε
1539 2274 1698 2329 τρόπων

153 2349 231 2387 τῶν
273 2346 442 2387 ἑκάστου
486 2347 697 2400 ἐπιστάτην
729 2377 856 2387 .....
890 2346 930 2389 ἐς
969 2346 1058 2400 τρία
1102 2346 1221 2386 αὐτὸν
1266 2344 1332 2400 ἔτη
1376 2347 1441 2386 καὶ
1473 2347 1699 2400 δικτάτωρα

157 2418 197 2463 ἐς
229 2418 328 2459 δέκα
362 2419 509 2474 ἐφεξῆς
541 2418 713 2458 εἵλοντο.
770 2418 821 2459 In
853 2418 919 2460 his
950 2418 1136 2473 primum
1172 2417 1421 2459 mirabimur
1453 2419 1699 2460 consulatus

155 2490 412 2532 mentionem
453 2505 548 2532 esse
591 2489 815 2540 omissam,
863 2505 972 2545 quae
1013 2490 1056 2530 in
1100 2489 1275 2543 reliquis
1315 2489 1548 2532 honoribus
1593 2491 1700 2532 solet

126 2562 303 2612 wadiici3
347 2561 423 2604 sed
453 2568 495 2603 et
526 2567 615 2603 erat
641 2567 743 2603 tunc
775 2562 918 2617 ipsum
949 2561 1099 2604 consul
1130 2567 1171 2602 et
1198 2561 1394 2616 superius
1425 2561 1532 2603 illud
1564 2561 1618 2603 de
1649 2577 1699 2604 eo

155 2633 375 2676 decretum
413 2641 645 2676 recusarat.
710 2633 980 2676 Dictaturam
1010 2641 1151 2675 autem
1185 2632 1238 2674 ab
1270 2630 1456 2675 Caesare
1487 2640 1700 2689 receptam

155 2719 249 2747 esse
277 2705 406 2748 tradit
434 2706 520 2748 Dio
548 2705 721 2755 XLIII,
756 2706 818 2748 12.
876 2706 997 2748 Haec
1026 2705 1160 2761 igitur
1200 2712 1263 2746 est
1302 2706 1425 2747 tertia
1457 2705 1529 2747 illa
1564 2705 1699 2748 dicta-

156 2782 275 2826 tura,
312 2791 421 2832 quae
458 2777 503 2818 in
539 2777 659 2819 fastis
691 2778 931 2820 consulatui
963 2777 1260 2833 subiungitur,
1300 2776 1344 2817 in
1381 2777 1528 2819 decem
1565 2792 1698 2820 annos

158 2846 330 2890 decreta
366 2849 624 2904 reipublicae
667 2849 1012 2900 constituendae,
1055 2857 1102 2890 ut
1139 2849 1340 2899 arbitror3
1382 2864 1479 2891 nam
1517 2849 1699 2892 devictis
