1846 3100
529 169 582 200 De
607 167 742 210 legibus
769 165 1032 208 municipalibus
1058 165 1267 206 Hispanicis.
1594 161 1673 205 307

129 277 235 332 quid
262 276 355 318 fieri
381 276 530 326 vellet,
560 275 733 318 videtur
763 274 1055 316 constituisse:
1098 289 1196 315 nam
1224 288 1333 329 quae
1358 279 1548 329 potestas
1578 273 1678 315 olim

127 349 173 391 in
196 348 392 391 libertate
421 346 741 404 magistratibus
770 347 870 388 data
899 352 1001 395 erat,
1032 354 1080 387 ut
1106 346 1340 402 provinciis
1369 346 1488 402 leges
1519 345 1679 388 scribe-

127 429 236 470 rent,
269 437 320 464 ea
349 421 453 476 quin
480 419 724 476 imperatori
751 426 793 460 et
820 418 954 460 maior
982 425 1023 459 et
1046 426 1253 474 perpetua
1283 417 1424 460 delata
1453 418 1520 468 sit,
1550 418 1679 460 dubi-

129 494 209 536 tari
243 509 325 535 non
353 500 506 549 potest.
563 491 751 534 Necesse
781 498 894 533 certe
927 497 1017 532 erat
1047 505 1140 533 eam
1171 491 1427 547 Augustus,
1469 506 1567 534 cum
1597 491 1678 533 im-

128 566 296 622 perium
326 581 423 608 cum
452 571 602 607 senatu
634 563 884 620 partiretur,
922 563 1131 618 acciperet
1160 563 1214 605 ab
1243 578 1378 619 eoque
1409 564 1463 606 ad
1491 564 1678 619 reliquos

130 638 308 681 transiit.
370 635 431 680 At
465 637 635 678 Malaca
671 643 713 677 et
748 636 979 692 Salpensa,
1014 651 1194 691 quarum
1235 636 1289 678 de
1318 637 1489 692 legibus
1520 636 1678 693 agitur,

130 710 328 753 Baeticae
358 710 593 765 Hispaniae
625 716 736 758 sunt,
772 723 882 763 quae
914 716 1086 751 senatus
1120 716 1209 751 erat
1239 709 1472 765 provincia.
1530 709 1678 765 Itaque

132 797 231 825 oum
268 782 366 824 illae
398 783 630 831 ferrentur,
669 788 864 823 senatum
896 782 1140 823 consultum
1168 796 1262 823 esse
1297 796 1471 832 censeo,
1502 781 1575 837 qui
1607 788 1681 823 aut

129 855 222 911 ipse
262 854 383 897 dedit
431 861 503 896 aut
547 853 792 910 proconsuli
834 860 881 894 ut
921 852 1043 895 daret
1080 853 1310 896 mandavit.
1381 854 1531 910 Neque
1571 853 1679 895 illud

132 937 295 970 certum
326 934 412 977 est,
444 927 564 983 leges
590 926 822 982 appellatas
853 941 948 968 esse
978 925 1166 968 Flavias.
1222 926 1372 968 Fuerit
1402 941 1503 968 sane
1533 941 1678 968 earum

130 1001 404 1042 ferendarum
445 1006 595 1041 auctor
622 998 922 1048 Domitianus,
965 998 1042 1039 sed
1079 1006 1246 1054 poterat
1281 1005 1421 1040 tamen
1459 999 1586 1040 etiam
1619 999 1680 1040 sic

129 1072 242 1122 fieri,
283 1079 350 1122 ut,
390 1078 615 1128 postquam
646 1070 860 1113 civitatem
885 1069 1121 1112 Romanam
1153 1070 1346 1113 Malacae
1376 1078 1417 1112 et
1445 1069 1678 1127 Salpensae

130 1145 263 1195 dedit,
294 1145 410 1201 ipsas
439 1145 558 1200 leges
589 1143 787 1185 ferendas
820 1142 956 1184 solitis
987 1142 1310 1198 magistratibus
1340 1144 1614 1200 permitteret.

245 1218 332 1260 Sed
374 1223 541 1272 praeter
574 1217 714 1271 legem
747 1223 1132 1257 commemorantur
1167 1215 1210 1256 in
1240 1216 1386 1258 tabula
1417 1216 1682 1272 Salpensana

129 1290 256 1333 etiam
284 1289 436 1332 edicta.
484 1287 558 1331 Sic
589 1289 702 1330 enim
731 1296 796 1330 est
825 1288 915 1330 bis:
960 1303 1058 1329 exve
1086 1290 1216 1343 edicto
1250 1292 1345 1342 imp.
1370 1291 1556 1332 Caesaris
1575 1291 1681 1341 Aug.

140 1365 379 1416 Vespasiani
414 1364 548 1415 impve
588 1364 678 1402 Titi
715 1362 901 1403 Caesaris
942 1365 1049 1414 Aug.
1091 1368 1168 1401 aut
1209 1363 1305 1415 imp.
1350 1363 1535 1404 Caesaris
1575 1365 1680 1414 Aug.

135 1437 369 1476 Domitiani
396 1436 578 1487 matris)
608 1437 834 1486 p(atrz’ae).
894 1432 1052 1486 Qualia
1078 1433 1213 1489 igitur
1245 1441 1345 1475 sunt
1377 1434 1483 1476 haec
1512 1433 1681 1475 edicta?

130 1505 279 1561 Neque
295 1506 408 1548 enim
426 1520 562 1547 unum
581 1520 689 1555 esse,
704 1505 780 1547 sed
800 1505 921 1561 plura
941 1513 1129 1562 apparet.
1152 1504 1378 1561 Siquidem
1391 1505 1681 1556 Domitianus,

134 1578 339 1635 quamdiu
374 1585 492 1634 pater
532 1585 572 1619 et
609 1578 739 1619 frater
776 1577 997 1627 vixerunt,
1038 1577 1198 1619 nullam
1230 1577 1490 1634 reipublicae
1520 1585 1683 1634 partem

132 1651 331 1707 attigerat
367 1665 415 1692 ac
447 1665 501 1692 ne
541 1650 814 1692 tribuniciam
855 1649 1031 1705 quidem
1068 1657 1318 1705 potestatem
1354 1650 1438 1692 nisi
1477 1650 1682 1693 defuneto

133 1724 262 1766 fratre
291 1723 475 1778 accepit,
506 1730 555 1764 ut
581 1722 698 1778 quod
729 1722 1010 1764 communiter
1042 1737 1140 1763 cum
1168 1722 1254 1764 illis
1285 1722 1453 1764 edicere
1482 1722 1681 1779 potuerit,

134 1795 310 1851 cogitari
334 1810 419 1837 non
447 1795 596 1851 possit.
654 1793 716 1837 At
744 1795 869 1836 Titus
898 1794 1170 1837 tribuniciam
1198 1802 1450 1851 potestatem
1477 1794 1577 1837 Kal.
1600 1795 1682 1837 Iul.

134 1868 234 1911 anni
254 1868 302 1911 71
335 1874 554 1924 acceperat
583 1874 711 1922 atque
739 1882 792 1909 ex
821 1881 870 1908 eo
901 1873 1090 1922 tempore
1117 1882 1218 1909 vere
1246 1867 1390 1910 socius
1408 1867 1538 1924 patris
1555 1873 1683 1923 atque

133 1940 301 1997 imperii
343 1955 520 1982 consors
556 1941 709 1982 fuerat.
777 1939 922 1993 Quare
960 1939 1048 1981 duo
1085 1939 1225 1982 edicta
1261 1940 1396 1982 fuisse
1433 1946 1681 1989 statuemus,

134 2027 266 2054 unum
294 2012 549 2068 Vespasiani
580 2019 622 2054 et
651 2011 752 2061 Titi,
785 2013 965 2054 alterum
998 2012 1248 2063 Domitiani,
1280 2012 1410 2067 idque
1441 2010 1684 2067 significant

134 2084 229 2140 ipsa
255 2084 365 2140 legis
396 2083 551 2134 verba,
592 2084 635 2125 in
667 2084 827 2139 quibus
859 2099 945 2126 non
978 2085 1069 2126 sine
1101 2099 1230 2126 causa
1260 2083 1497 2126 Domitiani
1528 2097 1683 2125 nomen

135 2172 161 2198 a
189 2163 306 2212 patre
343 2163 384 2198 et
419 2156 548 2198 fratre
589 2156 798 2211 particula
825 2163 904 2197 aut
935 2156 1176 2199 seiunctum
1209 2163 1286 2198 est.
1341 2156 1435 2198 Iam
1464 2169 1542 2211 pro
1573 2155 1684 2196 mul-

136 2228 270 2284 tiplici
297 2235 506 2284 potestate
537 2243 667 2283 quam
696 2228 855 2271 habent
880 2229 1154 2285 imperatores
1183 2227 1381 2270 edicunt:
1422 2228 1517 2283 ipsa
1548 2226 1684 2269 tribu-

135 2300 249 2342 nicia
274 2307 462 2357 potestas
492 2315 620 2355 quam
650 2300 808 2342 habent
834 2300 1030 2342 edicendi
1059 2300 1305 2342 facultatem
1333 2299 1427 2349 dat,
1462 2313 1548 2355 qua
1577 2314 1684 2341 usus

138 2387 232 2414 esse
261 2380 459 2414 narratur
487 2371 704 2422 Tiberius,
735 2387 833 2414 cum
865 2380 1032 2415 mortuo
1061 2372 1263 2427 Augusto
1302 2371 1486 2426 reliquas
1518 2371 1685 2427 imperii

136 2450 279 2500 partes
322 2444 516 2486 nondum
551 2459 761 2500 usurpare
800 2444 929 2486 vellet
967 2443 1091 2497 (Tac.
1122 2444 1235 2485 Ann.
1263 2444 1307 2493 Ι,
1337 2443 1397 2494 7).
1455 2444 1605 2498 Itaque
1636 2458 1687 2485 ea

136 2515 313 2571 quidem
344 2516 502 2566 edicta,
541 2531 651 2571 quae
681 2516 736 2559 ad
767 2516 918 2558 urbem
953 2516 1135 2558 Romam
1165 2515 1448 2571 pertinerent,
1488 2516 1578 2557 fere
1610 2529 1685 2571 pro

137 2587 365 2630 tribunicia
392 2595 601 2644 potestate
632 2587 835 2631 videntur
864 2603 959 2630 esse
987 2588 1227 2644 proposita,
1273 2587 1390 2629 velut
1429 2586 1483 2628 ab
1512 2584 1686 2628 Tiberio

137 2658 263 2715 (Tac.
295 2659 411 2702 Ann.
439 2660 477 2709 Ι,
502 2660 580 2710 78;
610 2659 691 2709 ΙΙΙ,
722 2660 771 2710 6;
801 2659 857 2710 V,
887 2660 946 2713 5),
978 2659 1031 2702 ab
1061 2660 1231 2702 Nerone
1262 2658 1384 2712 (Tac.
1413 2659 1529 2701 Ann.
1554 2657 1686 2708 XIII,

138 2730 187 2774 31
219 2739 260 2777 et
290 2732 365 2781 513
395 2731 500 2782 XV,
531 2732 583 2774 36
614 2738 655 2773 et
681 2731 776 2785 73),
809 2731 863 2774 ab
894 2731 1068 2774 Vitellio
1103 2732 1225 2789 (Tac.
1256 2731 1371 2773 Hist.
1398 2731 1464 2780 II,
1496 2730 1592 2785 62),
1632 2728 1686 2771 ab

138 2801 284 2845 Nerva
310 2802 444 2859 (Plin.
473 2818 539 2859 ep.
566 2803 629 2853 X,
663 2803 784 2858 107);
831 2804 907 2846 sed
948 2804 1074 2853 haec,
1113 2804 1167 2845 de
1206 2802 1364 2858 quibus
1401 2802 1687 2858 disputamus,

141 2888 227 2916 non
255 2874 309 2917 ad
338 2875 520 2918 Romam
551 2875 821 2931 spectabant,
864 2890 916 2918 ne
946 2876 1002 2918 ad
1029 2875 1342 2931 imperatoriam
1377 2873 1553 2929 quidem
1589 2887 1687 2929 pro-

1337 2948 1424 2989 20*
