1846 3100
8 2742 23 2823 ςί

569 146 624 178 De
648 145 827 178 dictatoris
851 144 1007 178 Caesaris
1032 144 1233 178 honoribus.
1593 140 1675 184 265

132 257 357 315 potestatis
385 256 578 313 potuisse
603 254 884 304 intercedere,
911 253 956 295 id
985 252 1187 295 habuisse
1215 252 1377 295 indicat
1395 253 1512 309 quod
1536 252 1678 308 quivis

133 329 403 372 tribunorum
431 328 627 371 habebat.
666 326 816 382 Neque
847 325 989 367 hercle
1020 325 1092 367 illa
1117 325 1347 368 verborum
1369 326 1492 381 quasi
1512 325 1679 382 magni-

131 401 304 444 ficentia
333 401 609 457 decipiemur,
637 415 723 456 qua
752 399 978 455 scriptores
1005 397 1059 440 de
1088 398 1155 440 his
1185 397 1315 440 rebus
1342 405 1536 440 utuntur.
1591 398 1679 442 Ve—

132 474 212 516 luti
247 488 343 516 cum
376 472 612 516 Suetonius
641 472 758 528 Aug.
795 486 830 513 c.
861 470 911 514 27
948 471 1001 512 de
1032 470 1236 527 Augusto
1267 470 1436 513 scribit:
1484 472 1680 512 Tribuni-

134 550 242 588 ciam
265 553 509 601 potestatem
535 551 732 598 perpetuo
763 546 926 597 recepit,
958 546 1003 583 in
1031 558 1111 595 qua
1141 546 1262 584 semel
1285 551 1406 598 atque
1433 546 1582 584 iterum
1604 558 1682 597 per

133 621 302 672 singula
338 621 473 660 lustra
512 620 709 671 collegam
753 617 830 656 sibi
866 617 1095 668 adoptavit,
1134 622 1176 658 et
1215 631 1312 657 eum
1347 616 1500 658 Vellei.
1531 616 1596 666 II,
1626 615 1680 659 90

134 690 376 748 Agrippam
403 690 461 732 ait
489 693 534 731 in
564 691 779 742 collegium
810 689 1057 729 tribuniciae
1088 693 1301 742 potestatis
1331 695 1523 738 evectum,
1554 696 1594 730 et
1623 688 1680 740 II,

134 763 188 806 99
219 762 442 805 Tiberium
471 762 718 803 tribuniciae
738 762 952 814 potestatis
976 764 1230 802 consortione
1252 769 1472 816 aequatum
1497 764 1683 816 Augusto

135 836 211 893 (cf.
243 835 309 886 II,
349 835 445 888 103)
483 842 524 877 et
566 849 664 876 cum
700 833 878 875 Tacitus
920 832 1078 875 Annal.
1107 834 1142 884 I,
1173 834 1197 876 3
1237 834 1421 876 eundem
1460 833 1683 876 Tiberium

135 915 357 949 consortem
390 908 635 948 tribuniciae
662 908 876 961 potestatis
906 906 1103 962 appellat,
1134 913 1262 948 totam
1299 906 1570 949 tribuniciam
1605 922 1684 964 po-

135 987 331 1022 testatem
381 994 465 1022 non
510 993 687 1021 neeesse
735 985 799 1020 est
839 978 1130 1020 existimemus
1177 994 1271 1021 esse
1314 980 1683 1022 communicatam.

135 1052 277 1095 Multo
328 1059 468 1095 autem
514 1053 654 1094 minus
696 1066 775 1094 nos
813 1051 1002 1093 movebit
1038 1051 1202 1094 Tiberii
1241 1052 1355 1108 apud
1393 1051 1496 1094 Tac.
1528 1052 1684 1095 Annal.

135 1125 216 1175 III,
249 1125 302 1168 56
341 1125 489 1175 oratio,
532 1125 604 1180 qui
641 1125 790 1166 Druso
833 1124 920 1165 filio
960 1124 1138 1166 eandem
1185 1131 1437 1181 potestatem
1473 1140 1497 1166 a
1535 1131 1684 1167 senatu

138 1197 320 1253 petebat,
348 1212 434 1253 quo
457 1198 552 1239 loco
582 1212 678 1239 eum
709 1198 829 1254 origo
859 1196 1111 1239 tribuniciae
1140 1197 1363 1253 potestatis
1381 1198 1683 1253 imperatorum

135 1270 289 1312 leviter
314 1269 611 1320 adumbretur,
648 1270 732 1312 iam
769 1285 900 1326 supra
930 1270 983 1313 ab
1017 1270 1138 1312 initio
1167 1270 1296 1313 huius
1325 1270 1586 1326 quaestionis
1615 1269 1684 1311 usi

139 1357 303 1385 sumus.
364 1345 527 1384 Socium
563 1346 648 1383 eius
681 1345 906 1396 potestatis,
938 1346 1088 1397 inquit,
1119 1349 1337 1397 Augustus
1370 1343 1579 1384 Tiberium
1610 1345 1686 1384 Ne-

136 1429 276 1456 ronem
307 1417 466 1468 delegit,
494 1431 546 1455 ne
573 1430 773 1455 successor
806 1417 851 1455 in
882 1418 1037 1456 incerto
1052 1419 1187 1469 soret.
1234 1418 1303 1456 Sic
1332 1416 1510 1456 cohiberi
1531 1429 1687 1468 pravas

137 1489 317 1528 aliorum
354 1502 439 1540 spes
474 1488 668 1537 rebatur3
707 1489 833 1528 simul
865 1490 1083 1529 modestiae
1112 1491 1285 1529 Neronis
1320 1494 1359 1527 et
1392 1502 1491 1528 suae
1520 1491 1685 1541 magni-

137 1561 279 1600 tudini
304 1559 478 1613 fidebat.
534 1557 604 1602 Ac
649 1560 778 1615 paulo
816 1566 932 1615 post:
983 1562 1069 1607 Quo
1116 1567 1216 1601 tunc
1261 1562 1443 1612 exemplo
1499 1560 1688 1601 Tiberius

139 1634 322 1672 Drusum
353 1647 536 1672 summae
563 1635 626 1673 rei
652 1634 850 1682 admovet,
875 1647 966 1673 cum
990 1635 1192 1674 incolumi
1214 1635 1459 1674 Germanico
1476 1634 1686 1685 integrum

137 1706 247 1744 inter
286 1704 386 1744 duos
419 1705 620 1745 iudicium
653 1707 857 1745 tenuisset.
892 1729 942 1735 ᾳ
977 1706 1112 1758 Neque
1151 1719 1266 1744 nunc
1297 1718 1485 1757 propere,
1516 1705 1586 1745 sed
1609 1718 1688 1757 per

138 1783 225 1817 octo
255 1791 387 1817 annos
417 1783 536 1830 capto
566 1779 852 1830 experimento,
885 1780 1118 1830 compressis
1152 1777 1429 1827 seditionibus,
1460 1779 1688 1831 compositis

136 1849 261 1899 bellis,
291 1850 583 1902 triumphalem
615 1855 654 1889 et
682 1849 740 1890 bis
769 1851 986 1900 consulem,
1016 1852 1108 1889 noti
1130 1850 1280 1890 laboris
1296 1852 1543 1902 participem
1567 1852 1687 1891 sumi.

137 1920 190 1962 In
229 1921 389 1977 quibus
430 1920 628 1963 omnibus
670 1920 777 1963 nihil
813 1927 891 1970 est,
930 1921 1046 1977 quod
1085 1935 1166 1963 non
1207 1927 1395 1963 nostram
1431 1921 1485 1963 de
1524 1921 1687 1964 minore

139 1993 324 2048 quadam
344 1993 574 2036 tribunicia
592 1999 814 2049 potestate,
833 2008 917 2049 qua
935 1993 1008 2048 qui
1028 2007 1300 2035 successores
1316 1993 1482 2049 imperii
1499 1993 1688 2036 destina-

139 2065 309 2115 bantur,
344 2065 414 2108 usi
446 2065 543 2115 sint,
576 2066 826 2108 sententiam
860 2065 1066 2107 admittat.
1111 2064 1242 2119 Quod
1275 2073 1416 2108 autem
1446 2066 1687 2122 exemplum

140 2137 304 2194 priores
333 2137 611 2194 imperatores
642 2137 862 2189 dederant,
895 2139 1030 2180 secuti
1061 2146 1160 2180 sunt
1185 2139 1351 2194 reliqui.
1394 2138 1504 2180 Nam
1520 2138 1687 2195 Vespa-

143 2209 303 2258 sianus,
340 2216 390 2251 ut
419 2225 563 2252 rerum
593 2210 754 2266 potitus
785 2217 863 2260 est,
897 2210 1043 2252 Titum
1071 2210 1207 2252 filium
1242 2214 1439 2263 collegam
1470 2217 1509 2251 et
1539 2214 1583 2251 in
1614 2213 1687 2251 tri-

141 2282 308 2322 bunicia
332 2289 529 2335 potestate
557 2289 597 2323 et
615 2285 661 2324 in
686 2290 833 2336 septem
856 2284 1133 2324 consulatibus
1150 2283 1303 2325 ascivit
1319 2280 1459 2337 (Suet.
1472 2281 1558 2324 Tit.
1575 2297 1610 2325 c.
1625 2282 1686 2337 6),

141 2353 391 2396 Hadrianus
425 2354 692 2397 Antoninum
722 2355 864 2405 Pium,
895 2370 1022 2410 quem
1051 2369 1345 2397 successorem
1375 2354 1575 2410 elegerat,
1609 2358 1688 2396 col-

141 2428 274 2479 legam
313 2433 354 2466 et
382 2429 428 2467 in
457 2430 627 2480 imperio
665 2430 880 2469 consulari
903 2434 941 2468 et
969 2430 1015 2468 in
1047 2428 1271 2468 tribunicia
1296 2433 1495 2479 potestate
1525 2424 1687 2483 (Capit.

142 2498 245 2541 Ant.
274 2513 309 2540 c.
339 2497 399 2554 4),
431 2499 494 2541 Μ.
526 2499 733 2542 Aurelius
766 2497 1054 2542 Commodum
1092 2499 1228 2541 filium
1257 2501 1454 2552 collegam
1487 2501 1532 2539 in
1561 2500 1688 2540 tribu—

140 2573 256 2617 nicia
277 2578 477 2625 potestate
508 2571 590 2614 sibi
622 2572 818 2614 adiunxit
850 2571 1011 2629 (Capit.
1034 2571 1097 2613 M.
1123 2571 1274 2614 Aurel.
1302 2586 1338 2613 c.
1368 2570 1455 2626 27).

257 2642 381 2697 Quae
399 2643 535 2699 igitur
553 2643 730 2700 imperio
752 2645 1019 2688 consuetudo
1037 2643 1179 2694 fuerit,
1197 2643 1489 2700 intelligimus.
1522 2643 1687 2698 Quam-

143 2730 271 2771 quam
301 2716 494 2771 profecto
523 2715 768 2759 coniectura
795 2717 914 2767 haec,
944 2732 1053 2772 quae
1084 2717 1137 2758 de
1165 2717 1327 2758 minore
1353 2715 1582 2758 tribunicia
1611 2730 1688 2772 po-

143 2794 294 2830 testate
331 2787 670 2844 disputavimus,
705 2789 783 2831 niti
813 2789 1060 2845 incertaque
1096 2803 1191 2831 esse
1220 2788 1345 2831 facile
1374 2787 1457 2844 ipsi
1489 2787 1688 2831 coneedi-

144 2874 254 2910 mus,
290 2875 400 2916 quae
433 2860 469 2902 si
508 2859 602 2903 aliis
633 2862 898 2918 argumentis
934 2861 1313 2911 confirmabuntur,
1350 2859 1405 2902 ad
1434 2860 1589 2903 multas
1619 2875 1688 2904 res
