1846 3100
8 1071 23 1146 ἔ

0 1147 19 1198 ,ςὲ

0 1200 17 1260 z

0 1253 14 1309 ‚z

3 1317 13 1333 ὃ

0 1342 10 1386 ἓ

566 140 620 172 De
645 138 759 172 Gallia
785 138 1019 170 Romanorum
1055 137 1239 179 provincia.
1624 135 1677 179 77

128 251 291 294 vincias
320 266 346 293 a
373 256 523 292 senatu
563 256 789 303 antequam
832 247 1165 303 designarentur
1203 246 1397 289 decretas
1436 246 1678 296 habuerint,

129 323 340 365 incertum
367 329 508 379 potest
544 321 695 364 videri.
753 318 937 360 Dubitat
977 325 1090 360 certe
1119 316 1380 361 Garatonius
1411 319 1465 360 ad
1497 317 1590 361 Cic.
1624 319 1678 361 de

129 410 248 452 prov.
264 409 380 437 cons.
400 401 527 444 extr.;
562 393 761 448 equidem
793 406 877 433 non
908 390 1191 432 dubitandum
1215 407 1309 434 esse
1337 391 1545 441 existimo,
1576 391 1678 446 quin

131 474 304 509 senatus
340 481 452 508 anno
480 466 556 515 56,
599 480 698 508 cum
730 463 884 506 Cicero
916 462 1071 504 acriter
1095 460 1294 506 Caesaris
1331 463 1574 520 provincias
1603 463 1680 505 de-

130 539 360 588 fendisset,
402 537 653 581 consulibus
681 536 840 578 futuris
877 533 1047 591 Syriam
1077 542 1118 576 et
1148 535 1404 592 Hispaniam
1433 536 1680 578 ulteriorem

132 611 383 654 decreverit.
440 610 613 653 Etenim
645 607 796 652 Cicero
837 608 890 650 de
930 622 1051 663 prov.
1082 623 1198 650 cons.
1230 624 1265 651 c.
1297 609 1322 652 ‘2
1352 617 1555 665 quattuor
1585 623 1679 650 esse

131 684 190 726 ait
214 682 476 740 provincias,
518 682 572 724 de
602 682 759 737 quibus
789 680 1020 723 sententiae
1050 681 1135 723 sint
1163 681 1322 732 dictae,
1363 681 1527 724 Gallias
1556 681 1679 730 duas,

133 754 317 812 Syriam,
334 755 648 804 Macedoniam,
671 770 724 796 ex
746 753 903 809 quibus
930 768 1026 794 cum
1048 752 1226 803 Gallias,
1246 769 1427 809 quarum
1453 754 1679 810 imperium

133 826 295 870 Caesar
323 827 511 876 retinuit,
544 833 706 869 certum
737 826 791 868 sit
816 841 900 867 non
930 840 1024 867 esse
1056 825 1264 875 decretas,
1295 841 1348 867 ne
1379 826 1680 868 Macedoniam

133 899 306 955 quidem
342 900 610 942 consularem
640 900 793 941 factam
825 912 919 939 esse
955 904 1133 947 constat,
1167 898 1243 939 sed
1274 898 1529 954 praetoriam
1540 914 1551 948 3
1583 913 1680 939 nam

135 971 190 1026 Q.
219 972 466 1014 Ancharius
491 971 544 1013 L.
569 971 718 1013 Pisoni
748 970 955 1012 successit
980 968 1242 1022 (Comment.
1275 970 1495 1026 epigraph.
1523 970 1616 1012 Vol.
1636 970 1682 1012 II

135 1061 175 1101 p.
203 1044 320 1099 201).
375 1043 521 1097 Quare
549 1058 658 1099 quae
688 1059 739 1085 ex
767 1050 970 1098 quattuor
998 1042 1082 1083 illis
1116 1050 1311 1097 superest
1345 1040 1484 1097 Syria,
1514 1057 1610 1084 cum
1640 1050 1681 1083 et

133 1133 158 1159 a
184 1118 391 1174 principio
425 1124 754 1159 commemorata
786 1116 839 1157 sit
880 1123 921 1156 et
960 1114 1131 1156 tandem
1161 1114 1280 1155 alteri
1313 1114 1539 1156 consulum
1572 1114 1682 1156 obti-

135 1190 258 1247 gerit,
300 1189 537 1232 rectissime
569 1188 787 1230 videbitur
816 1188 900 1229 iam
930 1195 1032 1228 tunc
1061 1201 1156 1228 esse
1186 1186 1369 1228 decreta.
1426 1186 1682 1242 Hispaniam

135 1268 277 1302 autem
299 1261 543 1302 ulteriorem
570 1268 619 1302 ut
641 1260 762 1302 alteri
781 1259 1006 1301 consulum
1026 1259 1392 1315 designandorum
1409 1259 1682 1301 constitutam

136 1347 230 1375 esse
261 1333 520 1382 existimem,
568 1333 748 1388 primum
784 1333 891 1374 haec
929 1347 1057 1374 causa
1089 1339 1174 1381 est,
1216 1331 1332 1386 quod
1363 1331 1522 1372 nullam
1558 1331 1683 1373 aliam

136 1405 263 1448 video
293 1405 428 1447 fuisse
455 1420 582 1460 quam
604 1405 909 1453 decernerent3
942 1419 1037 1445 nam
1055 1402 1185 1445 Creta
1201 1411 1242 1445 et
1261 1401 1456 1458 Cyrenae
1476 1412 1517 1445 et
1536 1403 1685 1445 Africa

137 1486 178 1519 et
195 1475 343 1519 Sicilia
365 1492 583 1532 nunquam
611 1492 687 1533 per
714 1477 820 1519 haec
846 1483 1036 1532 tempora
1053 1476 1300 1517 consulares
1319 1476 1506 1524 fuerunt,
1531 1475 1684 1531 Bithy-

136 1549 265 1600 niam,
299 1565 351 1591 ex
381 1565 465 1604 quo
496 1550 551 1592 ad
569 1546 785 1591 Romanos
804 1548 1013 1604 pervenit,
1040 1547 1355 1603 pacatissimam
1376 1562 1543 1602 semper
1562 1562 1684 1602 prae-

135 1622 233 1663 torii
256 1629 499 1672 tenuerunt,
531 1620 774 1664 Sardiniam
802 1621 912 1662 rexit.
940 1634 1052 1661 anno
1081 1620 1133 1662 55
1159 1619 1221 1660 M.
1242 1619 1451 1660 Aemilius
1479 1620 1684 1668 Scaurus,

138 1694 288 1736 Asiam
329 1692 380 1736 C.
421 1692 603 1735 Clodius
644 1693 857 1743 Pulcher,
904 1692 1156 1749 Hispaniam
1199 1691 1435 1732 citeriorem
1477 1706 1588 1732 anno
1629 1691 1679 1733 57

137 1773 352 1822 acceptam
380 1765 694 1808 administravit
720 1764 775 1818 Q.
806 1765 1008 1806 Metellus
1037 1763 1206 1819 Nepos,
1247 1763 1319 1818 qui
1360 1778 1457 1805 cum
1488 1777 1598 1804 anno
1627 1763 1680 1806 56

139 1837 183 1878 in
226 1838 487 1893 provinciam
531 1837 806 1894 proficiscens
850 1837 1017 1879 Lucam
1060 1835 1114 1878 ad
1161 1833 1211 1877 C.
1252 1832 1479 1876 Caesarem
1525 1834 1686 1876 adisset

139 1909 272 1965 (Plut.
301 1908 427 1952 Caes.
461 1924 496 1952 c.
530 1909 625 1964 21),
663 1925 712 1951 ea
753 1910 925 1952 videtur
960 1909 1122 1951 Romae
1161 1907 1297 1963 gratia
1336 1921 1443 1949 usus
1476 1921 1594 1956 esse,
1639 1914 1688 1947 ut

141 1996 266 2023 nemo
307 1981 361 2023 de
409 1997 658 2024 successore
698 1982 736 2023 ei
777 1981 983 2023 mittendo
1017 1980 1244 2036 cogitaret,
1286 1977 1463 2021 Ciliciae
1502 1978 1686 2033 denique

138 2053 188 2095 P.
204 2053 418 2095 Lentulus
439 2052 642 2110 Spinther
658 2062 866 2110 praeerat,
885 2054 954 2095 cui
978 2053 1151 2094 demum
1168 2065 1277 2093 anno
1295 2051 1347 2093 54
1364 2051 1534 2107 Appius
1553 2048 1685 2092 Clau-

139 2125 239 2167 dius
268 2126 476 2168 successit
511 2123 625 2181 (Cic.
654 2126 775 2181 epist.
795 2126 829 2175 I,
862 2125 1006 2180 9‚20).
1049 2125 1116 2166 Ita
1142 2139 1229 2165 una
1258 2123 1468 2179 Hispania
1497 2122 1686 2172 ulterior,

140 2211 248 2251 quae
275 2203 379 2238 tunc
408 2197 580 2239 decerni
609 2197 809 2253 potuerit,
838 2196 1108 2251 relinquitur.
1156 2195 1240 2237 His
1271 2195 1406 2251 igitur
1437 2194 1684 2250 provinciis,

143 2268 271 2324 Syria
300 2275 342 2311 et
368 2269 579 2325 Hispania
606 2269 830 2318 ulteriore,
870 2268 914 2309 in
939 2268 1149 2309 incertum
1181 2267 1453 2309 comitiorum
1485 2273 1686 2308 eventum

141 2340 326 2383 decretis
355 2341 625 2383 consulatum
649 2341 838 2382 inierunt
866 2328 976 2381 anno
996 2340 1048 2380 55
1069 2337 1150 2381 Cn.
1167 2338 1399 2394 Pompeius
1419 2345 1460 2379 et
1475 2337 1536 2378 M.
1556 2335 1688 2379 Cras-

144 2427 239 2463 sus,
283 2427 391 2468 quos
430 2413 638 2463 diximus,
685 2413 759 2468 qui
805 2427 902 2454 cum
940 2411 1173 2467 potentiam
1216 2408 1392 2453 Caesari
1432 2423 1600 2464 parem,
1648 2416 1690 2450 et

142 2499 341 2540 magnam
373 2491 415 2527 et
441 2485 708 2534 diuturnam,
746 2483 1119 2540 concupiscerent,
1157 2483 1210 2524 iis
1240 2496 1348 2536 quae
1385 2495 1463 2536 per
1495 2487 1688 2522 senatum

131 2556 298 2598 'habere
325 2564 532 2612 poterant,
562 2572 712 2612 parum
743 2555 942 2606 contenti,
971 2555 1072 2596 item
1097 2569 1175 2610 per
1203 2552 1410 2609 populum
1427 2566 1554 2606 agere
1584 2566 1709 2593 con-⁴

145 2629 375 2672 stituerunt
400 2642 450 2669 ac
481 2627 533 2668 L.
565 2627 829 2670 Trebonium
855 2634 1095 2676 moverunt,
1127 2633 1175 2667 ut
1201 2626 1341 2681 legem
1371 2624 1425 2665 de
1455 2624 1686 2679 provinciis

145 2697 446 2742 consularibus
475 2699 775 2755 promulgaret.
834 2699 934 2752 Qua
967 2699 1010 2740 in
1049 2713 1095 2740 re
1126 2698 1197 2739 ille
1238 2695 1484 2738 imitabatur
1512 2710 1688 2750 prorsus

146 2770 197 2814 C.
223 2771 445 2814 Vatinium
473 2770 648 2826 parique
685 2771 857 2813 fortuna
891 2771 1065 2813 videtur
1102 2784 1197 2811 esse
1228 2769 1415 2810 adiutus.
1477 2767 1689 2810 Existimo

147 2843 256 2884 enim
292 2842 347 2896 Q.
378 2841 602 2884 Metellum
623 2841 832 2898 Nepotem
858 2843 953 2896 ipso
983 2842 1065 2883 hoc
1095 2856 1203 2883 anno
1234 2840 1285 2882 55
1316 2840 1358 2880 in
1385 2839 1689 2895 proconsulatu
