1846 3100
173 127 252 170 152
613 130 667 163 De
695 129 808 164 Gallia
833 131 1068 164 Romanorum
1089 133 1272 174 provincia.

169 254 298 295 quem
343 255 475 297 supra
513 256 554 297 p.
594 240 669 283 129
711 239 898 282 vidimus
937 238 1184 283 Germanici
1225 242 1327 285 olim
1362 242 1574 299 legatum,
1626 251 1717 286 tum

170 311 344 355 Africae
387 314 523 357 fuisse
566 312 880 370 proconsulem.
956 312 1124 366 Quare,
1167 314 1201 356 si
1239 322 1354 358 recte
1393 313 1445 358 C.
1487 315 1716 360 Visellium

169 385 431 429 coniecimus
461 369 574 429 anno
603 386 656 428 23
686 385 940 435 decessisse,
971 400 1021 428 ac
1047 385 1101 428 L.
1132 386 1397 443 Apronium,
1427 402 1524 430 cum
1551 388 1715 431 Frisios

169 466 460 514 oppugnaret,
496 474 647 502 recens
677 457 928 507 advenisse,
958 457 1096 500 videri
1125 459 1280 515 poterit
1306 461 1436 502 unius
1465 460 1596 516 legati
1626 475 1716 504 me-

169 531 304 574 moria
341 532 636 581 intercidisse,
678 530 754 573 sed
791 527 1055 586 probabilius
1090 536 1232 573 tamen
1275 538 1362 582 est,
1404 547 1503 575 cum
1543 532 1719 576 inferior

169 604 382 647 exercitus
431 603 653 646 biennium
696 602 765 644 vel
807 601 1138 657 quadriennium
1183 603 1274 646 sine
1316 603 1459 658 legato
1502 605 1716 648 consulari

169 678 336 728 fuisset,
364 676 608 733 Apronium
636 676 749 718 circa
774 689 932 717 annum
955 674 1008 717 26
1036 675 1080 716 in
1098 673 1374 719 Germaniam
1401 691 1496 720 esse
1521 677 1716 720 missum.

169 750 339 792 Etenim
373 747 424 791 C.
445 747 552 792 Silio
583 763 711 804 quem
741 747 1002 790 successisse
1027 749 1254 803 putamus?
1299 748 1437 791 Nemo
1457 749 1715 800 nominatur,

170 822 247 864 sed
274 822 320 864 in
341 822 578 865 Frisiorum
598 821 711 881 bello
729 821 831 863 Tac.
849 821 963 863 Ann.
979 819 1059 871 IV,
1077 821 1130 863 73
1154 820 1207 862 L.
1223 820 1465 877 Apronium
1488 821 1547 863 ait
1563 823 1717 863 vexilla

168 897 377 948 legionum
417 911 437 936 e
473 897 680 948 superiore
707 896 928 947 provincia
960 895 1222 946 peditumque
1255 900 1295 934 et
1322 896 1504 947 equitum
1535 897 1718 936 auxilia-

168 972 277 1008 rium
316 969 484 1009 delectos
527 966 735 1009 accivisse
773 973 899 1021 atque
938 972 1159 1019 utrumque
1195 969 1420 1006 exercitum
1460 965 1613 1008 Frisiis
1649 965 1715 1007 in-

168 1041 332 1091 tulisse,
361 1040 404 1081 in
434 1039 594 1095 quibus
620 1046 783 1081 certum
808 1045 1111 1094 argumentum
1130 1037 1418 1094 deprehendo,
1449 1035 1534 1094 quo
1553 1038 1719 1080 nullum

168 1122 272 1155 tunc
312 1112 543 1169 superioris
575 1110 831 1154 Germaniae
873 1111 1138 1152 consularem
1177 1111 1367 1167 legatum
1401 1111 1537 1154 fuisse
1563 1109 1718 1152 intelli-

170 1200 290 1241 gam,
334 1184 407 1240 qui
437 1183 474 1226 si
502 1171 678 1233 fuisset,
717 1189 791 1225 aut
820 1183 912 1239 ipse
945 1197 1044 1225 cum
1073 1182 1267 1239 Apronio
1297 1183 1611 1239 expeditionem
1641 1182 1718 1224 ad·
1780 1183 1783 1185 ’

169 1272 321 1299 versus
365 1255 571 1298 barbaros
614 1255 900 1311 suscepisset,
945 1262 1018 1297 aut
1058 1262 1171 1297 certe
1211 1255 1495 1298 nominandus
1536 1262 1626 1296 erat
1664 1254 1718 1296 ab

171 1328 334 1371 Tacito.
397 1327 543 1382 Quare
573 1344 599 1370 a
625 1326 675 1370 C.
707 1326 813 1370 Silio
842 1342 979 1382 usque
1007 1327 1062 1369 ad
1091 1342 1250 1369 annum
1275 1327 1343 1377 29,
1375 1327 1403 1368 i.
1422 1342 1459 1369 e.
1490 1341 1565 1384 per
1590 1325 1717 1382 quin-

168 1401 403 1456 quennium
429 1401 533 1450 fere,
567 1400 828 1456 superiorem
848 1399 1123 1442 Germaniam
1150 1400 1292 1456 legato
1313 1399 1504 1455 Augusti
1527 1399 1717 1441 caruisse

169 1489 323 1516 censeo
352 1472 686 1528 addendumque
714 1472 793 1515 erit
822 1472 905 1514 hoc
936 1472 1178 1529 exemplum
1202 1472 1268 1522 iis,
1299 1487 1408 1527 quae
1433 1487 1458 1514 a
1480 1470 1600 1514 Suet.
1621 1470 1718 1513 Tib.

169 1561 205 1589 c.
235 1546 283 1588 41
323 1546 583 1595 afferuntur,
624 1545 677 1587 de
711 1545 869 1600 quibus
906 1546 951 1587 in
983 1552 1208 1588 comment..
1238 1544 1458 1600 epigraph.
1485 1543 1532 1586 II
1562 1559 1605 1600 p.
1638 1544 1717 1587 132

170 1618 502 1675 disputavimus.
568 1617 740 1659 Etenim
779 1632 889 1660 anno
922 1618 974 1660 29
1014 1615 1159 1659 Seiani
1195 1631 1323 1673 opera
1362 1616 1572 1672 superiori
1605 1614 1718 1659 Ger-

170 1691 336 1734 maniae
366 1692 608 1747 praefectus
641 1697 706 1732 est
731 1688 812 1732 Cn.
837 1688 1066 1732 Cornelius
1094 1689 1307 1731 Lentulus
1334 1687 1601 1739 Gaetulicus,
1631 1703 1717 1732 cos.

169 1764 269 1806 anni
296 1763 364 1813 26,
394 1763 501 1813 eius,
531 1763 605 1818 qui
635 1764 783 1805 ann01
817 1778 854 1804 a.
875 1760 978 1804 Chr.
1009 1762 1280 1804 consulatum
1309 1768 1503 1817 gesserat
1532 1760 1718 1817 primus-

169 1850 253 1892 que
299 1820 489 1877 familiae
523 1833 738 1878 Gaetulici
779 1850 933 1877 nomen
972 1835 1158 1890 peperit,
1207 1834 1330 1888 (Tac.
1370 1834 1485 1876 Ann.
1521 1833 1601 1883 IV,
1645 1833 1720 1888 44)

169 1909 300 1950 filius.
359 1907 474 1949 Eum
505 1915 660 1957 autem,
693 1908 890 1963 quamvis
921 1914 1033 1949 esset
1065 1905 1210 1949 Seiani
1239 1906 1393 1956 affinis,
1424 1913 1565 1949 tamen
1593 1906 1720 1948 etiam

172 1988 271 2037 post
311 1981 404 2023 eius
446 1981 620 2022 caedem
659 1980 918 2022 incolumem
956 1979 1090 2021 fuisse
1122 1993 1362 2035 magnaque
1393 1977 1556 2020 Tiberii
1583 1977 1721 2034 gratia

170 2054 389 2095 florentem
427 2051 683 2095 Germaniae
725 2052 963 2108 praefuisse
1006 2052 1064 2094 ait
1099 2051 1202 2093 Tac.
1242 2050 1398 2092 Annal.
1425 2050 1503 2100 VI,
1537 2050 1611 2100 30,
1652 2065 1719 2092 res

171 2125 271 2167 anni
302 2125 353 2167 334
384 2125 589 2174 referens,
623 2124 952 2179 accuratiusque
983 2123 1071 2165 Dio
1098 2122 1225 2173 LIX,
1255 2123 1309 2165 22
1338 2137 1450 2173 eum,
1482 2137 1580 2164 cum
1609 2136 1720 2164 anno
1767 2164 1769 2166 ,

172 2197 224 2239 39
248 2213 273 2238 a
295 2194 496 2250 Caligula
519 2203 694 2251 propter
721 2195 942 2237 seditionis
969 2194 1258 2250 suspicionem
1285 2193 1426 2250 (Suet.
1446 2193 1601 2237 Claud.
1621 2209 1656 2237 c.
1672 2193 1719 2248 9)

170 2267 495 2319 interficeretur,
526 2268 674 2310 decem
705 2282 839 2309 annos
873 2266 1149 2310 Germaniam
1178 2265 1342 2307 rexisse
1370 2272 1525 2308 narrat.

287 2338 508 2383 Successit
546 2346 689 2382 autem
719 2340 758 2382 ei
793 2338 886 2381 Ser.
919 2337 1139 2394 Sulpicius
1170 2337 1332 2386 Galba,
1369 2337 1427 2388 is,
1465 2337 1539 2393 qui
1573 2344 1720 2393 postea

178 2413 417 2469 imperavit,
450 2427 536 2455 cos.
566 2428 663 2454 ann.
693 2412 759 2461 33,
789 2420 829 2453 et.
859 2410 1034 2466 quidem
1067 2411 1267 2452 continuo
1278 2426 1288 2460 3
1317 2426 1414 2452 nam
1444 2408 1563 2452 Suet.
1593 2409 1720 2452 Galb.

173 2500 208 2527 c.
238 2485 263 2527 6
306 2500 404 2527 eum
436 2491 657 2541 praesente
698 2485 824 2526 etiam
856 2489 959 2524 tunc
991 2481 1102 2524 Gaio
1129 2483 1322 2538 legiones
1353 2480 1632 2525 Germanicas
1665 2482 1720 2524 ad

172 2557 427 2600 modestiam
464 2557 686 2613 redegisse
726 2561 918 2597 testatur.
976 2555 1181 2597 Restituit
1216 2555 1342 2596 etiam
1375 2554 1513 2610 ipsam
1542 2554 1719 2610 provin-

173 2629 281 2671 ciam
311 2627 576 2684 Chattosque
606 2643 717 2670 anno
747 2627 795 2670 41
827 2627 930 2669 vicit
960 2627 1108 2683 (Dion.
1136 2627 1240 2676 LX,
1275 2627 1342 2682 8),
1380 2626 1535 2668 deinde
1563 2640 1718 2682 regens

172 2701 300 2743 etiam
327 2707 429 2743 tunc
451 2700 725 2743 Germaniam
744 2697 990 2748 Claudium,
1019 2699 1088 2741 cui
1114 2698 1448 2741 moderationem
1473 2713 1593 2739 suam
1619 2712 1718 2754 pro-

172 2772 315 2822 barat,
358 2773 403 2814 in
432 2772 696 2815 Britanniam
735 2771 959 2814 comitatus
987 2770 1032 2812 in
1061 2770 1213 2813 urbem
1243 2770 1369 2812 rediit
1401 2785 1511 2812 anno
1541 2769 1614 2818 44,
1653 2769 1719 2810 in-

175 2845 457 2901 sequentique
488 2845 660 2887 biennio
690 2844 884 2886 Africam
912 2859 990 2900 pro
1021 2843 1196 2886 consule
1225 2843 1335 2885 rexit
1365 2842 1508 2898 (Suet.
1527 2839 1654 2883 Galb.
1671 2841 1718 2891 73
