<?xml version="1.0" encoding="UTF-8"?>
<!DOCTYPE html PUBLIC "-//W3C//DTD XHTML 1.0 Transitional//EN"
    "http://www.w3.org/TR/xhtml1/DTD/xhtml1-transitional.dtd">
<html xmlns="http://www.w3.org/1999/xhtml" xml:lang="en" lang="en">
 <head>
  <title>
</title>
<meta http-equiv="Content-Type" content="text/html;charset=utf-8" />
  <meta name='ocr-system' content='tesseract 3.04.00' />
  <meta name='ocr-capabilities' content='ocr_page ocr_carea ocr_par ocr_line ocrx_word'/>
</head>
<body>
  <div class='ocr_page' id='page_1' title='image "./studiaromanasive00zump_0177.png"; bbox 0 0 1846 3100; ppageno 0'>
   <div class='ocr_carea' id='block_1_1' title="bbox 0 1107 24 1730">
    <p class='ocr_par' dir='ltr' id='par_1_1' title="bbox 0 1107 24 1730">
     <span class='ocr_line' id='line_1_1' title="bbox 0 1107 24 1730; baseline 0 1370"><span class='ocrx_word' id='word_1_1' title='bbox 0 1107 24 1730; x_wconf 95' lang='lat' dir='ltr'> </span> 
     </span>
    </p>
   </div>
   <div class='ocr_carea' id='block_1_2' title="bbox 0 2292 26 2842">
    <p class='ocr_par' dir='ltr' id='par_1_2' title="bbox 0 2292 26 2842">
     <span class='ocr_line' id='line_1_2' title="bbox 0 2292 26 2842; baseline 0 258"><span class='ocrx_word' id='word_1_2' title='bbox 0 2292 26 2842; x_wconf 95' lang='lat' dir='ltr'> </span> 
     </span>
    </p>
   </div>
   <div class='ocr_carea' id='block_1_3' title="bbox 482 117 1686 162">
    <p class='ocr_par' dir='ltr' id='par_1_3' title="bbox 482 117 1686 162">
     <span class='ocr_line' id='line_1_3' title="bbox 482 117 1686 162; baseline -0.002 -9"><span class='ocrx_word' id='word_1_3' title='bbox 482 123 536 153; x_wconf 88' lang='lat' dir='ltr'>De</span> <span class='ocrx_word' id='word_1_4' title='bbox 563 120 678 154; x_wconf 77' lang='lat' dir='ltr'>Gallia</span> <span class='ocrx_word' id='word_1_5' title='bbox 701 121 934 153; x_wconf 82' lang='lat' dir='ltr'>Romanorum</span> <span class='ocrx_word' id='word_1_6' title='bbox 961 120 1134 162; x_wconf 82' lang='lat' dir='ltr'>provincia</span> <span class='ocrx_word' id='word_1_7' title='bbox 1160 119 1344 162; x_wconf 75' lang='lat' dir='ltr'><strong>appendix.</strong></span> <span class='ocrx_word' id='word_1_8' title='bbox 1609 117 1686 160; x_wconf 82' lang='grc'>165</span> 
     </span>
    </p>
   </div>
   <div class='ocr_carea' id='block_1_4' title="bbox 129 226 1692 2883">
    <p class='ocr_par' dir='ltr' id='par_1_4' title="bbox 140 226 1686 420">
     <span class='ocr_line' id='line_1_4' title="bbox 140 226 1686 286; baseline -0.003 -11"><span class='ocrx_word' id='word_1_9' title='bbox 140 234 287 275; x_wconf 74' lang='lat' dir='ltr'>habeat</span> <span class='ocrx_word' id='word_1_10' title='bbox 314 232 422 275; x_wconf 91' lang='lat' dir='ltr'>illud</span> <span class='ocrx_word' id='word_1_11' title='bbox 454 232 579 281; x_wconf 83' lang='lat' dir='ltr'>inest,</span> <span class='ocrx_word' id='word_1_12' title='bbox 610 238 658 271; x_wconf 88' lang='lat' dir='ltr'>ut</span> <span class='ocrx_word' id='word_1_13' title='bbox 685 244 768 272; x_wconf 91' lang='lat' dir='ltr'>non</span> <span class='ocrx_word' id='word_1_14' title='bbox 799 228 956 271; x_wconf 86' lang='lat' dir='ltr'>debere</span> <span class='ocrx_word' id='word_1_15' title='bbox 985 226 1159 271; x_wconf 84' lang='lat' dir='ltr'>Caesari</span> <span class='ocrx_word' id='word_1_16' title='bbox 1187 228 1351 271; x_wconf 89' lang='lat' dir='ltr'>diutius</span> <span class='ocrx_word' id='word_1_17' title='bbox 1381 229 1559 272; x_wconf 88' lang='lat' dir='ltr'>concedi</span> <span class='ocrx_word' id='word_1_18' title='bbox 1589 244 1686 286; x_wconf 90' lang='lat' dir='ltr'>pro-</span> 
     </span>
     <span class='ocr_line' id='line_1_5' title="bbox 142 299 1686 352; baseline -0.003 -4"><span class='ocrx_word' id='word_1_19' title='bbox 142 305 324 348; x_wconf 85' lang='lat' dir='ltr'>vinciam</span> <span class='ocrx_word' id='word_1_20' title='bbox 353 302 508 347; x_wconf 89' lang='lat' dir='ltr'>Cicero</span> <span class='ocrx_word' id='word_1_21' title='bbox 539 310 731 352; x_wconf 84' lang='lat' dir='ltr'>censeat3</span> <span class='ocrx_word' id='word_1_22' title='bbox 770 308 915 343; x_wconf 89' lang='lat' dir='ltr'>utrum</span> <span class='ocrx_word' id='word_1_23' title='bbox 945 299 1097 342; x_wconf 87' lang='lat' dir='ltr'>habeat</span> <span class='ocrx_word' id='word_1_24' title='bbox 1125 300 1197 342; x_wconf 91' lang='lat' dir='ltr'>ille</span> <span class='ocrx_word' id='word_1_25' title='bbox 1227 301 1313 344; x_wconf 87' lang='lat' dir='ltr'>iam</span> <span class='ocrx_word' id='word_1_26' title='bbox 1342 300 1505 344; x_wconf 88' lang='lat' dir='ltr'>diutius</span> <span class='ocrx_word' id='word_1_27' title='bbox 1536 316 1686 351; x_wconf 90' lang='lat' dir='ltr'>necne,</span> 
     </span>
     <span class='ocr_line' id='line_1_6' title="bbox 141 376 512 420; baseline -0.008 0"><span class='ocrx_word' id='word_1_28' title='bbox 141 392 225 420; x_wconf 90' lang='lat' dir='ltr'>non</span> <span class='ocrx_word' id='word_1_29' title='bbox 254 376 512 419; x_wconf 79' lang='lat' dir='ltr'>decernitur.</span> 
     </span>
    </p>

    <p class='ocr_par' dir='ltr' id='par_1_5' title="bbox 129 444 1692 1590">
     <span class='ocr_line' id='line_1_7' title="bbox 252 444 1687 504; baseline -0.003 -12"><span class='ocrx_word' id='word_1_30' title='bbox 252 450 388 492; x_wconf 88' lang='lat' dir='ltr'>Paulo</span> <span class='ocrx_word' id='word_1_31' title='bbox 420 449 545 504; x_wconf 90' lang='lat' dir='ltr'>plura</span> <span class='ocrx_word' id='word_1_32' title='bbox 589 448 643 490; x_wconf 90' lang='lat' dir='ltr'>de</span> <span class='ocrx_word' id='word_1_33' title='bbox 673 445 882 489; x_wconf 79' lang='lat' dir='ltr'>Cicerone</span> <span class='ocrx_word' id='word_1_34' title='bbox 924 445 1111 487; x_wconf 82' lang='lat' dir='ltr'>diximus</span> <span class='ocrx_word' id='word_1_35' title='bbox 1142 444 1287 495; x_wconf 90' lang='lat' dir='ltr'>inviti,</span> <span class='ocrx_word' id='word_1_36' title='bbox 1326 461 1465 502; x_wconf 90' lang='lat' dir='ltr'>pauca</span> <span class='ocrx_word' id='word_1_37' title='bbox 1493 446 1687 488; x_wconf 84' lang='lat' dir='ltr'>dicemus</span> 
     </span>
     <span class='ocr_line' id='line_1_8' title="bbox 141 517 1687 574; baseline -0.003 -9"><span class='ocrx_word' id='word_1_38' title='bbox 141 523 195 565; x_wconf 87' lang='lat' dir='ltr'>de</span> <span class='ocrx_word' id='word_1_39' title='bbox 223 520 409 564; x_wconf 82' lang='lat' dir='ltr'>Caesare</span> <span class='ocrx_word' id='word_1_40' title='bbox 435 520 534 562; x_wconf 85' lang='lat' dir='ltr'>bell.</span> <span class='ocrx_word' id='word_1_41' title='bbox 563 520 644 562; x_wconf 79' lang='lat' dir='ltr'>ciV.</span> <span class='ocrx_word' id='word_1_42' title='bbox 673 519 708 567; x_wconf 89' lang='grc' dir='ltr'>Ι,</span> <span class='ocrx_word' id='word_1_43' title='bbox 739 519 788 569; x_wconf 88' lang='grc'>9,</span> <span class='ocrx_word' id='word_1_44' title='bbox 827 519 900 574; x_wconf 93' lang='lat' dir='ltr'>qui</span> <span class='ocrx_word' id='word_1_45' title='bbox 930 519 1103 560; x_wconf 90' lang='lat' dir='ltr'>ineunte</span> <span class='ocrx_word' id='word_1_46' title='bbox 1132 532 1243 559; x_wconf 89' lang='lat' dir='ltr'>anno</span> <span class='ocrx_word' id='word_1_47' title='bbox 1272 517 1323 559; x_wconf 74' lang='lat'>49</span> <span class='ocrx_word' id='word_1_48' title='bbox 1350 518 1405 560; x_wconf 90' lang='lat' dir='ltr'>ad</span> <span class='ocrx_word' id='word_1_49' title='bbox 1433 518 1687 574; x_wconf 89' lang='lat' dir='ltr'>Pompeium</span> 
     </span>
     <span class='ocr_line' id='line_1_9' title="bbox 143 591 1686 650; baseline -0.005 -13"><span class='ocrx_word' id='word_1_50' title='bbox 143 596 205 637; x_wconf 89' lang='lat' dir='ltr'>sic</span> <span class='ocrx_word' id='word_1_51' title='bbox 233 593 456 650; x_wconf 81' lang='lat' dir='ltr'>scripsisse</span> <span class='ocrx_word' id='word_1_52' title='bbox 489 606 534 634; x_wconf 89' lang='lat' dir='ltr'>se</span> <span class='ocrx_word' id='word_1_53' title='bbox 564 600 727 633; x_wconf 85' lang='lat' dir='ltr'>narrat:</span> <span class='ocrx_word' id='word_1_54' title='bbox 778 593 967 632; x_wconf 74' lang='lat' dir='ltr'>Doluisse.</span> <span class='ocrx_word' id='word_1_55' title='bbox 992 606 1030 631; x_wconf 80' lang='lat' dir='ltr'>se</span> <span class='ocrx_word' id='word_1_56' title='bbox 1059 591 1167 643; x_wconf 82' lang='lat' dir='ltr'>quod</span> <span class='ocrx_word' id='word_1_57' title='bbox 1187 592 1336 643; x_wconf 75' lang='lat' dir='ltr'>populi</span> <span class='ocrx_word' id='word_1_58' title='bbox 1365 592 1549 631; x_wconf 74' lang='lat' dir='ltr'>Romam·</span> <span class='ocrx_word' id='word_1_59' title='bbox 1574 591 1686 631; x_wconf 80' lang='lat' dir='ltr'>bene-</span> 
     </span>
     <span class='ocr_line' id='line_1_10' title="bbox 129 663 1689 722; baseline -0.004 -13"><span class='ocrx_word' id='word_1_60' title='bbox 129 669 282 722; x_wconf 72' lang='lat' dir='ltr'>ficium</span> <span class='ocrx_word' id='word_1_61' title='bbox 320 666 398 707; x_wconf 84' lang='lat' dir='ltr'>sibi</span> <span class='ocrx_word' id='word_1_62' title='bbox 427 679 502 718; x_wconf 81' lang='lat' dir='ltr'>per</span> <span class='ocrx_word' id='word_1_63' title='bbox 536 666 825 705; x_wconf 73' lang='lat' dir='ltr'>contumeliam</span> <span class='ocrx_word' id='word_1_64' title='bbox 858 663 907 703; x_wconf 82' lang='lat' dir='ltr'>ab</span> <span class='ocrx_word' id='word_1_65' title='bbox 933 664 1113 703; x_wconf 76' lang='lat' dir='ltr'>inimicis</span> <span class='ocrx_word' id='word_1_66' title='bbox 1139 669 1447 715; x_wconf 59' lang='lat' dir='ltr'>extorqueretur</span> <span class='ocrx_word' id='word_1_67' title='bbox 1477 669 1689 715; x_wconf 82' lang='lat' dir='ltr'>ereptoque</span> 
     </span>
     <span class='ocr_line' id='line_1_11' title="bbox 141 735 1686 790; baseline -0.005 -9"><span class='ocrx_word' id='word_1_68' title='bbox 141 741 354 781; x_wconf 79' lang='lat' dir='ltr'>semenstri</span> <span class='ocrx_word' id='word_1_69' title='bbox 379 739 549 790; x_wconf 66' lang='lat' dir='ltr'>imperio</span> <span class='ocrx_word' id='word_1_70' title='bbox 574 738 619 776; x_wconf 74' lang='lat' dir='ltr'>in</span> <span class='ocrx_word' id='word_1_71' title='bbox 643 736 780 776; x_wconf 79' lang='lat' dir='ltr'>urbem</span> <span class='ocrx_word' id='word_1_72' title='bbox 811 736 1104 783; x_wconf 75' lang='lat' dir='ltr'>retraheretur,</span> <span class='ocrx_word' id='word_1_73' title='bbox 1135 737 1253 775; x_wconf 77' lang='lat' dir='ltr'>cuius</span> <span class='ocrx_word' id='word_1_74' title='bbox 1281 735 1456 775; x_wconf 81' lang='lat' dir='ltr'>absentis</span> <span class='ocrx_word' id='word_1_75' title='bbox 1483 737 1686 776; x_wconf 78' lang='lat' dir='ltr'>rationem</span> 
     </span>
     <span class='ocr_line' id='line_1_12' title="bbox 141 805 1688 865; baseline -0.004 -11"><span class='ocrx_word' id='word_1_76' title='bbox 141 813 283 854; x_wconf 78' lang='lat' dir='ltr'>haberi</span> <span class='ocrx_word' id='word_1_77' title='bbox 302 812 504 865; x_wconf 75' lang='lat' dir='ltr'>pro.n&#39;mis</span> <span class='ocrx_word' id='word_1_78' title='bbox 535 810 708 849; x_wconf 80' lang='lat' dir='ltr'>comitiis</span> <span class='ocrx_word' id='word_1_79' title='bbox 726 809 908 860; x_wconf 79' lang='lat' dir='ltr'>pop-ulus</span> <span class='ocrx_word' id='word_1_80' title='bbox 939 808 1125 847; x_wconf 69' lang='lat' dir='ltr'>iussisset.</span> <span class='ocrx_word' id='word_1_81' title='bbox 1192 806 1261 848; x_wconf 91' lang='lat' dir='ltr'>De</span> <span class='ocrx_word' id='word_1_82' title='bbox 1289 805 1356 848; x_wconf 89' lang='lat' dir='ltr'>his</span> <span class='ocrx_word' id='word_1_83' title='bbox 1386 806 1446 848; x_wconf 87' lang='lat' dir='ltr'>ita</span> <span class='ocrx_word' id='word_1_84' title='bbox 1475 806 1688 848; x_wconf 87' lang='lat' dir='ltr'>Hofman-</span> 
     </span>
     <span class='ocr_line' id='line_1_13' title="bbox 142 877 1687 940; baseline -0.003 -14"><span class='ocrx_word' id='word_1_85' title='bbox 142 899 224 926; x_wconf 89' lang='lat' dir='ltr'>nus</span> <span class='ocrx_word' id='word_1_86' title='bbox 254 899 294 940; x_wconf 90' lang='lat' dir='ltr'>p.</span> <span class='ocrx_word' id='word_1_87' title='bbox 325 882 375 925; x_wconf 65' lang='lat'>14</span> <span class='ocrx_word' id='word_1_88' title='bbox 404 881 619 936; x_wconf 85' lang='lat' dir='ltr'>disputat,</span> <span class='ocrx_word' id='word_1_89' title='bbox 661 879 833 922; x_wconf 87' lang='lat' dir='ltr'>comitia</span> <span class='ocrx_word' id='word_1_90' title='bbox 860 879 1052 936; x_wconf 87' lang='lat' dir='ltr'>proxima</span> <span class='ocrx_word' id='word_1_91' title='bbox 1083 877 1169 920; x_wconf 88' lang='lat' dir='ltr'>dici</span> <span class='ocrx_word' id='word_1_92' title='bbox 1197 884 1271 919; x_wconf 91' lang='lat' dir='ltr'>aut</span> <span class='ocrx_word' id='word_1_93' title='bbox 1299 893 1350 920; x_wconf 88' lang='lat' dir='ltr'>ea</span> <span class='ocrx_word' id='word_1_94' title='bbox 1380 893 1489 934; x_wconf 88' lang='lat' dir='ltr'>quae</span> <span class='ocrx_word' id='word_1_95' title='bbox 1517 886 1687 921; x_wconf 87' lang='lat' dir='ltr'>antece-</span> 
     </span>
     <span class='ocr_line' id='line_1_14' title="bbox 143 950 1688 1007; baseline -0.003 -9"><span class='ocrx_word' id='word_1_96' title='bbox 143 956 245 999; x_wconf 83' lang='lat' dir='ltr'>dant</span> <span class='ocrx_word' id='word_1_97' title='bbox 265 955 363 997; x_wconf 87' lang='lat' dir='ltr'>anni</span> <span class='ocrx_word' id='word_1_98' title='bbox 381 954 434 996; x_wconf 79' lang='lat'>50</span> <span class='ocrx_word' id='word_1_99' title='bbox 452 960 524 995; x_wconf 89' lang='lat' dir='ltr'>aut</span> <span class='ocrx_word' id='word_1_100' title='bbox 546 967 655 1007; x_wconf 86' lang='lat' dir='ltr'>quae</span> <span class='ocrx_word' id='word_1_101' title='bbox 675 952 955 1007; x_wconf 86' lang='lat' dir='ltr'>insequantur</span> <span class='ocrx_word' id='word_1_102' title='bbox 971 951 1070 993; x_wconf 89' lang='lat' dir='ltr'>anni</span> <span class='ocrx_word' id='word_1_103' title='bbox 1088 950 1161 1000; x_wconf 76' lang='lat'>493</span> <span class='ocrx_word' id='word_1_104' title='bbox 1188 965 1319 1005; x_wconf 85' lang='lat' dir='ltr'>quare</span> <span class='ocrx_word' id='word_1_105' title='bbox 1339 965 1435 992; x_wconf 85' lang='lat' dir='ltr'>cum</span> <span class='ocrx_word' id='word_1_106' title='bbox 1455 958 1688 993; x_wconf 89' lang='lat' dir='ltr'>semenstre</span> 
     </span>
     <span class='ocr_line' id='line_1_15' title="bbox 142 1015 1690 1084; baseline -0.005 -13"><span class='ocrx_word' id='word_1_107' title='bbox 142 1028 365 1084; x_wconf 88' lang='lat' dir='ltr'>imperium</span> <span class='ocrx_word' id='word_1_108' title='bbox 401 1033 593 1081; x_wconf 88' lang='lat' dir='ltr'>ereptum</span> <span class='ocrx_word' id='word_1_109' title='bbox 631 1039 725 1066; x_wconf 88' lang='lat' dir='ltr'>esse</span> <span class='ocrx_word' id='word_1_110' title='bbox 763 1015 979 1075; x_wconf 74' lang='lat' dir='ltr'>narretur,</span> <span class='ocrx_word' id='word_1_111' title='bbox 1015 1023 1070 1064; x_wconf 90' lang='lat' dir='ltr'>ad</span> <span class='ocrx_word' id='word_1_112' title='bbox 1098 1022 1267 1064; x_wconf 80' lang='lat' dir='ltr'>initium</span> <span class='ocrx_word' id='word_1_113' title='bbox 1297 1030 1371 1063; x_wconf 86' lang='lat' dir='ltr'>aut</span> <span class='ocrx_word' id='word_1_114' title='bbox 1401 1022 1500 1064; x_wconf 90' lang='lat' dir='ltr'>anni</span> <span class='ocrx_word' id='word_1_115' title='bbox 1533 1023 1584 1064; x_wconf 73' lang='lat'>49</span> <span class='ocrx_word' id='word_1_116' title='bbox 1616 1030 1690 1064; x_wconf 86' lang='lat' dir='ltr'>aut</span> 
     </span>
     <span class='ocr_line' id='line_1_16' title="bbox 143 1094 1689 1155; baseline -0.005 -12"><span class='ocrx_word' id='word_1_117' title='bbox 143 1101 242 1144; x_wconf 89' lang='lat' dir='ltr'>anni</span> <span class='ocrx_word' id='word_1_118' title='bbox 268 1100 320 1142; x_wconf 73' lang='lat'>48</span> <span class='ocrx_word' id='word_1_119' title='bbox 351 1097 577 1155; x_wconf 89' lang='lat' dir='ltr'>perveniri,</span> <span class='ocrx_word' id='word_1_120' title='bbox 609 1096 726 1138; x_wconf 92' lang='lat' dir='ltr'>nullo</span> <span class='ocrx_word' id='word_1_121' title='bbox 755 1096 882 1137; x_wconf 91' lang='lat' dir='ltr'>modo</span> <span class='ocrx_word' id='word_1_122' title='bbox 910 1096 964 1138; x_wconf 90' lang='lat' dir='ltr'>ad</span> <span class='ocrx_word' id='word_1_123' title='bbox 994 1095 1160 1137; x_wconf 88' lang='lat' dir='ltr'>initium</span> <span class='ocrx_word' id='word_1_124' title='bbox 1188 1094 1287 1135; x_wconf 85' lang='lat' dir='ltr'>anni</span> <span class='ocrx_word' id='word_1_125' title='bbox 1312 1094 1379 1144; x_wconf 79' lang='lat'>50,</span> <span class='ocrx_word' id='word_1_126' title='bbox 1410 1094 1464 1136; x_wconf 90' lang='lat' dir='ltr'>de</span> <span class='ocrx_word' id='word_1_127' title='bbox 1491 1110 1577 1150; x_wconf 92' lang='lat' dir='ltr'>quo</span> <span class='ocrx_word' id='word_1_128' title='bbox 1602 1095 1689 1137; x_wconf 91' lang='lat' dir='ltr'>Dio</span> 
     </span>
     <span class='ocr_line' id='line_1_17' title="bbox 144 1166 1689 1224; baseline -0.005 -9"><span class='ocrx_word' id='word_1_129' title='bbox 144 1173 304 1216; x_wconf 84' lang='lat' dir='ltr'>credat.</span> <span class='ocrx_word' id='word_1_130' title='bbox 385 1170 598 1212; x_wconf 87' lang='lat' dir='ltr'>Nimirum</span> <span class='ocrx_word' id='word_1_131' title='bbox 641 1169 676 1211; x_wconf 91' lang='lat' dir='ltr'>si</span> <span class='ocrx_word' id='word_1_132' title='bbox 716 1175 947 1211; x_wconf 87' lang='lat' dir='ltr'>semenstre</span> <span class='ocrx_word' id='word_1_133' title='bbox 987 1166 1214 1224; x_wconf 87' lang='lat' dir='ltr'>imperium</span> <span class='ocrx_word' id='word_1_134' title='bbox 1253 1167 1322 1208; x_wconf 91' lang='lat' dir='ltr'>vel</span> <span class='ocrx_word' id='word_1_135' title='bbox 1361 1167 1534 1208; x_wconf 88' lang='lat' dir='ltr'>omnino</span> <span class='ocrx_word' id='word_1_136' title='bbox 1573 1167 1689 1222; x_wconf 90' lang='lat' dir='ltr'>quod</span> 
     </span>
     <span class='ocr_line' id='line_1_18' title="bbox 143 1239 1689 1301; baseline -0.005 -14"><span class='ocrx_word' id='word_1_137' title='bbox 143 1254 311 1301; x_wconf 86' lang='lat' dir='ltr'>tempus</span> <span class='ocrx_word' id='word_1_138' title='bbox 346 1243 400 1286; x_wconf 87' lang='lat' dir='ltr'>ad</span> <span class='ocrx_word' id='word_1_139' title='bbox 439 1242 608 1285; x_wconf 89' lang='lat' dir='ltr'>comitia</span> <span class='ocrx_word' id='word_1_140' title='bbox 649 1241 890 1284; x_wconf 87' lang='lat' dir='ltr'>consularia</span> <span class='ocrx_word' id='word_1_141' title='bbox 927 1239 1186 1298; x_wconf 83' lang='lat' dir='ltr'>pertinebat,</span> <span class='ocrx_word' id='word_1_142' title='bbox 1225 1239 1404 1295; x_wconf 88' lang='lat' dir='ltr'>imperio</span> <span class='ocrx_word' id='word_1_143' title='bbox 1434 1239 1530 1295; x_wconf 87' lang='lat' dir='ltr'>lege</span> <span class='ocrx_word' id='word_1_144' title='bbox 1560 1239 1689 1281; x_wconf 89' lang='lat' dir='ltr'>Pom-</span> 
     </span>
     <span class='ocr_line' id='line_1_19' title="bbox 144 1309 1690 1374; baseline -0.004 -15"><span class='ocrx_word' id='word_1_145' title='bbox 144 1317 239 1374; x_wconf 84' lang='lat' dir='ltr'>peia</span> <span class='ocrx_word' id='word_1_146' title='bbox 267 1316 366 1358; x_wconf 88' lang='lat' dir='ltr'>dato</span> <span class='ocrx_word' id='word_1_147' title='bbox 397 1314 701 1371; x_wconf 86' lang='lat' dir='ltr'>comprehendi</span> <span class='ocrx_word' id='word_1_148' title='bbox 731 1321 968 1369; x_wconf 86' lang='lat' dir='ltr'>oporteret;</span> <span class='ocrx_word' id='word_1_149' title='bbox 1001 1312 1077 1355; x_wconf 90' lang='lat' dir='ltr'>sed</span> <span class='ocrx_word' id='word_1_150' title='bbox 1103 1312 1149 1353; x_wconf 92' lang='lat' dir='ltr'>id</span> <span class='ocrx_word' id='word_1_151' title='bbox 1177 1312 1469 1353; x_wconf 87' lang='lat' dir='ltr'>Hofmannum</span> <span class='ocrx_word' id='word_1_152' title='bbox 1498 1326 1550 1353; x_wconf 83' lang='lat' dir='ltr'>ex</span> <span class='ocrx_word' id='word_1_153' title='bbox 1578 1309 1690 1353; x_wconf 85' lang='lat' dir='ltr'>Sue—</span> 
     </span>
     <span class='ocr_line' id='line_1_20' title="bbox 144 1383 1692 1442; baseline -0.005 -11"><span class='ocrx_word' id='word_1_154' title='bbox 144 1389 248 1432; x_wconf 89' lang='lat' dir='ltr'>tonii</span> <span class='ocrx_word' id='word_1_155' title='bbox 275 1389 370 1431; x_wconf 89' lang='lat' dir='ltr'>loco</span> <span class='ocrx_word' id='word_1_156' title='bbox 401 1387 542 1429; x_wconf 90' lang='lat' dir='ltr'>minus</span> <span class='ocrx_word' id='word_1_157' title='bbox 571 1394 684 1428; x_wconf 89' lang='lat' dir='ltr'>recte</span> <span class='ocrx_word' id='word_1_158' title='bbox 714 1386 923 1442; x_wconf 86' lang='lat' dir='ltr'>explicato</span> <span class='ocrx_word' id='word_1_159' title='bbox 951 1385 1142 1427; x_wconf 86' lang='lat' dir='ltr'>effecisse</span> <span class='ocrx_word' id='word_1_160' title='bbox 1173 1383 1454 1426; x_wconf 85' lang='lat' dir='ltr'>ostendimus.</span> <span class='ocrx_word' id='word_1_161' title='bbox 1506 1383 1574 1425; x_wconf 88' lang='lat' dir='ltr'>Ac</span> <span class='ocrx_word' id='word_1_162' title='bbox 1603 1388 1692 1425; x_wconf 87' lang='lat' dir='ltr'>tota</span> 
     </span>
     <span class='ocr_line' id='line_1_21' title="bbox 143 1455 1690 1514; baseline -0.004 -11"><span class='ocrx_word' id='word_1_163' title='bbox 143 1462 246 1504; x_wconf 84' lang='lat' dir='ltr'>haec</span> <span class='ocrx_word' id='word_1_164' title='bbox 283 1460 390 1502; x_wconf 87' lang='lat' dir='ltr'>ratio</span> <span class='ocrx_word' id='word_1_165' title='bbox 433 1460 488 1500; x_wconf 87' lang='lat' dir='ltr'>ad</span> <span class='ocrx_word' id='word_1_166' title='bbox 517 1474 702 1501; x_wconf 88' lang='lat' dir='ltr'>errorem</span> <span class='ocrx_word' id='word_1_167' title='bbox 732 1459 806 1514; x_wconf 90' lang='lat' dir='ltr'>qui</span> <span class='ocrx_word' id='word_1_168' title='bbox 838 1458 946 1500; x_wconf 89' lang='lat' dir='ltr'>falso</span> <span class='ocrx_word' id='word_1_169' title='bbox 977 1457 1109 1498; x_wconf 88' lang='lat' dir='ltr'>Dioni</span> <span class='ocrx_word' id='word_1_170' title='bbox 1139 1456 1374 1511; x_wconf 82' lang='lat' dir='ltr'>imputatur</span> <span class='ocrx_word' id='word_1_171' title='bbox 1405 1455 1690 1498; x_wconf 85' lang='lat' dir='ltr'>refellendum</span> 
     </span>
     <span class='ocr_line' id='line_1_22' title="bbox 143 1532 339 1590; baseline -0.005 -15"><span class='ocrx_word' id='word_1_172' title='bbox 143 1532 339 1590; x_wconf 88' lang='lat' dir='ltr'>pertinet.</span> 
     </span>
    </p>

    <p class='ocr_par' dir='ltr' id='par_1_6' title="bbox 139 1599 1692 2883">
     <span class='ocr_line' id='line_1_23' title="bbox 252 1599 1690 1658; baseline -0.005 -11"><span class='ocrx_word' id='word_1_173' title='bbox 252 1604 416 1647; x_wconf 88' lang='lat' dir='ltr'>Verum</span> <span class='ocrx_word' id='word_1_174' title='bbox 444 1604 586 1646; x_wconf 87' lang='lat' dir='ltr'>omnia</span> <span class='ocrx_word' id='word_1_175' title='bbox 610 1603 728 1654; x_wconf 89' lang='lat' dir='ltr'>haec,</span> <span class='ocrx_word' id='word_1_176' title='bbox 757 1617 866 1658; x_wconf 90' lang='lat' dir='ltr'>quae</span> <span class='ocrx_word' id='word_1_177' title='bbox 891 1600 1034 1643; x_wconf 91' lang='lat' dir='ltr'>adhuc</span> <span class='ocrx_word' id='word_1_178' title='bbox 1057 1599 1409 1649; x_wconf 86' lang='lat' dir='ltr'>examinavimus,</span> <span class='ocrx_word' id='word_1_179' title='bbox 1433 1599 1478 1640; x_wconf 92' lang='lat' dir='ltr'>in</span> <span class='ocrx_word' id='word_1_180' title='bbox 1500 1613 1611 1641; x_wconf 90' lang='lat' dir='ltr'>anno</span> <span class='ocrx_word' id='word_1_181' title='bbox 1636 1599 1690 1641; x_wconf 87' lang='lat'>50</span> 
     </span>
     <span class='ocr_line' id='line_1_24' title="bbox 144 1671 1690 1730; baseline -0.003 -12"><span class='ocrx_word' id='word_1_182' title='bbox 144 1676 376 1719; x_wconf 82' lang='lat' dir='ltr'>reiiciendo</span> <span class='ocrx_word' id='word_1_183' title='bbox 416 1683 663 1719; x_wconf 85' lang='lat' dir='ltr'>versantur:</span> <span class='ocrx_word' id='word_1_184' title='bbox 711 1690 820 1730; x_wconf 88' lang='lat' dir='ltr'>quae</span> <span class='ocrx_word' id='word_1_185' title='bbox 860 1672 1069 1730; x_wconf 88' lang='lat' dir='ltr'>proficisci</span> <span class='ocrx_word' id='word_1_186' title='bbox 1108 1671 1397 1714; x_wconf 87' lang='lat' dir='ltr'>intelleximus</span> <span class='ocrx_word' id='word_1_187' title='bbox 1440 1671 1494 1714; x_wconf 91' lang='lat' dir='ltr'>ab</span> <span class='ocrx_word' id='word_1_188' title='bbox 1533 1671 1690 1713; x_wconf 89' lang='lat' dir='ltr'>Dionis</span> 
     </span>
     <span class='ocr_line' id='line_1_25' title="bbox 143 1742 1690 1804; baseline -0.004 -13"><span class='ocrx_word' id='word_1_189' title='bbox 143 1749 240 1791; x_wconf 89' lang='lat' dir='ltr'>loco</span> <span class='ocrx_word' id='word_1_190' title='bbox 269 1763 420 1804; x_wconf 88' lang='lat' dir='ltr'>parum</span> <span class='ocrx_word' id='word_1_191' title='bbox 451 1755 563 1790; x_wconf 91' lang='lat' dir='ltr'>recte</span> <span class='ocrx_word' id='word_1_192' title='bbox 592 1747 816 1802; x_wconf 84' lang='lat' dir='ltr'>explicato,</span> <span class='ocrx_word' id='word_1_193' title='bbox 849 1744 1073 1801; x_wconf 82' lang='lat' dir='ltr'>propagari</span> <span class='ocrx_word' id='word_1_194' title='bbox 1101 1744 1156 1786; x_wconf 88' lang='lat' dir='ltr'>ad</span> <span class='ocrx_word' id='word_1_195' title='bbox 1178 1744 1333 1786; x_wconf 92' lang='lat' dir='ltr'>multas</span> <span class='ocrx_word' id='word_1_196' title='bbox 1351 1742 1492 1786; x_wconf 90' lang='lat' dir='ltr'>minus</span> <span class='ocrx_word' id='word_1_197' title='bbox 1511 1742 1690 1786; x_wconf 88' lang='lat' dir='ltr'>subtiles</span> 
     </span>
     <span class='ocr_line' id='line_1_26' title="bbox 144 1815 1690 1875; baseline -0.004 -13"><span class='ocrx_word' id='word_1_198' title='bbox 144 1819 512 1875; x_wconf 85' lang='lat' dir='ltr'>interpretationes</span> <span class='ocrx_word' id='word_1_199' title='bbox 543 1832 818 1873; x_wconf 88' lang='lat' dir='ltr'>errorumque</span> <span class='ocrx_word' id='word_1_200' title='bbox 847 1833 872 1859; x_wconf 85' lang='lat' dir='ltr'>a</span> <span class='ocrx_word' id='word_1_201' title='bbox 902 1832 947 1859; x_wconf 87' lang='lat' dir='ltr'>se</span> <span class='ocrx_word' id='word_1_202' title='bbox 976 1816 1031 1859; x_wconf 88' lang='lat' dir='ltr'>ad</span> <span class='ocrx_word' id='word_1_203' title='bbox 1058 1816 1163 1858; x_wconf 84' lang='lat' dir='ltr'>alios</span> <span class='ocrx_word' id='word_1_204' title='bbox 1183 1830 1360 1872; x_wconf 88' lang='lat' dir='ltr'>magnas</span> <span class='ocrx_word' id='word_1_205' title='bbox 1379 1815 1690 1857; x_wconf 89' lang='lat' dir='ltr'>translationes.</span> 
     </span>
     <span class='ocr_line' id='line_1_27' title="bbox 147 1885 1690 1948; baseline -0.003 -13"><span class='ocrx_word' id='word_1_206' title='bbox 147 1891 354 1948; x_wconf 84' lang='lat' dir='ltr'>Sequitur</span> <span class='ocrx_word' id='word_1_207' title='bbox 382 1892 586 1948; x_wconf 87' lang='lat' dir='ltr'>deinceps</span> <span class='ocrx_word' id='word_1_208' title='bbox 617 1890 734 1947; x_wconf 89' lang='lat' dir='ltr'>apud</span> <span class='ocrx_word' id='word_1_209' title='bbox 764 1890 1059 1932; x_wconf 87' lang='lat' dir='ltr'>Hofmannum</span> <span class='ocrx_word' id='word_1_210' title='bbox 1094 1903 1136 1944; x_wconf 89' lang='lat' dir='ltr'>p.</span> <span class='ocrx_word' id='word_1_211' title='bbox 1170 1889 1240 1938; x_wconf 76' lang='lat'>15,</span> <span class='ocrx_word' id='word_1_212' title='bbox 1284 1895 1330 1929; x_wconf 85' lang='lat' dir='ltr'>ut</span> <span class='ocrx_word' id='word_1_213' title='bbox 1361 1902 1463 1929; x_wconf 90' lang='lat' dir='ltr'>suae</span> <span class='ocrx_word' id='word_1_214' title='bbox 1497 1887 1550 1929; x_wconf 92' lang='lat' dir='ltr'>de</span> <span class='ocrx_word' id='word_1_215' title='bbox 1580 1885 1690 1930; x_wconf 89' lang='lat' dir='ltr'>Cae-</span> 
     </span>
     <span class='ocr_line' id='line_1_28' title="bbox 147 1959 1690 2020; baseline -0.005 -13"><span class='ocrx_word' id='word_1_216' title='bbox 147 1965 254 2007; x_wconf 84' lang='lat' dir='ltr'>saris</span> <span class='ocrx_word' id='word_1_217' title='bbox 283 1964 460 2020; x_wconf 89' lang='lat' dir='ltr'>imperio</span> <span class='ocrx_word' id='word_1_218' title='bbox 489 1964 700 2019; x_wconf 90' lang='lat' dir='ltr'>opinionis</span> <span class='ocrx_word' id='word_1_219' title='bbox 728 1962 935 2004; x_wconf 84' lang='lat' dir='ltr'>rationem</span> <span class='ocrx_word' id='word_1_220' title='bbox 961 1960 1127 2010; x_wconf 88' lang='lat' dir='ltr'>reddat,</span> <span class='ocrx_word' id='word_1_221' title='bbox 1171 1974 1298 2016; x_wconf 90' lang='lat' dir='ltr'>quam</span> <span class='ocrx_word' id='word_1_222' title='bbox 1327 1959 1560 2001; x_wconf 86' lang='lat' dir='ltr'>admodum</span> <span class='ocrx_word' id='word_1_223' title='bbox 1589 1959 1690 2001; x_wconf 85' lang='lat' dir='ltr'>sim-</span> 
     </span>
     <span class='ocr_line' id='line_1_29' title="bbox 145 2032 1692 2093; baseline -0.004 -14"><span class='ocrx_word' id='word_1_224' title='bbox 145 2037 300 2093; x_wconf 90' lang='lat' dir='ltr'>plicem</span> <span class='ocrx_word' id='word_1_225' title='bbox 339 2051 434 2078; x_wconf 90' lang='lat' dir='ltr'>esse</span> <span class='ocrx_word' id='word_1_226' title='bbox 475 2036 602 2078; x_wconf 81' lang='lat' dir='ltr'>video</span> <span class='ocrx_word' id='word_1_227' title='bbox 641 2042 683 2078; x_wconf 93' lang='lat' dir='ltr'>et</span> <span class='ocrx_word' id='word_1_228' title='bbox 722 2049 837 2083; x_wconf 90' lang='lat' dir='ltr'>eam,</span> <span class='ocrx_word' id='word_1_229' title='bbox 879 2040 928 2075; x_wconf 89' lang='lat' dir='ltr'>ut</span> <span class='ocrx_word' id='word_1_230' title='bbox 962 2040 1025 2074; x_wconf 83' lang='lat' dir='ltr'>tot</span> <span class='ocrx_word' id='word_1_231' title='bbox 1054 2032 1247 2075; x_wconf 89' lang='lat' dir='ltr'>homines</span> <span class='ocrx_word' id='word_1_232' title='bbox 1279 2032 1324 2073; x_wconf 90' lang='lat' dir='ltr'>in</span> <span class='ocrx_word' id='word_1_233' title='bbox 1354 2047 1398 2073; x_wconf 91' lang='lat' dir='ltr'>re</span> <span class='ocrx_word' id='word_1_234' title='bbox 1430 2038 1513 2073; x_wconf 88' lang='lat' dir='ltr'>tam</span> <span class='ocrx_word' id='word_1_235' title='bbox 1546 2039 1692 2088; x_wconf 87' lang='lat' dir='ltr'>aperta</span> 
     </span>
     <span class='ocr_line' id='line_1_30' title="bbox 147 2104 1689 2165; baseline -0.003 -14"><span class='ocrx_word' id='word_1_236' title='bbox 147 2124 334 2165; x_wconf 88' lang='lat' dir='ltr'>unquam</span> <span class='ocrx_word' id='word_1_237' title='bbox 358 2123 537 2164; x_wconf 88' lang='lat' dir='ltr'>peecare</span> <span class='ocrx_word' id='word_1_238' title='bbox 564 2108 755 2163; x_wconf 87' lang='lat' dir='ltr'>potuisse</span> <span class='ocrx_word' id='word_1_239' title='bbox 785 2105 935 2147; x_wconf 89' lang='lat' dir='ltr'>merito</span> <span class='ocrx_word' id='word_1_240' title='bbox 963 2105 1129 2147; x_wconf 84' lang='lat' dir='ltr'>mirere.</span> <span class='ocrx_word' id='word_1_241' title='bbox 1176 2105 1339 2146; x_wconf 90' lang='lat' dir='ltr'>Decem</span> <span class='ocrx_word' id='word_1_242' title='bbox 1361 2118 1508 2154; x_wconf 89' lang='lat' dir='ltr'>annos,</span> <span class='ocrx_word' id='word_1_243' title='bbox 1538 2104 1689 2159; x_wconf 87' lang='lat' dir='ltr'>inquit,</span> 
     </span>
     <span class='ocr_line' id='line_1_31' title="bbox 148 2175 1691 2233; baseline -0.003 -11"><span class='ocrx_word' id='word_1_244' title='bbox 148 2179 325 2223; x_wconf 87' lang='lat' dir='ltr'>Caesari</span> <span class='ocrx_word' id='word_1_245' title='bbox 369 2181 490 2223; x_wconf 84' lang='lat' dir='ltr'>datos</span> <span class='ocrx_word' id='word_1_246' title='bbox 535 2194 630 2223; x_wconf 88' lang='lat' dir='ltr'>esse</span> <span class='ocrx_word' id='word_1_247' title='bbox 672 2186 838 2222; x_wconf 89' lang='lat' dir='ltr'>constat</span> <span class='ocrx_word' id='word_1_248' title='bbox 849 2195 860 2228; x_wconf 92' lang='lat'>;</span> <span class='ocrx_word' id='word_1_249' title='bbox 911 2178 1011 2219; x_wconf 91' lang='lat' dir='ltr'>item</span> <span class='ocrx_word' id='word_1_250' title='bbox 1050 2177 1171 2233; x_wconf 90' lang='lat' dir='ltr'>prius</span> <span class='ocrx_word' id='word_1_251' title='bbox 1214 2176 1556 2230; x_wconf 91' lang='lat' dir='ltr'>quinquennium</span> <span class='ocrx_word' id='word_1_252' title='bbox 1598 2175 1691 2218; x_wconf 90' lang='lat' dir='ltr'>Cal.</span> 
     </span>
     <span class='ocr_line' id='line_1_32' title="bbox 146 2248 1692 2304; baseline -0.003 -10"><span class='ocrx_word' id='word_1_253' title='bbox 146 2252 274 2294; x_wconf 86' lang='lat' dir='ltr'>Mart.</span> <span class='ocrx_word' id='word_1_254' title='bbox 305 2253 404 2294; x_wconf 81' lang='lat' dir='ltr'>anni</span> <span class='ocrx_word' id='word_1_255' title='bbox 432 2253 485 2295; x_wconf 76' lang='lat'>54</span> <span class='ocrx_word' id='word_1_256' title='bbox 515 2252 668 2294; x_wconf 89' lang='lat' dir='ltr'>exisse.</span> <span class='ocrx_word' id='word_1_257' title='bbox 727 2250 857 2293; x_wconf 90' lang='lat' dir='ltr'>Adde</span> <span class='ocrx_word' id='word_1_258' title='bbox 887 2249 1067 2292; x_wconf 86' lang='lat' dir='ltr'>alterum</span> <span class='ocrx_word' id='word_1_259' title='bbox 1097 2248 1458 2304; x_wconf 89' lang='lat' dir='ltr'>quinquennium,</span> <span class='ocrx_word' id='word_1_260' title='bbox 1500 2248 1692 2290; x_wconf 84' lang='lat' dir='ltr'>confecta</span> 
     </span>
     <span class='ocr_line' id='line_1_33' title="bbox 146 2319 1691 2380; baseline -0.005 -13"><span class='ocrx_word' id='word_1_261' title='bbox 146 2339 214 2367; x_wconf 85' lang='lat' dir='ltr'>res</span> <span class='ocrx_word' id='word_1_262' title='bbox 250 2332 336 2375; x_wconf 91' lang='lat' dir='ltr'>est,</span> <span class='ocrx_word' id='word_1_263' title='bbox 374 2325 650 2380; x_wconf 87' lang='lat' dir='ltr'>pervenietur</span> <span class='ocrx_word' id='word_1_264' title='bbox 687 2324 742 2366; x_wconf 92' lang='lat' dir='ltr'>ad</span> <span class='ocrx_word' id='word_1_265' title='bbox 782 2321 874 2365; x_wconf 87' lang='lat' dir='ltr'>Cal.</span> <span class='ocrx_word' id='word_1_266' title='bbox 904 2321 1031 2364; x_wconf 88' lang='lat' dir='ltr'>Mart.</span> <span class='ocrx_word' id='word_1_267' title='bbox 1071 2321 1171 2363; x_wconf 89' lang='lat' dir='ltr'>anni</span> <span class='ocrx_word' id='word_1_268' title='bbox 1199 2321 1264 2363; x_wconf 80' lang='lat'>49.</span> <span class='ocrx_word' id='word_1_269' title='bbox 1329 2319 1543 2361; x_wconf 89' lang='lat' dir='ltr'>Nimirum</span> <span class='ocrx_word' id='word_1_270' title='bbox 1581 2319 1691 2361; x_wconf 85' lang='lat' dir='ltr'>illud</span> 
     </span>
     <span class='ocr_line' id='line_1_34' title="bbox 147 2392 1692 2452; baseline -0.005 -13"><span class='ocrx_word' id='word_1_271' title='bbox 147 2397 290 2439; x_wconf 88' lang='lat' dir='ltr'>omisit</span> <span class='ocrx_word' id='word_1_272' title='bbox 317 2411 394 2438; x_wconf 87' lang='lat' dir='ltr'>nec</span> <span class='ocrx_word' id='word_1_273' title='bbox 423 2411 612 2452; x_wconf 89' lang='lat' dir='ltr'>unquam</span> <span class='ocrx_word' id='word_1_274' title='bbox 641 2396 857 2452; x_wconf 87' lang='lat' dir='ltr'>cogitavit,</span> <span class='ocrx_word' id='word_1_275' title='bbox 884 2395 928 2436; x_wconf 91' lang='lat' dir='ltr'>in</span> <span class='ocrx_word' id='word_1_276' title='bbox 956 2408 1039 2449; x_wconf 90' lang='lat' dir='ltr'>quo</span> <span class='ocrx_word' id='word_1_277' title='bbox 1069 2400 1157 2435; x_wconf 88' lang='lat' dir='ltr'>tota</span> <span class='ocrx_word' id='word_1_278' title='bbox 1184 2392 1291 2434; x_wconf 89' lang='lat' dir='ltr'>ratio</span> <span class='ocrx_word' id='word_1_279' title='bbox 1322 2392 1483 2442; x_wconf 85' lang='lat' dir='ltr'>nititur,</span> <span class='ocrx_word' id='word_1_280' title='bbox 1510 2392 1692 2433; x_wconf 86' lang='lat' dir='ltr'>alterum</span> 
     </span>
     <span class='ocr_line' id='line_1_35' title="bbox 147 2463 1692 2523; baseline -0.004 -13"><span class='ocrx_word' id='word_1_281' title='bbox 147 2468 486 2523; x_wconf 90' lang='lat' dir='ltr'>quinquennium</span> <span class='ocrx_word' id='word_1_282' title='bbox 510 2467 564 2509; x_wconf 90' lang='lat' dir='ltr'>ab</span> <span class='ocrx_word' id='word_1_283' title='bbox 590 2468 783 2509; x_wconf 83' lang='lat' dir='ltr'>confecto</span> <span class='ocrx_word' id='word_1_284' title='bbox 811 2467 950 2523; x_wconf 87' lang='lat' dir='ltr'>priore</span> <span class='ocrx_word' id='word_1_285' title='bbox 975 2479 1151 2507; x_wconf 89' lang='lat' dir='ltr'>necesse</span> <span class='ocrx_word' id='word_1_286' title='bbox 1173 2479 1268 2506; x_wconf 90' lang='lat' dir='ltr'>esse</span> <span class='ocrx_word' id='word_1_287' title='bbox 1286 2463 1430 2519; x_wconf 89' lang='lat' dir='ltr'>incipi.</span> <span class='ocrx_word' id='word_1_288' title='bbox 1473 2463 1528 2505; x_wconf 90' lang='lat' dir='ltr'>Id</span> <span class='ocrx_word' id='word_1_289' title='bbox 1547 2470 1692 2506; x_wconf 87' lang='lat' dir='ltr'>contra</span> 
     </span>
     <span class='ocr_line' id='line_1_36' title="bbox 139 2535 1691 2595; baseline -0.005 -11"><span class='ocrx_word' id='word_1_290' title='bbox 139 2555 243 2585; x_wconf 63' lang='lat' dir='ltr'>sese</span> <span class='ocrx_word' id='word_1_291' title='bbox 279 2539 436 2581; x_wconf 90' lang='lat' dir='ltr'>habere</span> <span class='ocrx_word' id='word_1_292' title='bbox 481 2554 610 2595; x_wconf 87' lang='lat' dir='ltr'>supra</span> <span class='ocrx_word' id='word_1_293' title='bbox 643 2554 686 2595; x_wconf 93' lang='lat' dir='ltr'>p.</span> <span class='ocrx_word' id='word_1_294' title='bbox 715 2539 767 2582; x_wconf 87' lang='grc'>84</span> <span class='ocrx_word' id='word_1_295' title='bbox 799 2537 1087 2587; x_wconf 87' lang='lat' dir='ltr'>ostendimus,</span> <span class='ocrx_word' id='word_1_296' title='bbox 1130 2537 1371 2591; x_wconf 85' lang='lat' dir='ltr'>iterumque</span> <span class='ocrx_word' id='word_1_297' title='bbox 1409 2543 1558 2591; x_wconf 87' lang='lat' dir='ltr'>postea</span> <span class='ocrx_word' id='word_1_298' title='bbox 1597 2535 1691 2577; x_wconf 88' lang='lat' dir='ltr'>aliis</span> 
     </span>
     <span class='ocr_line' id='line_1_37' title="bbox 148 2606 1692 2667; baseline -0.003 -15"><span class='ocrx_word' id='word_1_299' title='bbox 148 2611 413 2667; x_wconf 84' lang='lat' dir='ltr'>argumentis</span> <span class='ocrx_word' id='word_1_300' title='bbox 444 2609 798 2652; x_wconf 89' lang='lat' dir='ltr'>confirmabimus.</span> <span class='ocrx_word' id='word_1_301' title='bbox 861 2608 989 2652; x_wconf 84' lang='lat' dir='ltr'>Cadit</span> <span class='ocrx_word' id='word_1_302' title='bbox 1024 2609 1158 2665; x_wconf 86' lang='lat' dir='ltr'>igitur</span> <span class='ocrx_word' id='word_1_303' title='bbox 1195 2608 1301 2648; x_wconf 86' lang='lat' dir='ltr'>haec</span> <span class='ocrx_word' id='word_1_304' title='bbox 1339 2607 1470 2656; x_wconf 87' lang='lat' dir='ltr'>ratio,</span> <span class='ocrx_word' id='word_1_305' title='bbox 1509 2621 1618 2662; x_wconf 90' lang='lat' dir='ltr'>quae</span> <span class='ocrx_word' id='word_1_306' title='bbox 1656 2606 1692 2648; x_wconf 92' lang='lat' dir='ltr'>si</span> 
     </span>
     <span class='ocr_line' id='line_1_38' title="bbox 149 2677 1691 2731; baseline -0.004 -6"><span class='ocrx_word' id='word_1_307' title='bbox 149 2698 252 2726; x_wconf 84' lang='lat' dir='ltr'>vera</span> <span class='ocrx_word' id='word_1_308' title='bbox 289 2689 421 2731; x_wconf 82' lang='lat' dir='ltr'>esset,</span> <span class='ocrx_word' id='word_1_309' title='bbox 466 2682 557 2725; x_wconf 90' lang='lat' dir='ltr'>sola</span> <span class='ocrx_word' id='word_1_310' title='bbox 587 2697 677 2724; x_wconf 89' lang='lat' dir='ltr'>rem</span> <span class='ocrx_word' id='word_1_311' title='bbox 707 2681 945 2724; x_wconf 87' lang='lat' dir='ltr'>conficeret.</span> <span class='ocrx_word' id='word_1_312' title='bbox 1006 2679 1247 2723; x_wconf 88' lang='lat' dir='ltr'>Diffidebat</span> <span class='ocrx_word' id='word_1_313' title='bbox 1275 2685 1414 2721; x_wconf 88' lang='lat' dir='ltr'>tamen</span> <span class='ocrx_word' id='word_1_314' title='bbox 1444 2677 1511 2720; x_wconf 92' lang='lat' dir='ltr'>vir</span> <span class='ocrx_word' id='word_1_315' title='bbox 1540 2677 1691 2720; x_wconf 87' lang='lat' dir='ltr'>doctus</span> 
     </span>
     <span class='ocr_line' id='line_1_39' title="bbox 149 2749 1691 2811; baseline -0.004 -14"><span class='ocrx_word' id='word_1_316' title='bbox 149 2755 242 2811; x_wconf 81' lang='lat' dir='ltr'>ipse</span> <span class='ocrx_word' id='word_1_317' title='bbox 278 2753 592 2810; x_wconf 90' lang='lat' dir='ltr'>quodammodo</span> <span class='ocrx_word' id='word_1_318' title='bbox 630 2761 770 2797; x_wconf 87' lang='lat' dir='ltr'>tantae</span> <span class='ocrx_word' id='word_1_319' title='bbox 806 2754 982 2796; x_wconf 89' lang='lat' dir='ltr'>rationis</span> <span class='ocrx_word' id='word_1_320' title='bbox 1017 2751 1276 2808; x_wconf 89' lang='lat' dir='ltr'>simplicitati</span> <span class='ocrx_word' id='word_1_321' title='bbox 1307 2764 1485 2806; x_wconf 91' lang='lat' dir='ltr'>eamque</span> <span class='ocrx_word' id='word_1_322' title='bbox 1519 2749 1691 2792; x_wconf 82' lang='lat' dir='ltr'>duobus</span> 
     </span>
     <span class='ocr_line' id='line_1_40' title="bbox 151 2820 1691 2883; baseline -0.002 -14"><span class='ocrx_word' id='word_1_323' title='bbox 151 2826 245 2870; x_wconf 87' lang='lat' dir='ltr'>aliis</span> <span class='ocrx_word' id='word_1_324' title='bbox 273 2824 540 2883; x_wconf 83' lang='lat' dir='ltr'>argumentis</span> <span class='ocrx_word' id='word_1_325' title='bbox 571 2826 693 2881; x_wconf 89' lang='lat' dir='ltr'>quasi</span> <span class='ocrx_word' id='word_1_326' title='bbox 721 2825 1102 2869; x_wconf 86' lang='lat' dir='ltr'>commendandam</span> <span class='ocrx_word' id='word_1_327' title='bbox 1134 2838 1228 2866; x_wconf 87' lang='lat' dir='ltr'>esse</span> <span class='ocrx_word' id='word_1_328' title='bbox 1259 2821 1437 2879; x_wconf 83' lang='lat' dir='ltr'>putavit.</span> <span class='ocrx_word' id='word_1_329' title='bbox 1498 2820 1691 2866; x_wconf 87' lang='lat' dir='ltr'>Primum</span> 
     </span>
    </p>
   </div>
  </div>
 </body>
</html>
