1846 3100
167 133 218 177 12
604 135 658 167 De
685 133 798 168 Gallia
823 134 1058 167 Romanorum
1080 135 1264 177 provincia.

157 244 335 295 bantur,
379 245 480 302 quia
518 245 758 301 Hispaniae
787 241 972 286 Viriathi
1023 243 1231 286 seditione
1275 243 1469 288 turbatae
1507 245 1705 288 eximiam

158 314 375 373 quandam
401 333 548 360 curam
574 315 872 373 postulabant:
899 331 1006 372 quas
1038 323 1264 373 propterea
1293 317 1389 373 plus
1412 332 1540 373 quam
1558 317 1706 360 decem

158 404 312 440 annos,
361 390 465 431 dum
502 388 699 431 Viriatho
737 403 862 430 caeso
901 388 1129 444 dirutaque
1161 388 1391 432 Numantia
1438 390 1576 447 capita
1615 391 1710 447 ipsa

156 460 258 504 belli
287 461 455 504 sublata
472 469 585 511 sunt,
614 460 862 503 consulares
894 460 1030 503 fuisse
1055 461 1384 517 prorogatisque
1403 461 1708 518 imperatorum

159 533 350 589 imperiis
378 533 471 590 regi
501 532 778 575 consuevisse
805 531 1018 575 videmus.
1056 533 1207 588 Itaque
1229 549 1340 576 anno
1370 534 1447 576 145
1475 535 1581 577 alter
1609 550 1709 578 con-

160 606 304 648 sulum
332 604 388 659 Q.
407 604 571 646 Fabius
595 604 815 646 Maximus
842 603 1099 660 Hispaniam
1127 605 1372 647 ulteriorem
1401 607 1578 663 accepit,
1606 607 1709 650 cite-

157 678 312 719 riorem
357 675 408 719 C.
451 676 629 718 Laelius
671 683 864 732 praetor,
907 676 1061 732 reliqui
1108 683 1195 720 tres
1235 685 1454 734 praetores
1502 679 1709 730 Africam,

160 748 365 799 Siciliam,
396 747 652 799 Sardiniam,
685 748 772 790 duo
802 747 988 791 urbanas
1021 749 1275 805 provincias.
1317 749 1570 806 Eademque
1601 751 1710 794 ratio

161 828 329 863 servata
363 828 428 862 est
443 834 553 862 anno
576 819 668 870 1144,
698 834 797 861 cum
827 820 1040 871 consules,
1074 821 1148 876 qui
1178 821 1233 863 ad
1263 821 1423 864 bellum
1445 838 1595 879 parum
1623 823 1709 879 apti

161 893 424 942 viderentur,
459 899 600 935 vetere
627 907 744 934 more
776 892 938 935 Italiam
972 900 1014 936 et
1042 891 1227 936 Galliam
1258 901 1516 951 acceperunt
1546 894 1709 951 (Valer.

162 965 280 1008 Max,
316 965 404 1015 VI,
453 964 500 1015 4,
538 964 615 1018 2),
669 964 926 1021 Hispaniam
965 965 1210 1008 ulteriorem
1256 974 1487 1023 prorogato
1531 967 1710 1024 imperio

161 1036 217 1091 Q.
234 1037 411 1088 Fabius,
442 1036 682 1079 citeriorem
711 1037 885 1094 ignotus
917 1037 1070 1092 aliquis
1097 1045 1281 1093 praetor,
1314 1037 1371 1092 Q.
1401 1038 1593 1082 Marcius
1616 1039 1710 1082 Rex

165 1110 434 1166 peregrinam
462 1109 800 1151 iurisdictionem
833 1109 1047 1163 (Frontin.
1087 1110 1140 1152 de
1168 1110 1347 1165 aquaed.
1379 1125 1414 1153 c.
1445 1109 1513 1166 7),
1556 1111 1709 1166 reliqui

160 1181 369 1224 urbanam
397 1181 676 1237 provinciam,
696 1181 906 1231 Africam,
932 1180 1134 1232 Siciliam,
1157 1181 1399 1224 Sardiniam
1421 1182 1710 1225 obtinuerunt.

160 1254 275 1296 Tum
306 1269 416 1296 anno
447 1254 523 1296 143
556 1262 676 1296 sexta
705 1254 816 1296 facta
844 1260 909 1295 est
937 1253 1157 1309 provincia
1187 1253 1457 1304 Macedonia,
1483 1269 1570 1310 quo
1599 1270 1711 1298 anno

163 1327 375 1369 incertum
404 1326 540 1369 videri
568 1332 710 1382 potest
739 1340 848 1382 quae
882 1325 1009 1367 suerit
1031 1325 1207 1368 sortitio.
1257 1324 1346 1369 Sed
1364 1327 1554 1383 quinque
1571 1334 1710 1370 tamen

162 1414 215 1442 ex
250 1398 304 1440 iis
340 1399 467 1441 video
505 1399 641 1441 fuisse
667 1397 924 1455 praetorias,
976 1397 1231 1454 Hispaniam
1270 1398 1540 1450 ulteriorem,
1582 1415 1711 1456 quam

165 1471 403 1514 succedens
434 1471 488 1526 Q.
520 1471 656 1514 Fabio
687 1471 852 1527 accepit
882 1470 1114 1524 Quinctius
1144 1470 1230 1521 ille,
1259 1470 1313 1513 de
1336 1485 1420 1527 quo
1449 1475 1565 1528 App.
1584 1472 1710 1528 Hisp.

164 1559 200 1586 c.
229 1544 283 1586 66
309 1552 471 1596 narrat,
511 1545 584 1599 qui
614 1543 667 1586 ab
697 1543 826 1599 Pigh.
857 1543 903 1585 II
931 1559 970 1599 p.
997 1543 1072 1586 471
1106 1559 1259 1600 parum
1290 1552 1405 1586 recte
1437 1543 1481 1585 in
1510 1543 1566 1597 Q.
1582 1543 1711 1586 Pom-

162 1616 308 1673 peium
332 1623 535 1666 mutatur,
569 1616 777 1666 Africam,
807 1615 1122 1666 Macedoniam,
1149 1614 1354 1666 Siciliam,
1375 1615 1634 1667 Sardiniam,
1664 1623 1711 1658 ut

162 1705 275 1732 unus
303 1695 469 1732 tantum
497 1695 668 1745 praetor
696 1688 751 1730 ad
781 1695 1006 1743 utramque
1041 1687 1379 1731 iurisdictionem
1410 1687 1711 1730 administran-

164 1761 262 1803 dam
300 1762 343 1803 in
380 1760 488 1803 urbe
529 1768 774 1803 versaretur
809 1760 872 1802 M.
902 1760 1115 1802 Aemilius
1149 1760 1345 1816 Lepidus
1382 1759 1710 1814 (Frontin.1.1.

165 1849 201 1876 c.
231 1834 300 1890 7),
341 1833 478 1883 idem,
519 1832 593 1888 qui
631 1847 742 1874 anno
774 1832 850 1875 137
890 1832 1041 1874 consul
1081 1832 1177 1874 fuit.
1233 1832 1325 1874 Nec
1354 1832 1462 1874 mihi·
1484 1831 1710 1888 utriusque

163 1905 352 1949 urbanae
377 1904 621 1962 provinciae
652 1903 895 1946 coniunctio
931 1903 1153 1946 discedere
1183 1904 1356 1946 videtur
1382 1920 1406 1946 a
1435 1904 1526 1946 veri
1561 1903 1711 1945 simili·

164 1979 328 2029 tudine,
358 1983 584 2034 propterea
613 1976 731 2031 quod
750 1974 805 2029 Q.
822 1976 988 2018 Marcio
1019 1976 1074 2018 ad
1106 1991 1241 2032 aquae
1269 1976 1460 2027 ductum,
1489 1989 1611 2030 quem
1642 1975 1708 2016 in-

166 2057 357 2107 ceperat,
397 2048 708 2105 perficiendum
739 2063 851 2091 novo
892 2063 1008 2090 more
1045 2047 1272 2104 imperium
1302 2063 1380 2105 per
1406 2048 1522 2090 hunc
1551 2062 1710 2090 annum

164 2128 446 2179 prorogatum
480 2135 575 2163 esse
614 2120 787 2162 scimus.
842 2118 931 2162 Sed
958 2119 1040 2162 hoc
1069 2119 1244 2175 quidem
1275 2121 1328 2163 sit
1357 2120 1560 2163 dubium:
1605 2119 1712 2161 illud

166 2194 401 2236 certissime
431 2207 484 2234 ex
515 2191 807 2234 consularium
834 2191 1154 2247 provinciarum
1176 2192 1388 2235 divisione
1414 2192 1711 2249 perspicimus,

167 2265 355 2309 Galliam
382 2265 464 2307 hoc
494 2278 605 2306 anno
642 2263 835 2305 nondum
871 2263 1007 2305 fuisse
1040 2264 1319 2320 provinciam.
1378 2264 1491 2307 Nam
1525 2279 1578 2306 ex
1609 2279 1711 2306 con-

168 2338 335 2381 sulibus
375 2352 510 2378 unum
548 2335 604 2389 Q.
649 2333 884 2377 Caecilium
920 2335 1146 2377 Metellum
1180 2336 1436 2393 Hispaniam
1475 2336 1712 2379 citeriorem

167 2425 266 2452 cum
295 2409 407 2452 bello
438 2407 696 2451 Celtiberico
729 2408 925 2450 sortitum
956 2422 1050 2450 esse
1081 2409 1383 2462 cognoscimus
1413 2424 1467 2451 ex
1484 2408 1582 2451 Liv.
1613 2409 1712 2465 epit.

167 2481 292 2532 LIII,
322 2482 436 2537 App.
466 2480 594 2536 Hisp.
627 2495 663 2522 c.
692 2479 760 2530 66,
793 2479 935 2523 Valer.
966 2479 1085 2521 Max·
1114 2480 1198 2531 IX,
1232 2482 1270 2531 3,
1301 2482 1348 2532 73
1387 2481 1568 2523 alterum
1597 2481 1713 2536 App.

169 2552 404 2595 Claudium
437 2552 675 2594 Pulchrum
713 2566 811 2594 cum
851 2551 1060 2602 Salassis‚
1105 2560 1232 2608 gente
1269 2553 1450 2610 Alpina,
1495 2565 1713 2609 pugnasse

169 2625 365 2668 scribunt
394 2624 492 2666 Liv.
522 2624 551 2666 l.
581 2623 623 2673 1.,
655 2621 783 2666 Oros.
804 2623 858 2674 V,
890 2624 928 2674 4,
959 2625 1013 2666 cf.
1039 2624 1182 2667 Valer.
1210 2625 1329 2667 Max.
1346 2625 1402 2676 V,
1428 2625 1466 2675 4,
1488 2625 1527 2667 6.
1567 2624 1714 2677 Quare

169 2698 205 2740 si
232 2697 320 2739 ulla
343 2703 446 2738 tunc
476 2695 631 2738 fuisset
660 2695 880 2750 provincia
912 2695 1075 2746 Gallia,
1112 2696 1222 2739 hanc
1252 2696 1393 2739 sortiri
1424 2695 1591 2746 debuit,
1636 2695 1713 2738 sed

170 2769 366 2812 sortitum
404 2783 498 2810 esse
536 2767 705 2809 Italiam
747 2767 897 2810 scribit
928 2768 1015 2810 Dio
1045 2768 1096 2810 fr.
1122 2767 1360 2811 LXXIX:
1408 2770 1428 2810 ὁ
1459 2767 1662 2812 Κλαύδιος
1691 2768 1711 2808 ὁ

172 2842 385 2896 συνάρχων
424 2839 637 2881 Μετέλλου
680 2863 730 2870 --
771 2839 911 2896 ἔτυχεν
944 2841 983 2881 ἐν
1023 2845 1073 2896 τῇ
1099 2841 1251 2896 Ἰταλίᾳ
1287 2843 1426 2897 λαχὼν
1468 2839 1606 2894 ἄρχειν
1647 2839 1713 2879 καὶ
