1846 3100
589 132 644 164 De
667 130 780 164 Gallia
804 131 1039 163 Romanorum
1065 131 1251 172 provincia.
1610 128 1687 171 135

138 249 179 283 et
205 246 408 284 exereitus
434 245 480 282 in
506 257 553 282 ea
586 241 787 282 tendentis
817 238 994 287 dicitur,
1033 253 1118 293 quo
1153 244 1342 295 tempore
1380 240 1596 282 nescimus
1634 256 1687 282 an

138 322 310 371 propter
350 315 461 357 bella
498 314 641 369 aliqua
680 312 824 367 plures
863 310 987 353 solito
1028 311 1221 367 legiones
1256 312 1301 353 in
1332 311 1566 355 Germania
1592 313 1685 355 fue-

138 386 224 428 rint
260 393 458 442 certaque
495 386 549 428 de
589 400 718 427 causa
756 383 1004 426 Germanici
1041 383 1255 425 exercitus
1294 384 1451 426 mentio
1490 385 1688 428 facienda

138 459 281 501 fuerit.
339 459 458 501 Nihil
482 458 615 515 igitur
643 457 688 498 in
717 455 784 498 his
814 470 969 497 causae
998 462 1076 505 est,
1106 470 1184 498 cur
1211 455 1473 511 singularem
1501 457 1687 512 aliquam

140 530 470 573 Germaniarum
490 531 696 572 rationem
719 528 854 570 fuisse
876 534 1127 578 statuamus,
1153 535 1196 570 at
1214 528 1348 570 multa
1371 536 1411 570 et
1431 529 1485 571 ab
1501 529 1687 572 Momm-

139 604 258 646 senio
287 604 413 645 allata
442 608 542 644 sunt
572 610 614 643 et
638 601 752 642 infra
779 615 804 641 a
831 598 955 641 nobis
979 599 1222 650 afferentur,
1249 614 1357 655 quae
1379 608 1518 644 certos
1540 617 1685 645 earum

139 675 456 733 provinciarum
487 674 595 716 fines
625 679 848 727 certosque
880 672 1040 714 incolas
1069 671 1205 714 fuisse
1236 672 1476 716 ostendant.

250 747 543 791 Veruntamen
573 745 775 801 quoniam
807 744 1235 787 commemoravimus
1262 745 1525 796 Numidiam,
1561 747 1685 789 cuius

138 820 334 876 exemplo
373 819 447 875 qui
486 817 762 861 Germaniam
800 813 1067 872 provinciam
1103 816 1238 859 fuisse
1272 826 1452 874 negant,
1502 819 1685 862 maxime

139 899 343 941 utuntur,
385 891 632 934 faciendum
671 890 844 932 videtur
883 904 1002 939 esse,
1046 896 1094 931 ut
1132 889 1185 932 de
1222 889 1303 933 hac
1343 906 1513 946 quoque
1549 906 1688 947 pauca

138 964 409 1020 disputemus
437 978 678 1019 erroreque,
709 962 783 1018 qui
810 976 949 1017 nuper
976 961 1170 1017 irrepsit,
1205 962 1374 1004 sublato
1403 978 1456 1005 ne
1487 963 1540 1005 de
1574 963 1685 1006 Ger-

137 1036 278 1079 mania
302 1043 519 1092 peccetur,
548 1035 864 1091 provideamus.
911 1032 1071 1075 Statuit
1095 1035 1229 1090 igitur
1245 1034 1411 1077 Theod.
1428 1035 1684 1077 Mommsen.

136 1109 181 1150 in
220 1108 394 1150 Bullett.
439 1107 544 1149 Inst.
581 1107 696 1149 arch.
733 1122 829 1149 ann.
865 1106 971 1149 ‘1852
1006 1122 1046 1162 p.
1081 1107 1158 1149 ‘165
1202 1108 1302 1163 (act.
1347 1107 1493 1150 societ.
1528 1108 1684 1150 literar.

136 1181 257 1237 Lips.
286 1196 386 1223 ann.
412 1180 516 1222 1853
544 1195 585 1236 p.
605 1179 724 1232 213),
751 1194 848 1221 cum
877 1176 1078 1234 Caligula
1103 1194 1214 1222 anno
1234 1180 1284 1222 37
1313 1195 1355 1235 p.
1375 1177 1479 1222 Chr.
1510 1180 1686 1222 Africae

138 1253 408 1309 proconsulis
437 1252 670 1309 potentiam
699 1252 890 1293 minuere
920 1252 1061 1302 vellet,
1089 1252 1270 1294 missum
1294 1267 1389 1294 esse
1411 1266 1461 1294 eo
1481 1252 1685 1308 legatum,

135 1325 209 1380 qui
241 1340 340 1367 cum
370 1325 622 1381 proconsule
649 1324 709 1366 ita
738 1322 966 1378 imperium
998 1323 1234 1374 divideret,
1273 1331 1321 1366 ut
1350 1324 1442 1380 ipse
1471 1324 1685 1380 legionem

136 1397 204 1440 III
230 1400 480 1453 Augustam
509 1403 551 1438 et
568 1395 798 1438 Numidiae
826 1402 988 1450 partem
1013 1396 1131 1439 solus
1161 1396 1372 1439 obtineret
1395 1410 1445 1439 ac
1466 1405 1685 1453 praeterea

135 1469 180 1511 in
209 1469 432 1526 provincia
461 1467 758 1525 proconsulari
781 1467 984 1522 quicquid
1008 1467 1063 1509 ad
1084 1483 1172 1510 rem
1190 1469 1414 1510 militarem
1432 1469 1684 1525 pertinebat,

135 1541 473 1590 administraret,
511 1539 760 1597 proconsuli
797 1554 900 1582 suae
936 1540 1180 1595 provinciae
1218 1541 1530 1584 administratio
1561 1544 1685 1598 quasi

138 1614 275 1656 civilis
305 1614 630 1669 relinqueretur.
686 1612 814 1654 Hanc
840 1619 954 1654 certe
985 1612 1078 1654 eius
1108 1612 1352 1668 opinionem
1383 1627 1479 1656 esse
1511 1629 1564 1657 ex
1595 1615 1685 1657 dis-

137 1686 358 1742 putatione
401 1685 531 1741 paulo
576 1684 720 1727 minus
764 1683 978 1726 subtiliter
1021 1684 1214 1727 instituta
1259 1685 1461 1735 coniici03
1509 1686 1553 1728 in
1600 1702 1686 1742 qua

137 1758 380 1800 coniectura
405 1756 571 1799 etiamsi
600 1756 741 1799 minus
769 1756 886 1812 quod
915 1755 1044 1808 dixit,
1083 1772 1310 1812 assequar,
1352 1757 1435 1800 hoc
1465 1758 1591 1814 plane
1618 1760 1683 1801 in—

136 1830 284 1885 telligo
323 1836 364 1872 et
400 1829 549 1885 negari
587 1828 641 1871 ab
681 1843 732 1870 eo
761 1828 1009 1871 Numidiam
1051 1829 1222 1885 proprie
1254 1829 1520 1885 provinciam
1550 1830 1685 1873 fuisse

135 1908 178 1944 et
214 1917 437 1944 commune
475 1901 695 1957 quoddam
730 1901 1000 1957 proconsulis
1032 1908 1073 1943 et
1101 1901 1232 1958 legati
1262 1901 1522 1957 imperatorii
1549 1902 1684 1959 impe-

135 1974 247 2017 rium
278 1974 420 2016 statui.
474 1973 573 2016 Non
603 1973 825 2029 explicabo
854 1989 1022 2023 rursus,
1052 1973 1170 2029 quod
1199 1988 1330 2029 supra
1360 1973 1463 2024 dixi,
1492 1989 1570 2030 per
1596 1974 1684 2017 duo

135 2047 271 2102 prima
300 2046 467 2102 imperii
490 2046 673 2088 Romani
700 2046 871 2089 saecula
896 2046 1058 2089 nullam
1086 2046 1222 2089 fuisse
1252 2046 1446 2089 militaris
1476 2053 1518 2088 et
1546 2047 1684 2089 civilis

135 2117 515 2160 administrationis
566 2118 918 2168 disiunctionem,
973 2118 1050 2160 sed
1090 2119 1163 2174 qui
1206 2119 1414 2161 militibus
1453 2126 1683 2175 praeesset,

135 2190 320 2232 eundem
348 2189 545 2246 populos,
574 2203 683 2245 quos
710 2190 865 2232 milites
895 2197 1130 2241 tuerentur,
1160 2191 1337 2241 rexisse,
1368 2198 1418 2232 ut
1443 2191 1527 2247 ipsi
1558 2191 1684 2233 etiam

134 2261 354 2316 legionum
390 2261 522 2317 legati
553 2268 721 2317 praeter
750 2262 980 2317 imperium
1010 2262 1191 2305 militare
1220 2263 1562 2306 iurisdictionem
1592 2278 1684 2306 cer-

138 2340 279 2376 tarum
310 2334 572 2377 dioecesium
598 2334 815 2377 haberent.
877 2332 967 2376 Sed
995 2334 1039 2376 in
1068 2335 1162 2377 aliis
1190 2334 1439 2391 provinciis,
1470 2335 1506 2377 si
1530 2335 1685 2377 fuisset

140 2405 241 2456 ulla,
273 2406 375 2448 ferri
405 2407 584 2448 fortasse
617 2407 826 2462 potuisset
854 2406 959 2448 haec
986 2405 1154 2462 imperii
1183 2406 1340 2448 divisio
1369 2421 1420 2448 ac
1443 2407 1683 2462 permixtio,

136 2477 181 2518 in
209 2478 360 2538 Africa
396 2493 498 2520 vero
533 2478 651 2520 nullo
686 2478 814 2521 modo
843 2484 980 2534 potest
1017 2479 1167 2529 statui,
1208 2478 1418 2533 siquidem
1446 2478 1683 2521 consularis

124 2548 203 2590 ‘vir
230 2564 328 2591 cum
360 2548 570 2592 obtineret
596 2558 783 2593 veterem
812 2551 1091 2606 provinciam,
1124 2549 1322 2594 Caesaris
1352 2550 1566 2606 legatum,
1608 2550 1683 2606 qui

136 2621 337 2676 praetorii
365 2620 527 2662 ordinis
554 2629 658 2671 erat,
686 2630 799 2664 certe
822 2623 1053 2678 superioris
1075 2622 1254 2678 imperio
1279 2637 1426 2678 parere
1446 2621 1682 2677 oportebat,

136 2701 184 2733 ut
214 2692 340 2734 timor
366 2692 458 2742 ille,
486 2707 572 2748 quo
600 2700 742 2736 motus
770 2692 971 2750 Caligula
999 2694 1242 2750 provincias
1270 2693 1499 2743 disiunxit,
1538 2708 1588 2736 ea
1615 2708 1682 2735 ra-

137 2763 252 2805 tione
282 2778 552 2820 nequaquam
582 2765 813 2807 tolleretur.
865 2764 1137 2822 Argumenta
1168 2772 1310 2808 autem
1338 2780 1439 2807 suae
1469 2765 1681 2821 opinionis

137 2834 453 2878 Mommsenius
482 2837 668 2892 primum
699 2837 822 2880 affert
849 2853 913 2888 ea,
937 2852 1046 2893 quae
1075 2852 1205 2893 supra
1232 2837 1276 2879 in
1297 2835 1538 2880 Germaniis
1564 2838 1682 2880 refu-
