1846 3100
573 149 628 181 De
651 149 896 191 propagatione
920 148 1063 182 civitatis
1085 149 1273 182 Romanae.
1613 147 1694 190 353

148 256 424 311 praeferrent,
462 257 646 300 civitatis
674 257 892 300 Romanae
925 265 1089 313 partem
1119 257 1255 313 quasi<
1271 258 1502 314 publicam,
1533 273 1619 314 qua
1642 274 1696 301 ne

147 327 308 371 Romae
334 329 510 384 quidem
539 330 602 371 uti
626 329 887 378 statuissent,
915 329 1090 380 (multos
1122 330 1231 371 enim
1259 345 1398 386 saepe,
1427 345 1525 372 cum
1554 330 1599 371 in
1629 345 1696 372 se-

147 406 295 442 natum
322 401 547 457 pervenire
577 402 738 452 liceret,
765 401 876 443 inter
905 401 1069 456 equites
1100 402 1342 444 constitisse
1372 402 1531 445 scimus
1556 417 1697 458 neque

147 471 217 514 ius
247 472 456 529 suffragii,
482 488 567 528 quo
597 473 736 530 magis
766 473 1012 530 respublica
1041 473 1294 530 augebatur,
1323 475 1428 517 tanti
1454 489 1549 517 esse
1575 482 1697 530 pote-

147 543 248 599 rat),
279 544 387 587 hanc
426 545 561 602 igitur
595 553 760 602 partem
790 545 974 588 civitatis
1011 546 1135 588 facile
1173 546 1455 602 negligerent,
1493 546 1568 589 sed
1600 547 1696 602 quis

149 624 224 659 aut
250 617 559 674 rempublicam
590 625 677 660 tam
709 629 900 660 severam
927 625 1002 659 aut
1030 618 1148 674 ipsos
1177 619 1351 660 colonos
1379 619 1485 661 iuris
1517 618 1584 661 sui
1609 626 1696 661 tam

149 689 389 732 incuriosos
420 689 556 732 fuisse
586 690 813 740 existimat,
841 698 890 732 ut
922 699 1051 733 totam
1071 691 1286 734 civitatem
1311 691 1571 734 abiicerent?
1610 691 1698 733 Ita-

148 776 233 817 que
265 762 310 803 in
349 761 528 804 coloniis
558 762 725 804 Latinis
766 763 1003 805 condendis
1038 778 1123 805 non
1160 763 1289 806 modo
1320 764 1436 806 cives
1466 764 1698 814 Romanos,

149 833 224 888 qui
253 833 582 885 ascriberentur,
615 834 831 877 civitatem
859 835 1101 887 retinuisse,
1137 851 1288 878 verum
1324 836 1450 878 etiam
1480 836 1698 892 principes

150 905 338 960 reliquos
380 907 597 963 accepisse
632 922 800 959 censeo,
838 923 917 951 nec
947 916 1059 951 certe
1093 916 1207 951 reete
1243 909 1450 960 fecerunt,
1478 909 1553 964 qui
1583 909 1697 964 quod

150 976 206 1031 Q.
236 978 420 1021 Fulvius
450 978 657 1031 Nobilior,
689 995 788 1023 cum
816 981 1058 1023 Potentiam
1088 988 1130 1023 et
1152 981 1384 1022 Pisaurum
1411 981 1599 1023 colonias
1622 982 1698 1023 de-

152 1050 330 1093 duceret
365 1051 482 1107 (Liv.
513 1051 750 1103 XXXIX,
787 1053 874 1109 44),
915 1052 970 1107 Ω.
1000 1053 1188 1095 Ennium
1220 1061 1386 1110 poetam
1420 1053 1590 1096 civitate
1621 1053 1700 1094 do-

153 1137 282 1165 nasse
311 1130 508 1165 narratur
530 1121 644 1176 (Cic.
674 1124 795 1166 Brut.
828 1124 915 1178 20),
947 1133 1172 1181 utramque
1205 1126 1413 1168 coloniam
1448 1125 1699 1175 Romanam,

149 1209 235 1237 non
252 1194 451 1238 Latinam
473 1195 609 1238 fuisse
629 1196 896 1252 collegerunt
918 1197 1134 1255 (Madvig.
1155 1198 1209 1240 de
1229 1198 1322 1240 iure
1344 1198 1478 1240 colon.
1497 1196 1663 1254 Opusc.
1678 1197 1699 1238 I

148 1282 191 1324 p.
222 1267 337 1323 253).

265 1337 478 1382 Cohaeret
515 1346 658 1382 autem
693 1355 791 1383 cum
827 1342 908 1385 hac
945 1357 991 1385 re
1032 1343 1227 1393 alterum,
1261 1343 1378 1399 quod
1411 1343 1502 1385 sine
1532 1342 1605 1385 illa
1633 1342 1700 1384 in-

151 1412 287 1468 telligi
326 1412 399 1456 vix
441 1413 590 1468 possit.
643 1411 755 1456 Cum
794 1414 906 1456 enim
945 1415 1193 1471 quicunque
1232 1416 1275 1457 in
1313 1415 1491 1458 coloniis
1530 1415 1699 1458 Latinis

151 1485 368 1541 principes
395 1492 528 1536 erant,
564 1485 617 1528 ab
646 1486 741 1541 ipsa
773 1486 939 1543 origine
971 1487 1088 1530 cives
1118 1487 1302 1530 Romani
1329 1495 1486 1538 essent,
1515 1488 1585 1529 lex
1613 1488 1700 1530 La—

152 1556 329 1599 tinitatis
357 1557 587 1607 sanciebat,
614 1567 662 1600 ut
691 1558 766 1614 qui
793 1558 836 1599 in
861 1558 1026 1600 colonia
1053 1559 1210 1602 Latina
1235 1559 1532 1616 magistratum
1559 1560 1698 1602 muni-

153 1629 333 1685 cipalem
377 1637 565 1686 gereret,
610 1629 824 1673 civitatem
862 1630 1185 1687 adipisceretur.
1244 1632 1314 1675 De
1355 1647 1442 1688 qua
1477 1632 1574 1689 lege
1615 1648 1702 1674 non

151 1700 303 1743 debuit
329 1716 520 1757 unquam
555 1700 758 1752 dubitari,
786 1717 866 1744 nec
894 1718 998 1745 vera
1028 1710 1092 1746 est
1121 1704 1379 1755 coniectura,
1410 1720 1540 1761 quam
1572 1720 1703 1761 supra

153 1773 596 1824 commemoravimus,
624 1774 721 1831 lege
747 1774 858 1818 Iulia
888 1775 1062 1818 demum
1091 1775 1412 1833 magistratibus
1445 1777 1700 1820 Latinorum

153 1845 234 1888 hoc
275 1846 343 1888 ius
372 1861 466 1890 esse
500 1847 669 1889 datum:
710 1863 820 1903 quae
851 1848 1097 1891 coniectura
1130 1864 1210 1892 nec
1237 1849 1337 1892 ullis
1369 1850 1542 1892 omnino
1569 1865 1700 1906 argu-

153 1918 306 1960 mentis
335 1917 624 1961 adiuvabatur
660 1926 701 1961 et
733 1934 831 1962 cum
863 1936 888 1962 a
917 1935 1032 1964 more
1060 1921 1254 1965 Romano
1291 1922 1526 1973 recederet,
1564 1924 1700 1979 pluri-

153 1990 234 2032 mis
277 2005 327 2033 ac
371 1991 567 2034 maximis
611 1991 808 2034 adiuvari
851 1991 1013 2035 debuit.
1077 1994 1180 2050 Ipsa
1221 1995 1398 2050 quidem
1444 1995 1701 2050 scriptorum

155 2062 396 2104 testimonia
427 2064 590 2106 nullam
618 2064 928 2107 dubitationem
959 2066 1203 2108 admittunt.
1249 2066 1359 2109 Nam
1391 2067 1446 2108 de
1470 2064 1551 2109 Cn.
1570 2068 1701 2110 Pom-

153 2134 250 2190 peio
293 2134 518 2187 Strabone,
558 2137 632 2192 qui
670 2138 817 2180 multis
854 2138 1176 2194 Transpadanis
1212 2138 1281 2180 ius
1320 2138 1436 2181 Latii
1468 2138 1589 2181 dedit
1625 2141 1701 2196 (cf.

156 2222 287 2263 supra
316 2222 357 2263 p.
391 2207 479 2261 30),
523 2208 559 2250 si
589 2208 752 2251 Ascon.
788 2209 833 2251 in
862 2208 952 2252 Pis.
983 2210 1007 2252 3
1049 2210 1112 2252 sic
1145 2211 1297 2252 refert:
1330 2211 1528 2251 veteribus
1558 2214 1703 2253 incolis

158 2279 421 2320 manentibus
456 2282 522 2320 ius
552 2282 665 2322 dedic
698 2284 831 2331 Latii,
860 2288 908 2322 ut
933 2289 1099 2335 possent
1125 2282 1270 2322 habere
1296 2285 1374 2333 ius,
1414 2285 1524 2337 quod
1547 2290 1703 2324 ceterae

154 2353 338 2392 Latinae
377 2353 571 2403 coloniae,
610 2355 657 2394 id
688 2360 759 2402 est,
791 2360 840 2394 ut
865 2356 1044 2407 gerendo
1073 2357 1346 2407 magistratus
1377 2358 1584 2396 civitatem
1620 2358 1702 2396 Ro-

154 2437 325 2464 manam
356 2424 695 2476 adipiscerentur,
722 2425 819 2481 quis
856 2433 1009 2467 ceteras
1044 2425 1182 2481 potuit
1208 2425 1448 2482 intelligere
1479 2442 1565 2477 eas,
1591 2442 1702 2483 quae

154 2502 253 2551 post
279 2495 421 2551 legem
449 2495 605 2538 Iuliam
636 2497 846 2540 deductae
875 2496 1051 2540 essent?
1104 2497 1239 2539 Modo
1274 2497 1387 2539 enim
1418 2499 1492 2541 illa
1519 2499 1590 2541 lex
1616 2499 1702 2542 lata

156 2575 246 2609 erat
287 2567 486 2618 necdum,
523 2568 687 2624 opinor,
720 2570 908 2612 coloniae
937 2569 1115 2611 Latinae
1143 2584 1304 2620 omnes,
1335 2569 1493 2625 quibus
1522 2572 1701 2614 transire

155 2639 316 2689 liceret,
345 2638 390 2681 in
419 2639 751 2696 municipiorum
770 2641 839 2684 ius
861 2642 1135 2684 transierant:
1167 2657 1308 2684 nonne
1327 2643 1463 2699 igitur
1482 2642 1702 2686 Asconius

155 2711 251 2754 illas
282 2711 413 2767 ipsas,
441 2727 551 2767 quae
577 2719 680 2755 tunc
707 2722 864 2765 essent,
891 2713 1125 2770 respiciens
1152 2722 1266 2757 recte
1293 2714 1428 2756 dixit?
1470 2715 1579 2756 Item
1608 2715 1702 2771 Ap-

156 2785 310 2840 pianus
339 2782 436 2826 bell.
459 2782 540 2825 civ.
559 2783 618 2834 II,
640 2784 709 2836 26,
739 2786 814 2841 qui
844 2787 889 2828 in
917 2786 1129 2829 narranda
1151 2785 1488 2829 Novocomensis
1513 2787 1703 2830 coloniae

158 2855 416 2901 deductione
451 2855 598 2898 adiicit
634 2857 728 2899 τόδε
756 2859 831 2915 γὰρ
866 2859 997 2915 ἰυχύει
1029 2861 1072 2901 τὸ
1103 2859 1264 2911 Λάτιον,
1299 2859 1516 2914 quomodo
1546 2859 1616 2903 vel
1641 2859 1703 2902 le-

1379 2930 1433 2974 23
