1846 3100
234 152 316 195 300
639 155 693 188 De
720 155 852 197 legibus
880 156 1140 198 municipalibus
1167 156 1374 199 Hispanicis.

234 279 330 307 esse
363 263 606 320 putabatur,
635 264 849 320 longeque
879 262 961 306 hoc
987 265 1031 306 in
1063 279 1219 321 genere
1247 265 1377 309 distat
1403 267 1570 324 imperii
1599 268 1781 311 Romani

234 351 327 378 mos
358 336 412 379 ab
443 336 602 379 nostris
629 335 900 379 civitatibus:
930 336 974 378 in
1002 335 1074 378 illo
1100 336 1227 379 etiam
1255 353 1352 380 cum
1381 339 1526 383 nullus
1552 340 1782 397 imperator

234 416 361 459 esset,
401 409 562 450 iustum
595 415 734 451 tamen
771 415 860 450 erat
893 407 1154 464 reipublicae
1189 417 1330 466 caput,
1361 411 1478 467 apud
1506 427 1584 455 nos
1613 419 1781 455 mortuo
1844 451 1846 453 .

235 496 336 536 rege
379 488 607 536 antequam
650 481 759 523 alius
806 481 1058 532 sufficiatur,
1102 497 1226 525 nemo
1264 490 1342 533 est,
1380 483 1436 524 ad
1473 499 1602 539 quem
1644 484 1782 527 omnis

235 561 423 610 potestas
467 553 628 596 redeat.
695 553 933 613 Imperator
978 554 1112 611 igitur
1153 569 1250 597 cum
1292 556 1635 606 constitueretur,
1677 556 1784 598 nihil
1843 542 1846 551 ⁴

236 625 466 668 videbatur
494 626 699 668 Romanis
727 626 845 669 aliud
871 626 963 669 fieri
993 641 1043 669 ac
1073 627 1190 682 quod
1217 626 1317 668 olim
1349 627 1394 668 in
1421 634 1563 670 vetere
1588 627 1782 671 libertate

234 699 399 741 factum
423 704 525 749 erat,
556 706 604 741 ut
633 706 772 741 certae
802 699 1012 755 quaedam
1039 699 1300 755 reipublicae
1329 706 1469 756 partes
1499 699 1683 756 singulis
1704 700 1782 742 ho-

235 770 422 813 minibus
452 771 779 813 mandarentur:
811 771 919 813 illud
950 787 1085 814 unum
1117 772 1335 814 diversum
1368 779 1470 822 erat,
1498 773 1615 828 quod
1647 772 1782 830 impe—

235 843 366 887 ratori
395 858 504 899 quae
535 843 635 886 olim
666 843 865 900 pluribus
905 852 946 886 et
975 845 1020 886 in
1052 851 1214 887 certum
1243 851 1413 901 tempus
1444 844 1544 887 data
1572 852 1705 896 erant,
1734 860 1784 887 ea

234 916 310 958 uni
356 915 499 958 omnia
542 921 584 957 et
627 915 669 957 in
709 924 963 972 perpetuum
998 916 1308 959 tribuebantur.
1374 916 1534 970 Quare,
1577 931 1675 959 cum
1713 917 1783 960 lex

235 1003 344 1045 quae
380 988 433 1030 de
467 987 644 1044 imperio
677 988 916 1046 principum
949 988 1180 1038 ferebatur,
1211 990 1317 1032 nihil
1346 990 1536 1032 differret
1566 1005 1592 1032 a
1618 990 1783 1041 ceteris,

234 1061 435 1118 quoniam
467 1060 574 1103 hanc
604 1062 745 1117 legem
771 1069 914 1104 vetere
945 1077 1061 1104 more
1097 1061 1212 1118 apud
1243 1062 1451 1118 populum
1470 1068 1662 1119 rogatam
1690 1077 1784 1106 esse

236 1141 415 1184 constat,
455 1148 508 1176 ne
541 1133 800 1189 reliquarum
833 1135 1006 1190 quidem
1036 1134 1243 1176 rationem
1271 1134 1482 1177 sublatam
1514 1150 1608 1177 esse
1637 1127 1784 1178 existi-

238 1206 451 1249 mabimus
494 1206 869 1262 intelligemusque
916 1206 1033 1262 quod
1074 1205 1213 1249 Gaius
1248 1207 1283 1256 Ι,
1315 1207 1339 1248 5
1377 1210 1518 1260 legem,
1554 1222 1629 1261 per
1659 1223 1781 1262 quam

235 1283 459 1333 imperator
503 1281 720 1332 imperium
762 1282 913 1332 acczpit
951 1286 1266 1330 commemorat,
1309 1294 1359 1321 eo
1400 1279 1627 1336 pertinere,
1666 1280 1783 1336 quod

236 1351 329 1394 eius
383 1358 518 1394 aetate
574 1357 766 1393 veterum
822 1352 970 1407 legum
1017 1351 1122 1393 ratio
1169 1351 1362 1393 nondum
1411 1351 1597 1395 extincta
1641 1352 1783 1395 fuerit.

234 1424 442 1480 Idemque
475 1424 613 1468 Gaius
643 1424 764 1466 initio
794 1424 1109 1466 institutionum
1141 1438 1315 1466 suarum
1348 1423 1560 1480 significat
1598 1426 1631 1479 ξ.
1664 1425 1688 1467 3
1717 1427 1785 1466 lex

235 1504 306 1547 est,
338 1499 447 1552 quod
468 1499 648 1550 populus
677 1498 785 1537 iubet
817 1503 940 1551 atque
966 1499 1203 1545 constituit;
1233 1510 1332 1537 nam
1356 1496 1570 1551 praesenti
1595 1503 1784 1553 tempore

235 1584 321 1612 non
353 1577 467 1612 esset
500 1585 622 1619 usus,
659 1568 741 1610 nisi
772 1583 850 1611 suo
880 1576 1070 1624 tempore
1099 1568 1240 1624 legem
1270 1567 1349 1610 rite
1377 1576 1418 1611 et
1446 1568 1548 1612 ferri
1579 1576 1620 1610 et
1648 1569 1785 1611 nomi-

236 1643 327 1684 nari
368 1657 495 1698 posse
531 1641 830 1685 existimasset.
892 1640 1082 1684 Omnino
1111 1649 1253 1683 autem
1285 1657 1310 1682 a
1345 1655 1458 1683 more
1488 1641 1682 1684 Romano
1710 1655 1784 1683 ve-

236 1714 455 1756 hementer
495 1714 698 1757 vident-ur
738 1714 991 1763 desciscere,
1029 1714 1104 1770 qui
1145 1714 1293 1769 legum
1332 1713 1565 1756 discrimen
1610 1713 1785 1769 aliquod

237 1794 436 1836 statuant,
464 1786 581 1842 quod
612 1786 777 1828 nullum
806 1802 995 1842 unquam
1025 1786 1119 1828 fuit.
1175 1785 1287 1839 Quis
1317 1786 1428 1827 enim
1458 1785 1636 1836 audivit,
1665 1785 1788 1828 aliter

235 1860 375 1915 legem
402 1874 496 1901 esse
516 1860 656 1909 latam,
690 1874 787 1901 cum
818 1860 872 1901 de
899 1859 991 1900 iure
1012 1858 1140 1906 civili,
1170 1858 1302 1907 aliter,
1323 1872 1421 1900 cum
1447 1857 1501 1900 de
1519 1865 1692 1901 senatus
1711 1865 1786 1900 aut

237 1932 392 1988 plebis·
414 1939 488 1974 aut
515 1931 710 1974 iudicum
741 1938 946 1988 potestate
987 1930 1302 1980 constituenda,
1339 1930 1461 1972 aliter
1492 1945 1590 1973 cum
1620 1921 1675 1972 de
1705 1930 1785 1972 im-

238 2005 357 2061 perio
398 2004 632 2047 deferendo
669 2003 899 2060 ageretur?
954 2002 1103 2044 Minus
1145 2017 1259 2052 sane,
1296 2002 1502 2057 quamdiu
1537 2002 1673 2044 libera
1706 2002 1786 2044 fuit

239 2077 498 2133 respublica,
534 2076 808 2125 curabantur,
846 2089 954 2130 quae
997 2074 1051 2116 ad
1092 2074 1160 2116 ius
1202 2074 1326 2116 civile
1366 2073 1647 2130 pertinebant,
1687 2089 1786 2131 pro-

235 2159 382 2206 pterea
411 2149 527 2205 quod
565 2149 694 2191 nullis
730 2148 913 2206 partium
945 2146 1100 2189 studiis
1131 2146 1415 2202 agitabantur,
1446 2146 1523 2188 sed
1550 2147 1688 2189 forma
1722 2148 1786 2189 fe—

237 2222 360 2264 rendi
396 2221 450 2264 de
482 2221 535 2264 iis
566 2221 715 2264 eadem
752 2234 929 2277 prorsus
959 2225 1061 2268 erat,
1092 2233 1200 2273 quae
1235 2218 1278 2259 in
1315 2218 1491 2274 reliquis
1526 2218 1785 2275 reipublicae

239 2294 434 2350 partibus
471 2293 733 2336 servabatur.
788 2292 912 2334 Nova
941 2292 1013 2333 illa
1044 2299 1108 2333 est
1138 2298 1264 2346 atque
1294 2289 1347 2332 ab
1376 2290 1582 2334 Romanis
1613 2290 1784 2333 alienis-

238 2366 344 2408 sima
376 2366 497 2416 ratio,
531 2382 617 2423 qua
655 2365 812 2421 quibus
848 2363 1175 2420 magistratuum
1216 2369 1445 2418 potestates
1483 2362 1785 2406 describuntur

236 2446 362 2494 atque
398 2438 493 2495 ipsa
523 2437 701 2494 imperia
734 2436 1062 2484 constituuntur,
1103 2434 1157 2476 ab
1197 2435 1290 2476 aliis
1331 2435 1501 2491 legibus
1540 2435 1784 2491 discrepare

237 2519 454 2567 putantur,
487 2525 613 2566 quam
641 2525 726 2552 non
760 2509 1050 2565 tetigissemus
1081 2522 1293 2562 quamque
1317 2522 1519 2563 perversa
1541 2521 1637 2550 esse
1662 2505 1783 2548 vide-

238 2591 355 2625 retur
394 2596 868 2630 commemorassemus,
912 2579 994 2621 nisi
1037 2594 1295 2628 vereremur,
1340 2594 1393 2621 ne
1435 2586 1609 2635 propter
1646 2577 1784 2634 ipsam

237 2655 469 2697 novitatem
511 2662 838 2708 nostrarumque
878 2667 1021 2694 rerum
1062 2651 1384 2693 similitudinem
1429 2650 1496 2700 iis,
1536 2650 1610 2706 qui
1654 2649 1784 2691 moris

238 2727 419 2769 Romani
442 2728 582 2769 minus
603 2726 725 2783 periti
747 2732 902 2773 essent,
922 2724 1301 2766 commendaretur.
1347 2723 1618 2778 Quamquam
1643 2721 1784 2765 hercle

238 2815 321 2841 non
353 2801 411 2842 ita
441 2800 628 2856 disputo,
656 2808 702 2840 ut
731 2813 840 2854 quae
864 2797 929 2840 vis
961 2797 1105 2852 legum
1135 2796 1178 2837 in
1206 2795 1399 2838 libertate
1421 2796 1573 2845 fuerat,
1605 2793 1784 2837 eandem
1831 2840 1838 2844 ,

242 2871 321 2915 sub
356 2872 688 2929 imperatoribus
718 2871 929 2927 integram
960 2868 1201 2912 constitisse
1228 2875 1387 2924 putem.
1431 2867 1544 2922 Quis
1574 2866 1686 2910 enim
1703 2864 1785 2908 hoc
