1846 3100
179 158 261 203 254
617 165 671 197 De
696 165 869 199 dictatoris
896 166 1053 199 Caesaris
1081 167 1281 201 honoribus.

177 278 383 327 petratam
424 287 518 315 esse
559 273 600 318 ἐς
635 273 763 328 ἄνδρα
804 275 910 330 ἱερὸν
950 276 1016 316 καὶ
1057 275 1230 326 ἄσυλον;
1273 276 1395 319 etiam
1426 277 1582 321 Livius
1624 279 1725 336 epit.

180 340 334 386 CXVI
375 352 692 387 sacrosanctum
729 360 823 387 esse
861 345 1099 389 iudicatum
1136 347 1295 390 scribit.
1350 346 1499 402 Quid?
1551 349 1603 391 In
1632 349 1726 393 iure

178 415 406 458 tribunicio
437 432 577 459 nonne
608 432 776 474 semper
803 418 885 461 hoc
914 418 1184 475 potissimum
1214 434 1265 461 ac
1289 419 1412 474 quasi
1435 421 1726 463 necessarium

177 488 329 538 fuerat,
370 496 418 530 ut
463 489 517 531 ad
567 489 653 532 vim
698 489 881 546 cogendi
919 491 1177 533 sacrosancti
1218 507 1312 534 esse
1356 491 1725 534 existimarentur?

179 559 340 613 Quare,
375 576 472 603 cum
504 562 680 604 haberet
706 562 752 603 id
779 560 940 604 Caesar
962 562 1048 604 iam
1068 578 1121 605 ex
1148 571 1289 606 vetere
1308 564 1380 606 illo
1399 564 1585 615 decreto,
1608 565 1726 620 quod

178 647 289 674 anno
311 632 364 675 46
392 635 552 675 factum
584 641 686 685 erat,
716 634 932 690 quomodo
960 635 1116 677 iterum
1137 635 1310 678 decerni
1329 636 1499 692 potuit?
1535 635 1724 680 Necesse

177 704 311 760 igitur
341 713 406 748 est
431 706 528 762 plus
561 707 710 749 datum
739 707 778 749 ei
806 707 860 749 sit
889 722 1017 762 quam
1047 708 1130 764 ipsi
1156 707 1316 750 tribuni
1342 707 1478 764 plebis
1495 708 1723 759 habebant,

177 791 258 819 nec
290 777 379 819 scio
407 778 511 832 quid
539 779 620 820 hoc
651 794 746 821 esse
779 779 915 835 possit
944 779 1027 821 nisi
1060 780 1176 835 quod
1206 781 1277 822 lex
1304 788 1480 831 sacrata,
1510 795 1619 836 quae
1647 782 1723 823 tri-

180 848 394 905 bunorum
422 864 577 906 corpus
606 851 650 892 in
679 851 788 893 urbe
817 851 912 908 ipsa
931 866 1119 908 agroque
1140 853 1332 895 Romano
1353 853 1584 904 tutabatur,
1613 851 1724 895 Cae-

181 920 286 963 saris
308 936 437 963 causa
456 937 532 977 per
553 930 688 965 totum
709 923 935 979 imperium
952 924 1193 967 Romanum
1214 933 1448 982 propagata
1465 932 1542 967 est·
1572 925 1723 981 Neque

176 995 288 1037 enim
320 995 500 1038 dubium
531 1002 609 1046 est,
642 995 747 1051 quin
775 994 1044 1039 tribunorum
1073 1005 1122 1039 ut
1148 1005 1236 1040 tota
1262 1005 1451 1055 potestas
1479 998 1598 1041 urbis
1626 998 1723 1040 fini-

178 1066 260 1109 bus
291 1067 584 1117 coercebatur,
627 1074 746 1110 extra
774 1083 903 1123 quam
944 1068 979 1110 si
1009 1069 1114 1124 quid
1149 1070 1377 1125 aliquando
1409 1070 1597 1127 gessisse
1625 1085 1722 1112 nar-

175 1147 338 1190 rantur,
370 1156 424 1182 an
453 1140 624 1197 propria
648 1140 745 1195 lege
777 1140 844 1182 vel
875 1148 1045 1183 senatus
1075 1143 1270 1185 consulto
1296 1143 1433 1185 ornati
1468 1143 1552 1185 sint
1582 1143 1722 1185 nesci-

177 1228 286 1263 mus,
323 1214 381 1255 ita
416 1212 606 1268 corporis
644 1212 844 1254 sanctitas
881 1213 937 1254 ad
970 1214 1158 1264 eosdem,
1200 1215 1359 1271 quibus
1398 1222 1586 1271 potestas
1618 1229 1720 1257 con-

177 1284 406 1335 tinebatur,
436 1285 543 1327 fines
581 1285 847 1341 pertinuerit,
886 1301 1024 1341 neque
1059 1286 1095 1329 si
1123 1301 1248 1329 nemo
1276 1293 1470 1330 veterum
1504 1287 1551 1328 id
1576 1287 1719 1338 tradit,

174 1372 346 1400 movere
382 1373 459 1399 nos
494 1357 646 1408 debet3
689 1358 900 1414 siquidem
932 1374 1030 1401 cum
1065 1375 1118 1402 ne
1159 1360 1366 1402 excedere
1400 1359 1574 1415 quidem
1611 1359 1719 1402 urbe

173 1429 356 1472 tribunis
387 1431 544 1480 liceret,
575 1431 896 1473 commemorari
926 1431 1044 1487 quod
1071 1431 1266 1474 accidere
1297 1447 1516 1488 nunquam
1539 1440 1718 1489 poterat,

173 1502 322 1544 inutile
353 1511 454 1545 erat.
507 1502 738 1545 Caesarem
770 1518 870 1546 vero
902 1504 1028 1546 etiam
1055 1512 1175 1546 extra
1202 1504 1354 1547 urbem
1377 1505 1599 1548 sanctitate
1625 1519 1719 1547 cor-

172 1575 288 1630 poris
328 1576 468 1619 ornari
506 1590 615 1632 opus
655 1583 758 1626 erat,
799 1576 1049 1631 praesertim
1083 1591 1181 1619 cum
1217 1586 1319 1619 tunc
1359 1586 1506 1620 contra
1533 1577 1718 1620 Parthos

171 1647 384 1703 proficisci
419 1663 469 1690 ac
505 1647 582 1689 diu
618 1647 671 1689 ab
705 1647 811 1689 urbe
848 1647 998 1690 abesse
1030 1649 1248 1705 cogitaret.
1307 1649 1513 1706 Reliquos
1544 1649 1719 1705 quidem

171 1719 448 1776 imperatores
479 1735 555 1776 per
582 1727 719 1762 totum
741 1720 966 1776 imperium
987 1721 1228 1764 Romanum
1261 1729 1553 1764 sacrosanctos
1582 1721 1717 1764 fuisse

171 1792 281 1834 infra
310 1793 529 1834 luculento
554 1792 717 1835 Tiberii
740 1793 934 1848 exemplo
959 1794 1248 1836 ostendemus.
1294 1793 1565 1850 Quamquam
1589 1807 1718 1850 aegre

170 1865 262 1907 fero
292 1865 479 1907 Dionem
517 1866 660 1908 minus
700 1872 896 1907 accurate
927 1865 1088 1908 dixisse
1117 1881 1256 1922 neque
1285 1866 1394 1910 hanc
1423 1865 1716 1922 amplificatio-

170 1952 268 1980 nem
290 1938 396 1980 iuris
419 1937 649 1988 tribunicii,
662 1952 770 1993 quae
786 1945 889 1979 tunc
905 1946 1070 1994 reperta
1087 1946 1164 1989 est,
1179 1945 1323 1994 aperte
1342 1938 1595 1995 significare.
1626 1937 1718 1980 Nec

171 2010 308 2066 magis
337 2010 534 2060 alterum,
571 2009 687 2064 quod
714 2010 759 2051 in
788 2024 901 2052 nova
929 2010 1198 2065 imperatoris
1224 2018 1434 2066 potestate
1463 2017 1565 2061 erat,
1595 2009 1715 2066 quod

171 2082 296 2124 etiam
322 2082 461 2124 maius
496 2083 630 2124 fuisse
666 2082 845 2137 reperio,
876 2082 1049 2124 indicat.
1106 2082 1215 2125 Nam
1245 2083 1406 2125 tribuni
1434 2082 1573 2139 plebis
1601 2090 1715 2126 eate-

169 2170 251 2196 nus
293 2162 412 2196 erant
444 2154 727 2203 sacrosancti,
761 2162 972 2209 quatenus
1015 2154 1120 2210 quid
1153 2170 1230 2211 pro
1266 2163 1475 2212 potestate
1507 2153 1715 2211 agebant:

168 2226 367 2282 privatim
393 2241 476 2268 non
508 2234 626 2268 erant
650 2226 922 2282 legimusque
952 2226 1006 2268 L.
1027 2224 1197 2269 Cottam
1227 2242 1251 2268 a
1269 2226 1552 2270 creditoribus
1580 2227 1625 2269 in
1646 2227 1716 2270 ius

172 2308 372 2341 vocatum
408 2299 571 2355 (Valer.
598 2299 716 2341 Max.
748 2298 825 2348 VI,
857 2299 896 2349 5,
923 2299 981 2352 4),
1019 2298 1082 2340 Μ.
1115 2297 1347 2341 Claudium
1373 2299 1630 2342 Marcellum
1660 2299 1715 2342 de

170 2378 317 2427 stupro
353 2378 603 2414 accusatum
645 2371 724 2425 (id.
755 2371 810 2422 V,
843 2374 877 2422 1,
910 2372 970 2427 7),
1007 2368 1088 2412 Cn.
1125 2370 1423 2421 Tremellium,
1460 2372 1577 2427 quod
1616 2387 1715 2415 cum

167 2443 368 2500 pontifice
409 2444 593 2486 maximo
642 2444 848 2487 iniuriose
886 2443 1199 2493 contendisset,
1227 2444 1427 2500 punitum
1465 2444 1583 2500 (Liv.
1615 2445 1724 2499 epit.-

165 2515 384 2571 XLVII).
445 2516 568 2570 Quae
599 2517 794 2573 exempla
822 2517 1067 2565 ostendunt,
1105 2515 1151 2557 id
1185 2516 1300 2570 quod
1339 2516 1383 2557 in
1419 2516 1514 2572 ipsa
1547 2516 1608 2558 rei
1637 2531 1713 2559 na-

166 2595 262 2630 tura
290 2589 477 2644 positum
513 2596 590 2639 est,
627 2603 724 2631 cum
761 2588 931 2645 publice
965 2589 1217 2645 impunitate
1251 2596 1487 2638 uterentur,
1517 2588 1714 2644 privatim

165 2660 211 2702 in
236 2660 289 2702 iis
320 2675 429 2716 quae
459 2668 581 2703 extra
617 2669 870 2717 potestatem
908 2676 1030 2703 suam
1060 2664 1262 2711 facerent,
1303 2675 1376 2703 eos
1417 2658 1712 2702 communibus

166 2732 357 2774 omnium
383 2733 542 2774 civium
567 2733 739 2788 legibus
766 2733 901 2775 fuisse
934 2733 1162 2776 subiectos.
1201 2734 1318 2775 Illud
1340 2740 1505 2776 tantum
1525 2732 1712 2775 dubitari

164 2812 341 2860 poterat,
381 2804 487 2860 quid
525 2811 638 2847 esset
669 2805 838 2861 publice
876 2805 930 2847 ab
958 2805 1011 2848 iis
1048 2814 1204 2856 actum,
1239 2806 1345 2861 quid
1380 2806 1434 2848 ad
1464 2806 1594 2848 vitam
1623 2805 1712 2861 pri-

164 2884 307 2919 vatam
355 2878 607 2932 pertineret,
661 2892 794 2935 eaque
837 2878 1025 2934 cognitio
1068 2879 1123 2921 ad
1171 2880 1401 2936 collegium
1442 2878 1711 2921 tribunorum
