1846 3100
168 145 250 190 202
610 150 664 182 De
692 149 866 183 dictatoris
893 149 1050 183 Caesaris
1076 150 1276 186 honoribus.

167 258 316 302 retur?
375 259 477 316 Ipse
507 258 681 315 quidem
710 258 768 300 de
795 257 894 300 bell.
925 257 1006 300 civ.
1025 257 1060 308 Ι,
1092 257 1146 300 32
1172 258 1252 301 etsi
1279 274 1492 304 summam
1516 260 1718 304 orationis

168 331 213 373 in
242 338 394 374 senatu
422 347 447 374 a
473 346 518 374 se
544 330 714 373 habitae
735 331 880 381 refert,
906 329 1012 372 nihil
1034 330 1247 373 eiusmodi
1266 340 1421 384 narrat,
1453 333 1529 377 sed
1551 333 1720 390 supplet

168 403 490 459 quodammodo
518 404 715 446 lacunam
746 402 834 445 Dio
865 401 989 446 Cass.
1018 402 1146 453 XLI,
1182 403 1230 446 15
1259 419 1343 460 sq.;
1375 406 1434 448 ait
1464 405 1578 449 enim
1609 403 1720 448 Cae-

171 476 256 518 sari
286 483 481 519 senatum
508 483 630 519 extra
654 474 806 518 urbem
829 475 977 518 datum
1005 490 1122 527 esse,
1149 476 1253 519 item
1278 478 1486 535 populum
1511 477 1720 521 contionis

169 562 300 591 causa
343 556 463 592 extra
504 548 771 605 pomoerium
813 548 1088 600 convenisse,
1135 556 1184 591 ut
1223 551 1284 602 ei,
1330 566 1427 594 cum
1465 549 1720 606 Pompeium

167 620 292 664 Italia
330 621 547 678 exegisset
588 621 860 678 primumque
900 621 955 664 ad
993 621 1145 665 urbem
1186 623 1397 674 venisset,
1437 622 1598 666 nullam
1635 636 1722 677 qua

166 693 212 735 in
242 694 349 737 urbe
380 694 476 751 ipsa
505 684 668 736 versari
696 693 868 744 liceret,
908 700 1158 750 potestatem
1186 695 1388 738 traditam
1418 695 1555 738 fuisse
1589 709 1719 751 appa-

166 773 271 809 reat.
319 764 410 809 Sed
438 781 532 809 eam
560 781 659 808 cum
685 765 741 808 ad
768 765 919 808 urbem
942 773 1046 809 tunc
1064 775 1309 810 versaretur
1329 768 1368 811 ei
1391 768 1606 811 decretam
1625 781 1720 810 esse

168 854 222 881 ex
259 840 340 890 iis,
382 853 491 894 quae
530 839 646 881 Plut.
677 836 803 881 Caes.
834 839 886 881 35
919 845 1082 891 narrat,
1124 840 1429 897 intelligimus3
1473 852 1572 882 nam
1602 837 1720 895 quod

167 911 221 953 L.
252 911 476 954 Metellum
515 910 736 953 tribunum
774 910 910 968 plebis
942 926 1018 966 pro
1051 913 1213 955 aerario
1243 913 1418 970 publico
1447 908 1718 955 interceden-

168 990 254 1026 tem
281 984 496 1027 monendo
526 999 576 1027 ac
605 983 731 1026 minis
762 983 1038 1034 deterruisse,
1063 1000 1116 1027 ne
1139 985 1321 1042 amplius
1350 984 1580 1035 resisteret,
1611 983 1720 1026 dici-

167 1063 260 1107 tur,
300 1056 385 1098 nisi
419 1057 464 1098 in
500 1057 643 1098 forum
678 1064 805 1112 atque
835 1056 986 1099 urbem
1015 1059 1237 1108 intrasset,
1279 1058 1420 1100 facere
1451 1072 1537 1100 non
1566 1056 1718 1113 potuit.

170 1128 317 1182 Quare
349 1144 458 1184 quae
487 1136 590 1172 tunc
616 1129 814 1171 instituta
844 1144 938 1172 esse
968 1130 1099 1172 refert
1121 1130 1207 1172 Dio
1224 1130 1352 1181 XLI,
1374 1130 1437 1180 17,
1467 1145 1553 1172 non
1579 1129 1721 1172 omnia

168 1200 222 1243 ab
257 1201 365 1251 aliis,
398 1202 474 1244 sed
505 1202 715 1258 quaedam
742 1201 795 1245 ab
825 1203 919 1259 ipso
949 1200 1135 1246 Caesare
1165 1202 1459 1246 administrata
1488 1209 1601 1245 sunt.
1652 1201 1721 1244 Ac

166 1273 285 1330 leges
323 1274 498 1329 quidem
539 1290 687 1317 omnes
727 1274 780 1318 ab
819 1275 965 1318 amicis
998 1273 1198 1318 Caesaris
1233 1276 1340 1317 latas
1378 1289 1473 1317 esse
1508 1274 1718 1324 existimo,

167 1345 220 1388 ab
252 1345 313 1387 M.
344 1346 535 1389 Antonio
567 1347 750 1390 maxime
782 1356 823 1389 et
851 1347 907 1401 Q.
938 1346 1091 1391 Cassio
1120 1348 1218 1391 trib.
1247 1348 1329 1404 pl„
1374 1347 1448 1403 qui
1485 1347 1531 1389 in
1567 1347 1719 1390 urbem

166 1419 327 1461 reversi
367 1434 491 1476 saepe
532 1435 630 1462 cum
668 1421 825 1477 populo
858 1420 1067 1477 agebant,
1110 1421 1229 1463 velut
1264 1436 1356 1471 eas,
1398 1418 1556 1476 quibus
1595 1418 1718 1461 multi

167 1491 354 1534 damnati
382 1492 740 1544 restituebantur,
774 1493 828 1536 ab
859 1491 1050 1536 Antonio
1082 1502 1253 1550 rogatas
1285 1508 1385 1536 esse·
1410 1499 1574 1535 constat
1604 1490 1717 1548 (Cic.

166 1563 279 1605 Phil.
314 1563 382 1614 II,
423 1565 511 1620 23).
580 1565 833 1622 Eodemque
872 1574 1062 1622 tempore
1107 1565 1160 1608 de
1196 1565 1343 1608 liberis
1379 1565 1717 1621 proscriptorum

166 1635 301 1677 latum
331 1643 408 1686 est,
437 1644 485 1678 ut
510 1637 565 1679 ad
594 1638 778 1681 honores
808 1638 979 1681 curules
1003 1639 1328 1681 admitterentur
1353 1637 1460 1692 (Dio
1476 1637 1604 1688 XLI,
1627 1639 1716 1690 18);

169 1723 268 1750 nam
298 1709 453 1764 reliqui
479 1709 678 1761 honores,
708 1711 827 1753 velut
854 1718 1085 1767 quaestura
1113 1718 1155 1753 et
1180 1710 1437 1761 tribunatus,
1467 1710 1592 1752 etiam
1620 1715 1717 1751 ante

166 1780 219 1822 iis
251 1787 488 1837 patuerant.
541 1782 752 1838 Exemplo
782 1791 846 1825 est
875 1781 926 1826 C.
945 1783 1102 1826 Vibius
1119 1783 1275 1833 Pansa,
1307 1797 1396 1825 cos.
1423 1782 1523 1824 anni
1544 1782 1611 1833 43,
1641 1781 1715 1838 qui

168 1868 265 1895 cum
295 1854 524 1910 proscripti
552 1854 665 1898 filius
696 1863 809 1898 esset
843 1856 950 1912 (Dio
981 1855 1152 1906 XLIV,
1188 1855 1272 1909 17),
1311 1870 1422 1897 anno
1450 1855 1499 1896 51
1533 1854 1630 1897 trib.
1659 1854 1716 1912 pl.

166 1926 249 1968 fuit
280 1924 394 1983 (Cic.
427 1927 550 1984 epist.
581 1928 706 1979 VIII,
740 1929 808 1984 8),
854 1935 946 1970 tum
978 1927 1281 1984 praetermissa
1310 1927 1546 1978 aedilitate,
1587 1942 1715 1982 quam

165 2006 341 2055 propter
369 1999 511 2055 legem
539 1998 783 2042 Corneliam
812 2016 961 2057 gerere
990 2015 1074 2042 non
1103 2006 1319 2056 potuerat,
1364 1999 1569 2050 comitiis,
1607 2013 1716 2054 quae

168 2071 351 2113 dictator
383 2069 544 2114 Caesar
585 2087 696 2114 anno
727 2072 779 2115 49
822 2072 991 2122 habuit,
1030 2079 1274 2128 praeturam
1310 2071 1409 2113 anni
1442 2072 1494 2114 48
1533 2070 1717 2113 obtinuit

167 2143 399 2199 (Borghes.
431 2144 474 2185 in
505 2144 661 2186 Diurn.
690 2143 850 2187 Arcad.
886 2144 1014 2194 1822,
1053 2145 1076 2186 3
1117 2159 1160 2200 p.
1192 2143 1306 2199 317).
1371 2143 1482 2186 Nam
1521 2143 1583 2185 sic
1618 2158 1716 2184 cum

168 2214 324 2257 Dionis
350 2216 602 2259 auctoritate
629 2217 922 2259 conciliandus
950 2224 1015 2258 est
1044 2215 1303 2258 Plutarchus
1332 2213 1456 2258 Caes.
1476 2215 1542 2266 37,
1573 2215 1647 2271 qui
1672 2214 1716 2256 in

168 2287 378 2330 dictatura
409 2286 640 2331 Caesarem
672 2289 1010 2345 proscriptorum
1039 2288 1197 2331 liberos
1227 2287 1282 2328 ad
1309 2287 1491 2329 honores
1522 2287 1716 2330 evexisse

168 2359 314 2402 scribit
325 2363 422 2413 (τῶν
438 2361 649 2402 ἐπὶΣύλλα
667 2362 1001 2416 δυστυχησάντων
1018 2360 1112 2405 τοὺς
1122 2361 1270 2404 παῖδας
1286 2360 1491 2414 ἐπιτίμους
1506 2359 1714 2414 &nosnos-Q:

166 2432 366 2475 nimirum
386 2433 604 2476 Antonius
633 2439 681 2475 ut
706 2448 853 2475 eorum
880 2433 1087 2475 rationem
1115 2431 1263 2474 haberi
1287 2431 1436 2474 liceret
1464 2430 1574 2480 tulit,
1605 2427 1715 2472 Cae-

168 2519 237 2547 sar
276 2505 320 2546 in
360 2505 573 2548 dictatura
610 2505 792 2548 comitiis
824 2503 1073 2561 praesidens
1105 2519 1158 2546 ex
1187 2504 1284 2560 lege
1314 2503 1521 2545 rationem
1552 2502 1714 2544 habuit.

169 2575 450 2633 Similemque
486 2580 699 2620 fortunam
735 2577 885 2620 habuit
919 2574 969 2618 C.
1004 2574 1206 2619 Carrinas
1248 2576 1353 2632 (Dio
1382 2575 1470 2623 LI,
1508 2575 1603 2628 21),
1642 2574 1716 2630 qui

168 2663 266 2692 cum
294 2650 445 2692 eodem
475 2665 559 2706 quo
592 2648 643 2693 C.
672 2650 828 2694 Vibius
859 2663 970 2691 anno
1003 2648 1271 2691 consulatum
1298 2646 1503 2704 gesserit,
1542 2653 1716 2702 praetu-

165 2737 257 2764 ram
286 2737 457 2778 quoque
489 2723 630 2765 vicino
661 2730 850 2779 tempore
880 2721 1053 2764 videtur
1081 2720 1285 2776 gessisse.
1351 2719 1474 2761 Haec
1503 2718 1637 2775 igitur
1665 2732 1715 2760 ac

166 2794 266 2836 talia
301 2795 355 2837 ab
393 2795 540 2837 amicis
577 2793 777 2837 Caesaris
814 2801 918 2836 tunc
956 2801 1051 2836 acta
1090 2808 1184 2836 esse
1225 2792 1427 2843 arbitror,
1467 2792 1559 2848 ipse
1595 2790 1714 2841 nihil,

167 2867 330 2923 opinor,
359 2874 525 2923 praeter
550 2882 638 2908 rem
667 2867 889 2908 militarem
917 2866 1068 2923 tetigit.
1126 2865 1214 2907 Sed
1240 2881 1325 2921 qua
1351 2863 1588 2921 potestate?
1628 2877 1714 2918 quo
