<?xml version="1.0" encoding="UTF-8"?>
<!DOCTYPE html PUBLIC "-//W3C//DTD XHTML 1.0 Transitional//EN"
    "http://www.w3.org/TR/xhtml1/DTD/xhtml1-transitional.dtd">
<html xmlns="http://www.w3.org/1999/xhtml" xml:lang="en" lang="en">
 <head>
  <title>
</title>
<meta http-equiv="Content-Type" content="text/html;charset=utf-8" />
  <meta name='ocr-system' content='tesseract 3.04.00' />
  <meta name='ocr-capabilities' content='ocr_page ocr_carea ocr_par ocr_line ocrx_word'/>
</head>
<body>
  <div class='ocr_page' id='page_1' title='image "./studiaromanasive00zump_0045.png"; bbox 0 0 1846 3100; ppageno 0'>
   <div class='ocr_carea' id='block_1_1' title="bbox 0 2515 37 2835">
    <p class='ocr_par' dir='ltr' id='par_1_1' title="bbox 0 2515 37 2835">
     <span class='ocr_line' id='line_1_1' title="bbox 0 2515 37 2835; baseline 0 265"><span class='ocrx_word' id='word_1_1' title='bbox 0 2515 37 2835; x_wconf 95' lang='lat' dir='ltr'> </span> 
     </span>
    </p>
   </div>
   <div class='ocr_carea' id='block_1_2' title="bbox 577 163 1680 210">
    <p class='ocr_par' dir='ltr' id='par_1_2' title="bbox 577 163 1680 210">
     <span class='ocr_line' id='line_1_2' title="bbox 577 163 1680 210; baseline -0.003 -7"><span class='ocrx_word' id='word_1_2' title='bbox 577 169 631 202; x_wconf 87' lang='lat' dir='ltr'>De</span> <span class='ocrx_word' id='word_1_3' title='bbox 660 168 772 202; x_wconf 81' lang='lat' dir='ltr'>Gallia</span> <span class='ocrx_word' id='word_1_4' title='bbox 796 167 1028 201; x_wconf 77' lang='lat' dir='ltr'>Romanorum</span> <span class='ocrx_word' id='word_1_5' title='bbox 1061 166 1245 210; x_wconf 82' lang='lat' dir='ltr'>provincia.</span> <span class='ocrx_word' id='word_1_6' title='bbox 1627 163 1680 207; x_wconf 82' lang='lat'>33</span> 
     </span>
    </p>
   </div>
   <div class='ocr_carea' id='block_1_3' title="bbox 69 274 1684 2931">
    <p class='ocr_par' dir='ltr' id='par_1_3' title="bbox 69 274 1684 2931">
     <span class='ocr_line' id='line_1_3' title="bbox 132 274 1681 333; baseline -0.001 -13"><span class='ocrx_word' id='word_1_7' title='bbox 132 279 178 320; x_wconf 90' lang='lat' dir='ltr'>in</span> <span class='ocrx_word' id='word_1_8' title='bbox 207 277 355 320; x_wconf 86' lang='lat' dir='ltr'>Pison.</span> <span class='ocrx_word' id='word_1_9' title='bbox 383 292 424 333; x_wconf 92' lang='lat' dir='ltr'>p.</span> <span class='ocrx_word' id='word_1_10' title='bbox 457 277 532 332; x_wconf 85' lang='lat'>3),</span> <span class='ocrx_word' id='word_1_11' title='bbox 574 276 775 332; x_wconf 89' lang='lat' dir='ltr'>quoniam</span> <span class='ocrx_word' id='word_1_12' title='bbox 803 275 857 318; x_wconf 89' lang='lat' dir='ltr'>ad</span> <span class='ocrx_word' id='word_1_13' title='bbox 886 274 1055 316; x_wconf 85' lang='lat' dir='ltr'>Padum</span> <span class='ocrx_word' id='word_1_14' title='bbox 1097 274 1201 317; x_wconf 88' lang='lat' dir='ltr'>sitae</span> <span class='ocrx_word' id='word_1_15' title='bbox 1235 281 1375 324; x_wconf 88' lang='lat' dir='ltr'>erant,</span> <span class='ocrx_word' id='word_1_16' title='bbox 1417 290 1501 317; x_wconf 91' lang='lat' dir='ltr'>non</span> <span class='ocrx_word' id='word_1_17' title='bbox 1539 276 1681 320; x_wconf 88' lang='lat' dir='ltr'>minus</span> 
     </span>
     <span class='ocr_line' id='line_1_4' title="bbox 130 345 1684 405; baseline -0.002 -13"><span class='ocrx_word' id='word_1_18' title='bbox 130 357 245 392; x_wconf 86' lang='lat' dir='ltr'>recte</span> <span class='ocrx_word' id='word_1_19' title='bbox 283 347 553 405; x_wconf 88' lang='lat' dir='ltr'>Cispadanae</span> <span class='ocrx_word' id='word_1_20' title='bbox 594 363 724 404; x_wconf 89' lang='lat' dir='ltr'>quam</span> <span class='ocrx_word' id='word_1_21' title='bbox 764 346 1097 402; x_wconf 86' lang='lat' dir='ltr'>Transpadanae</span> <span class='ocrx_word' id='word_1_22' title='bbox 1142 345 1308 389; x_wconf 84' lang='lat' dir='ltr'>Galliae</span> <span class='ocrx_word' id='word_1_23' title='bbox 1344 347 1684 390; x_wconf 88' lang='lat' dir='ltr'>accensebantur</span> 
     </span>
     <span class='ocr_line' id='line_1_5' title="bbox 131 419 1680 477; baseline -0.001 -13"><span class='ocrx_word' id='word_1_24' title='bbox 131 436 266 477; x_wconf 89' lang='lat' dir='ltr'>eoque</span> <span class='ocrx_word' id='word_1_25' title='bbox 283 419 436 477; x_wconf 79' lang='lat' dir='ltr'>magis,</span> <span class='ocrx_word' id='word_1_26' title='bbox 463 421 579 477; x_wconf 91' lang='lat' dir='ltr'>quod</span> <span class='ocrx_word' id='word_1_27' title='bbox 608 421 704 477; x_wconf 89' lang='lat' dir='ltr'>ipsa</span> <span class='ocrx_word' id='word_1_28' title='bbox 720 419 1029 475; x_wconf 83' lang='lat' dir='ltr'>Transpadana</span> <span class='ocrx_word' id='word_1_29' title='bbox 1055 419 1176 475; x_wconf 88' lang='lat' dir='ltr'>regio</span> <span class='ocrx_word' id='word_1_30' title='bbox 1203 434 1356 475; x_wconf 90' lang='lat' dir='ltr'>parum</span> <span class='ocrx_word' id='word_1_31' title='bbox 1374 419 1500 462; x_wconf 89' lang='lat' dir='ltr'>certis</span> <span class='ocrx_word' id='word_1_32' title='bbox 1520 419 1680 463; x_wconf 88' lang='lat' dir='ltr'>finibus</span> 
     </span>
     <span class='ocr_line' id='line_1_6' title="bbox 130 491 1681 550; baseline -0.001 -14"><span class='ocrx_word' id='word_1_33' title='bbox 130 493 348 536; x_wconf 86' lang='lat' dir='ltr'>terminari</span> <span class='ocrx_word' id='word_1_34' title='bbox 386 500 539 550; x_wconf 87' lang='lat' dir='ltr'>potest.</span> <span class='ocrx_word' id='word_1_35' title='bbox 606 491 880 547; x_wconf 78' lang='lat' dir='ltr'>Quamquam</span> <span class='ocrx_word' id='word_1_36' title='bbox 927 491 1065 533; x_wconf 88' lang='lat' dir='ltr'>omnis</span> <span class='ocrx_word' id='word_1_37' title='bbox 1103 491 1208 533; x_wconf 89' lang='lat' dir='ltr'>haec</span> <span class='ocrx_word' id='word_1_38' title='bbox 1248 491 1534 542; x_wconf 80' lang='lat' dir='ltr'>ratiocinatio,</span> <span class='ocrx_word' id='word_1_39' title='bbox 1584 506 1681 534; x_wconf 86' lang='lat' dir='ltr'>cum</span> 
     </span>
     <span class='ocr_line' id='line_1_7' title="bbox 129 562 1682 622; baseline -0.001 -14"><span class='ocrx_word' id='word_1_40' title='bbox 129 565 296 608; x_wconf 89' lang='lat' dir='ltr'>nullum</span> <span class='ocrx_word' id='word_1_41' title='bbox 327 564 599 622; x_wconf 85' lang='lat' dir='ltr'>Cispadanae</span> <span class='ocrx_word' id='word_1_42' title='bbox 638 571 678 606; x_wconf 90' lang='lat' dir='ltr'>et</span> <span class='ocrx_word' id='word_1_43' title='bbox 710 565 746 605; x_wconf 87' lang='lat' dir='ltr'>T</span> <span class='ocrx_word' id='word_1_44' title='bbox 750 563 1045 620; x_wconf 90' lang='lat' dir='ltr'>ranspadanae</span> <span class='ocrx_word' id='word_1_45' title='bbox 1077 562 1244 606; x_wconf 84' lang='lat' dir='ltr'>Galliae</span> <span class='ocrx_word' id='word_1_46' title='bbox 1277 564 1508 606; x_wconf 85' lang='lat' dir='ltr'><strong>discrimen</strong></span> <span class='ocrx_word' id='word_1_47' title='bbox 1545 564 1682 607; x_wconf 86' lang='lat' dir='ltr'>fuisse</span> 
     </span>
     <span class='ocr_line' id='line_1_8' title="bbox 131 636 1680 693; baseline -0.001 -13"><span class='ocrx_word' id='word_1_48' title='bbox 131 638 383 688; x_wconf 84' lang='lat' dir='ltr'>dixerimus,</span> <span class='ocrx_word' id='word_1_49' title='bbox 408 637 605 693; x_wconf 87' lang='lat' dir='ltr'>quamvis</span> <span class='ocrx_word' id='word_1_50' title='bbox 625 643 828 692; x_wconf 87' lang='lat' dir='ltr'>suscepta</span> <span class='ocrx_word' id='word_1_51' title='bbox 846 643 972 686; x_wconf 89' lang='lat' dir='ltr'>esset,</span> <span class='ocrx_word' id='word_1_52' title='bbox 1002 643 1141 678; x_wconf 83' lang='lat' dir='ltr'>tamen</span> <span class='ocrx_word' id='word_1_53' title='bbox 1159 636 1381 678; x_wconf 88' lang='lat' dir='ltr'>videretur</span> <span class='ocrx_word' id='word_1_54' title='bbox 1397 651 1491 679; x_wconf 88' lang='lat' dir='ltr'>esse</span> <span class='ocrx_word' id='word_1_55' title='bbox 1503 636 1680 679; x_wconf 88' lang='lat' dir='ltr'>inutilis.</span> 
     </span>
     <span class='ocr_line' id='line_1_9' title="bbox 130 708 1682 765; baseline -0.003 -11"><span class='ocrx_word' id='word_1_56' title='bbox 130 710 192 754; x_wconf 88' lang='lat' dir='ltr'>At</span> <span class='ocrx_word' id='word_1_57' title='bbox 221 711 324 753; x_wconf 85' lang='lat' dir='ltr'>satis</span> <span class='ocrx_word' id='word_1_58' title='bbox 355 709 498 752; x_wconf 89' lang='lat' dir='ltr'>valida</span> <span class='ocrx_word' id='word_1_59' title='bbox 531 715 632 751; x_wconf 88' lang='lat' dir='ltr'>sunt</span> <span class='ocrx_word' id='word_1_60' title='bbox 671 716 947 765; x_wconf 85' lang='lat' dir='ltr'>argumenta,</span> <span class='ocrx_word' id='word_1_61' title='bbox 992 724 1100 763; x_wconf 91' lang='lat' dir='ltr'>quae</span> <span class='ocrx_word' id='word_1_62' title='bbox 1143 723 1216 751; x_wconf 89' lang='lat' dir='ltr'>eos</span> <span class='ocrx_word' id='word_1_63' title='bbox 1253 709 1326 763; x_wconf 94' lang='lat' dir='ltr'>qui</span> <span class='ocrx_word' id='word_1_64' title='bbox 1366 716 1485 751; x_wconf 87' lang='lat' dir='ltr'>extra</span> <span class='ocrx_word' id='word_1_65' title='bbox 1514 708 1682 750; x_wconf 89' lang='lat' dir='ltr'>Italiam</span> 
     </span>
     <span class='ocr_line' id='line_1_10' title="bbox 131 780 1682 837; baseline -0.001 -12"><span class='ocrx_word' id='word_1_66' title='bbox 131 790 251 826; x_wconf 89' lang='lat' dir='ltr'>erant</span> <span class='ocrx_word' id='word_1_67' title='bbox 270 782 449 825; x_wconf 89' lang='lat' dir='ltr'>Latinos</span> <span class='ocrx_word' id='word_1_68' title='bbox 473 796 560 824; x_wconf 91' lang='lat' dir='ltr'>non</span> <span class='ocrx_word' id='word_1_69' title='bbox 594 796 689 823; x_wconf 89' lang='lat' dir='ltr'>esse</span> <span class='ocrx_word' id='word_1_70' title='bbox 721 781 903 823; x_wconf 89' lang='lat' dir='ltr'>donatos</span> <span class='ocrx_word' id='word_1_71' title='bbox 933 780 1103 822; x_wconf 83' lang='lat' dir='ltr'>civitate</span> <span class='ocrx_word' id='word_1_72' title='bbox 1134 780 1328 823; x_wconf 80' lang='lat' dir='ltr'>doceant.</span> <span class='ocrx_word' id='word_1_73' title='bbox 1363 781 1558 823; x_wconf 87' lang='lat' dir='ltr'>Primum</span> <span class='ocrx_word' id='word_1_74' title='bbox 1588 781 1682 837; x_wconf 90' lang='lat' dir='ltr'>ipsa</span> 
     </span>
     <span class='ocr_line' id='line_1_11' title="bbox 129 852 1683 908; baseline -0.001 -11"><span class='ocrx_word' id='word_1_75' title='bbox 129 856 191 897; x_wconf 89' lang='lat' dir='ltr'>rei</span> <span class='ocrx_word' id='word_1_76' title='bbox 222 855 330 898; x_wconf 88' lang='lat' dir='ltr'>ratio</span> <span class='ocrx_word' id='word_1_77' title='bbox 358 854 404 896; x_wconf 85' lang='lat' dir='ltr'>id</span> <span class='ocrx_word' id='word_1_78' title='bbox 434 853 634 896; x_wconf 85' lang='lat' dir='ltr'>ostendit.</span> <span class='ocrx_word' id='word_1_79' title='bbox 694 852 996 907; x_wconf 82' lang='lat' dir='ltr'>Sequebantur</span> <span class='ocrx_word' id='word_1_80' title='bbox 1023 853 1135 894; x_wconf 88' lang='lat' dir='ltr'>enim</span> <span class='ocrx_word' id='word_1_81' title='bbox 1162 853 1344 895; x_wconf 85' lang='lat' dir='ltr'>Romani</span> <span class='ocrx_word' id='word_1_82' title='bbox 1376 853 1417 894; x_wconf 89' lang='lat' dir='ltr'>in</span> <span class='ocrx_word' id='word_1_83' title='bbox 1447 853 1544 908; x_wconf 87' lang='lat' dir='ltr'>lege</span> <span class='ocrx_word' id='word_1_84' title='bbox 1572 853 1683 896; x_wconf 88' lang='lat' dir='ltr'>Iulia</span> 
     </span>
     <span class='ocr_line' id='line_1_12' title="bbox 94 924 1681 988; baseline 0 -20"><span class='ocrx_word' id='word_1_85' title='bbox 94 927 236 988; x_wconf 31' lang='lat' dir='ltr'>’hoc,</span> <span class='ocrx_word' id='word_1_86' title='bbox 281 934 329 969; x_wconf 93' lang='lat' dir='ltr'>ut</span> <span class='ocrx_word' id='word_1_87' title='bbox 368 927 545 983; x_wconf 86' lang='lat' dir='ltr'>opinor,</span> <span class='ocrx_word' id='word_1_88' title='bbox 591 933 639 968; x_wconf 90' lang='lat' dir='ltr'>ut</span> <span class='ocrx_word' id='word_1_89' title='bbox 674 933 834 967; x_wconf 82' lang='lat' dir='ltr'>metum</span> <span class='ocrx_word' id='word_1_90' title='bbox 880 939 933 965; x_wconf 89' lang='lat' dir='ltr'>ex</span> <span class='ocrx_word' id='word_1_91' title='bbox 966 924 1145 980; x_wconf 88' lang='lat' dir='ltr'>imperio</span> <span class='ocrx_word' id='word_1_92' title='bbox 1181 925 1376 967; x_wconf 85' lang='lat' dir='ltr'>tollerent</span> <span class='ocrx_word' id='word_1_93' title='bbox 1408 925 1681 982; x_wconf 90' lang='lat' dir='ltr'>hostiumque</span> 
     </span>
     <span class='ocr_line' id='line_1_13' title="bbox 129 997 1681 1054; baseline 0 -13"><span class='ocrx_word' id='word_1_94' title='bbox 129 1014 382 1050; x_wconf 88' lang='lat' dir='ltr'>numerum,</span> <span class='ocrx_word' id='word_1_95' title='bbox 427 999 500 1054; x_wconf 90' lang='lat' dir='ltr'>qui</span> <span class='ocrx_word' id='word_1_96' title='bbox 543 999 680 1054; x_wconf 84' lang='lat' dir='ltr'>ipsam</span> <span class='ocrx_word' id='word_1_97' title='bbox 725 997 877 1039; x_wconf 91' lang='lat' dir='ltr'>urbem</span> <span class='ocrx_word' id='word_1_98' title='bbox 922 1004 1148 1053; x_wconf 86' lang='lat' dir='ltr'>urgerent,</span> <span class='ocrx_word' id='word_1_99' title='bbox 1206 998 1458 1040; x_wconf 86' lang='lat' dir='ltr'>minuerent.</span> <span class='ocrx_word' id='word_1_100' title='bbox 1530 998 1681 1054; x_wconf 89' lang='lat' dir='ltr'>Itaque</span> 
     </span>
     <span class='ocr_line' id='line_1_14' title="bbox 132 1069 1681 1128; baseline -0.002 -14"><span class='ocrx_word' id='word_1_101' title='bbox 132 1071 442 1128; x_wconf 82' lang='lat' dir='ltr'>sapientissime</span> <span class='ocrx_word' id='word_1_102' title='bbox 473 1071 690 1120; x_wconf 83' lang='lat' dir='ltr'>fecerunt,</span> <span class='ocrx_word' id='word_1_103' title='bbox 739 1069 876 1125; x_wconf 90' lang='lat' dir='ltr'>quod,</span> <span class='ocrx_word' id='word_1_104' title='bbox 919 1084 1017 1111; x_wconf 89' lang='lat' dir='ltr'>cum</span> <span class='ocrx_word' id='word_1_105' title='bbox 1048 1070 1258 1126; x_wconf 91' lang='lat' dir='ltr'>undique,</span> <span class='ocrx_word' id='word_1_106' title='bbox 1304 1071 1376 1125; x_wconf 89' lang='lat' dir='ltr'>qui</span> <span class='ocrx_word' id='word_1_107' title='bbox 1405 1070 1681 1112; x_wconf 88' lang='lat' dir='ltr'>victoriarum</span> 
     </span>
     <span class='ocr_line' id='line_1_15' title="bbox 131 1141 1681 1198; baseline 0 -13"><span class='ocrx_word' id='word_1_108' title='bbox 131 1143 232 1186; x_wconf 87' lang='lat' dir='ltr'>olim</span> <span class='ocrx_word' id='word_1_109' title='bbox 263 1143 367 1186; x_wconf 87' lang='lat' dir='ltr'>socii</span> <span class='ocrx_word' id='word_1_110' title='bbox 398 1144 581 1192; x_wconf 89' lang='lat' dir='ltr'>fuerant,</span> <span class='ocrx_word' id='word_1_111' title='bbox 616 1143 837 1193; x_wconf 77' lang='lat' dir='ltr'>instarent,</span> <span class='ocrx_word' id='word_1_112' title='bbox 877 1142 1046 1184; x_wconf 88' lang='lat' dir='ltr'>civitate</span> <span class='ocrx_word' id='word_1_113' title='bbox 1076 1142 1221 1184; x_wconf 88' lang='lat' dir='ltr'>multis</span> <span class='ocrx_word' id='word_1_114' title='bbox 1251 1141 1423 1198; x_wconf 89' lang='lat' dir='ltr'>populis</span> <span class='ocrx_word' id='word_1_115' title='bbox 1451 1150 1577 1198; x_wconf 88' lang='lat' dir='ltr'>atque</span> <span class='ocrx_word' id='word_1_116' title='bbox 1608 1159 1681 1185; x_wconf 92' lang='lat' dir='ltr'>ur-</span> 
     </span>
     <span class='ocr_line' id='line_1_16' title="bbox 131 1215 1678 1270; baseline -0.001 -12"><span class='ocrx_word' id='word_1_117' title='bbox 131 1215 259 1258; x_wconf 85' lang='lat' dir='ltr'>bibus</span> <span class='ocrx_word' id='word_1_118' title='bbox 289 1215 437 1258; x_wconf 89' lang='lat' dir='ltr'>Italiae</span> <span class='ocrx_word' id='word_1_119' title='bbox 467 1215 610 1257; x_wconf 85' lang='lat' dir='ltr'>danda</span> <span class='ocrx_word' id='word_1_120' title='bbox 640 1215 827 1257; x_wconf 90' lang='lat' dir='ltr'>hostium</span> <span class='ocrx_word' id='word_1_121' title='bbox 856 1215 969 1257; x_wconf 86' lang='lat' dir='ltr'>vires</span> <span class='ocrx_word' id='word_1_122' title='bbox 1002 1215 1256 1265; x_wconf 89' lang='lat' dir='ltr'>diviserunt,</span> <span class='ocrx_word' id='word_1_123' title='bbox 1290 1215 1578 1270; x_wconf 85' lang='lat' dir='ltr'>paulatimque</span> <span class='ocrx_word' id='word_1_124' title='bbox 1611 1230 1678 1257; x_wconf 89' lang='lat' dir='ltr'>se-</span> 
     </span>
     <span class='ocr_line' id='line_1_17' title="bbox 132 1286 1679 1343; baseline 0.001 -14"><span class='ocrx_word' id='word_1_125' title='bbox 132 1287 306 1330; x_wconf 87' lang='lat' dir='ltr'>ditionis</span> <span class='ocrx_word' id='word_1_126' title='bbox 328 1287 489 1330; x_wconf 89' lang='lat' dir='ltr'>semina</span> <span class='ocrx_word' id='word_1_127' title='bbox 506 1287 791 1329; x_wconf 86' lang='lat' dir='ltr'>sustulerunt:</span> <span class='ocrx_word' id='word_1_128' title='bbox 825 1286 899 1328; x_wconf 86' lang='lat' dir='ltr'>sed</span> <span class='ocrx_word' id='word_1_129' title='bbox 918 1287 1035 1341; x_wconf 91' lang='lat' dir='ltr'>quid,</span> <span class='ocrx_word' id='word_1_130' title='bbox 1068 1302 1241 1343; x_wconf 86' lang='lat' dir='ltr'>quaeso,</span> <span class='ocrx_word' id='word_1_131' title='bbox 1269 1288 1463 1330; x_wconf 87' lang='lat' dir='ltr'>utilitatis</span> <span class='ocrx_word' id='word_1_132' title='bbox 1481 1288 1679 1340; x_wconf 89' lang='lat' dir='ltr'>habebat,</span> 
     </span>
     <span class='ocr_line' id='line_1_18' title="bbox 131 1359 1680 1418; baseline 0 -15"><span class='ocrx_word' id='word_1_133' title='bbox 131 1361 312 1418; x_wconf 91' lang='lat' dir='ltr'>populos</span> <span class='ocrx_word' id='word_1_134' title='bbox 339 1367 458 1402; x_wconf 86' lang='lat' dir='ltr'>extra</span> <span class='ocrx_word' id='word_1_135' title='bbox 483 1360 651 1402; x_wconf 88' lang='lat' dir='ltr'>Italiam</span> <span class='ocrx_word' id='word_1_136' title='bbox 685 1359 802 1410; x_wconf 87' lang='lat' dir='ltr'>sitos,</span> <span class='ocrx_word' id='word_1_137' title='bbox 841 1359 914 1414; x_wconf 83' lang='lat' dir='ltr'>qui</span> <span class='ocrx_word' id='word_1_138' title='bbox 943 1360 986 1401; x_wconf 90' lang='lat' dir='ltr'>in</span> <span class='ocrx_word' id='word_1_139' title='bbox 1018 1360 1178 1402; x_wconf 88' lang='lat' dir='ltr'>nullam</span> <span class='ocrx_word' id='word_1_140' title='bbox 1208 1359 1307 1402; x_wconf 85' lang='lat' dir='ltr'>belli</span> <span class='ocrx_word' id='word_1_141' title='bbox 1340 1361 1680 1404; x_wconf 81' lang='lat' dir='ltr'>communionem</span> 
     </span>
     <span class='ocr_line' id='line_1_19' title="bbox 116 1431 1679 1491; baseline 0 -16"><span class='ocrx_word' id='word_1_142' title='bbox 116 1433 278 1491; x_wconf 15' lang='lat' dir='ltr'>&#39;venire</span> <span class='ocrx_word' id='word_1_143' title='bbox 303 1439 478 1488; x_wconf 86' lang='lat' dir='ltr'>possent</span> <span class='ocrx_word' id='word_1_144' title='bbox 502 1447 582 1474; x_wconf 89' lang='lat' dir='ltr'>nec</span> <span class='ocrx_word' id='word_1_145' title='bbox 611 1432 836 1487; x_wconf 89' lang='lat' dir='ltr'>quicquam</span> <span class='ocrx_word' id='word_1_146' title='bbox 865 1432 1042 1488; x_wconf 89' lang='lat' dir='ltr'>periculi</span> <span class='ocrx_word' id='word_1_147' title='bbox 1072 1433 1358 1482; x_wconf 87' lang='lat' dir='ltr'>minarentur,</span> <span class='ocrx_word' id='word_1_148' title='bbox 1394 1448 1444 1474; x_wconf 90' lang='lat' dir='ltr'>eo</span> <span class='ocrx_word' id='word_1_149' title='bbox 1472 1431 1679 1475; x_wconf 85' lang='lat' dir='ltr'>beneficio</span> 
     </span>
     <span class='ocr_line' id='line_1_20' title="bbox 131 1503 1680 1561; baseline -0.001 -13"><span class='ocrx_word' id='word_1_150' title='bbox 131 1506 315 1556; x_wconf 86' lang='lat' dir='ltr'>afficere,</span> <span class='ocrx_word' id='word_1_151' title='bbox 346 1506 476 1561; x_wconf 92' lang='lat' dir='ltr'>quod,</span> <span class='ocrx_word' id='word_1_152' title='bbox 505 1505 579 1559; x_wconf 88' lang='lat' dir='ltr'>qui</span> <span class='ocrx_word' id='word_1_153' title='bbox 611 1504 768 1560; x_wconf 91' lang='lat' dir='ltr'>optime</span> <span class='ocrx_word' id='word_1_154' title='bbox 800 1503 854 1546; x_wconf 89' lang='lat' dir='ltr'>de</span> <span class='ocrx_word' id='word_1_155' title='bbox 888 1504 1066 1559; x_wconf 87' lang='lat' dir='ltr'>imperio</span> <span class='ocrx_word' id='word_1_156' title='bbox 1093 1504 1286 1546; x_wconf 87' lang='lat' dir='ltr'>Romano</span> <span class='ocrx_word' id='word_1_157' title='bbox 1310 1511 1566 1556; x_wconf 87' lang='lat' dir='ltr'>meruerant,</span> <span class='ocrx_word' id='word_1_158' title='bbox 1593 1512 1680 1547; x_wconf 91' lang='lat' dir='ltr'>tam</span> 
     </span>
     <span class='ocr_line' id='line_1_21' title="bbox 133 1575 1680 1633; baseline -0.001 -13"><span class='ocrx_word' id='word_1_159' title='bbox 133 1578 208 1621; x_wconf 86' lang='lat' dir='ltr'>diu</span> <span class='ocrx_word' id='word_1_160' title='bbox 237 1579 398 1620; x_wconf 86' lang='lat' dir='ltr'>frustra</span> <span class='ocrx_word' id='word_1_161' title='bbox 427 1575 747 1633; x_wconf 83' lang='lat' dir='ltr'>expetiverant?</span> <span class='ocrx_word' id='word_1_162' title='bbox 790 1575 925 1618; x_wconf 85' lang='lat' dir='ltr'>Erant</span> <span class='ocrx_word' id='word_1_163' title='bbox 959 1576 1086 1618; x_wconf 91' lang='lat' dir='ltr'>etiam</span> <span class='ocrx_word' id='word_1_164' title='bbox 1116 1576 1287 1631; x_wconf 85' lang='lat' dir='ltr'>plurimi</span> <span class='ocrx_word' id='word_1_165' title='bbox 1315 1576 1495 1619; x_wconf 88' lang='lat' dir='ltr'>Latinae</span> <span class='ocrx_word' id='word_1_166' title='bbox 1531 1577 1680 1620; x_wconf 88' lang='lat' dir='ltr'>condi-</span> 
     </span>
     <span class='ocr_line' id='line_1_22' title="bbox 132 1647 1678 1705; baseline -0.001 -12"><span class='ocrx_word' id='word_1_167' title='bbox 132 1651 265 1693; x_wconf 89' lang='lat' dir='ltr'>cionis</span> <span class='ocrx_word' id='word_1_168' title='bbox 291 1650 482 1692; x_wconf 90' lang='lat' dir='ltr'>homines</span> <span class='ocrx_word' id='word_1_169' title='bbox 506 1663 580 1705; x_wconf 91' lang='lat' dir='ltr'>per</span> <span class='ocrx_word' id='word_1_170' title='bbox 599 1648 839 1705; x_wconf 90' lang='lat' dir='ltr'>provincias</span> <span class='ocrx_word' id='word_1_171' title='bbox 867 1647 1112 1704; x_wconf 88' lang='lat' dir='ltr'>negotiandi</span> <span class='ocrx_word' id='word_1_172' title='bbox 1146 1663 1277 1691; x_wconf 89' lang='lat' dir='ltr'>causa</span> <span class='ocrx_word' id='word_1_173' title='bbox 1308 1648 1542 1698; x_wconf 89' lang='lat' dir='ltr'>constituti,</span> <span class='ocrx_word' id='word_1_174' title='bbox 1571 1663 1678 1704; x_wconf 88' lang='lat' dir='ltr'>quos</span> 
     </span>
     <span class='ocr_line' id='line_1_23' title="bbox 134 1719 1678 1775; baseline -0.001 -10"><span class='ocrx_word' id='word_1_175' title='bbox 134 1723 276 1765; x_wconf 90' lang='lat' dir='ltr'>subito</span> <span class='ocrx_word' id='word_1_176' title='bbox 302 1723 473 1765; x_wconf 87' lang='lat' dir='ltr'>civitate</span> <span class='ocrx_word' id='word_1_177' title='bbox 502 1721 651 1763; x_wconf 88' lang='lat' dir='ltr'>donari</span> <span class='ocrx_word' id='word_1_178' title='bbox 680 1728 769 1762; x_wconf 90' lang='lat' dir='ltr'>erat</span> <span class='ocrx_word' id='word_1_179' title='bbox 797 1735 897 1762; x_wconf 87' lang='lat' dir='ltr'>sane</span> <span class='ocrx_word' id='word_1_180' title='bbox 926 1720 1088 1762; x_wconf 90' lang='lat' dir='ltr'>inutile.</span> <span class='ocrx_word' id='word_1_181' title='bbox 1137 1719 1286 1775; x_wconf 91' lang='lat' dir='ltr'>Neque</span> <span class='ocrx_word' id='word_1_182' title='bbox 1318 1720 1431 1762; x_wconf 89' lang='lat' dir='ltr'>enim</span> <span class='ocrx_word' id='word_1_183' title='bbox 1461 1721 1678 1764; x_wconf 83' lang='lat' dir='ltr'>Romanos</span> 
     </span>
     <span class='ocr_line' id='line_1_24' title="bbox 132 1792 1680 1843; baseline -0.001 -6"><span class='ocrx_word' id='word_1_184' title='bbox 132 1801 217 1837; x_wconf 85' lang='lat' dir='ltr'>tam</span> <span class='ocrx_word' id='word_1_185' title='bbox 235 1794 387 1837; x_wconf 88' lang='lat' dir='ltr'>stultos</span> <span class='ocrx_word' id='word_1_186' title='bbox 405 1793 539 1835; x_wconf 87' lang='lat' dir='ltr'>fuisse</span> <span class='ocrx_word' id='word_1_187' title='bbox 554 1792 820 1843; x_wconf 88' lang='lat' dir='ltr'>arbitramur,</span> <span class='ocrx_word' id='word_1_188' title='bbox 842 1800 890 1834; x_wconf 94' lang='lat' dir='ltr'>ut</span> <span class='ocrx_word' id='word_1_189' title='bbox 907 1794 1052 1835; x_wconf 90' lang='lat' dir='ltr'>nescio</span> <span class='ocrx_word' id='word_1_190' title='bbox 1070 1792 1194 1834; x_wconf 88' lang='lat' dir='ltr'>cuius</span> <span class='ocrx_word' id='word_1_191' title='bbox 1214 1792 1475 1834; x_wconf 82' lang='lat' dir='ltr'>constantiae</span> <span class='ocrx_word' id='word_1_192' title='bbox 1490 1807 1620 1835; x_wconf 83' lang='lat' dir='ltr'>causa</span> <span class='ocrx_word' id='word_1_193' title='bbox 1639 1801 1680 1835; x_wconf 91' lang='lat' dir='ltr'>et</span> 
     </span>
     <span class='ocr_line' id='line_1_25' title="bbox 132 1864 1680 1922; baseline -0.001 -14"><span class='ocrx_word' id='word_1_194' title='bbox 132 1880 185 1908; x_wconf 87' lang='lat' dir='ltr'>ne</span> <span class='ocrx_word' id='word_1_195' title='bbox 209 1865 369 1922; x_wconf 87' lang='lat' dir='ltr'>dispari</span> <span class='ocrx_word' id='word_1_196' title='bbox 393 1873 536 1908; x_wconf 89' lang='lat' dir='ltr'>essent</span> <span class='ocrx_word' id='word_1_197' title='bbox 560 1865 811 1907; x_wconf 85' lang='lat' dir='ltr'>condicione</span> <span class='ocrx_word' id='word_1_198' title='bbox 836 1866 909 1921; x_wconf 91' lang='lat' dir='ltr'>qui</span> <span class='ocrx_word' id='word_1_199' title='bbox 932 1866 1040 1907; x_wconf 86' lang='lat' dir='ltr'>intra</span> <span class='ocrx_word' id='word_1_200' title='bbox 1064 1865 1229 1907; x_wconf 90' lang='lat' dir='ltr'>Italiam</span> <span class='ocrx_word' id='word_1_201' title='bbox 1251 1872 1369 1906; x_wconf 89' lang='lat' dir='ltr'>erant</span> <span class='ocrx_word' id='word_1_202' title='bbox 1389 1879 1439 1907; x_wconf 86' lang='lat' dir='ltr'>ac</span> <span class='ocrx_word' id='word_1_203' title='bbox 1461 1864 1533 1920; x_wconf 91' lang='lat' dir='ltr'>qui</span> <span class='ocrx_word' id='word_1_204' title='bbox 1561 1872 1680 1908; x_wconf 87' lang='lat' dir='ltr'>extra</span> 
     </span>
     <span class='ocr_line' id='line_1_26' title="bbox 133 1936 1679 1994; baseline 0 -15"><span class='ocrx_word' id='word_1_205' title='bbox 133 1942 225 1980; x_wconf 80' lang='lat' dir='ltr'>eam</span> <span class='ocrx_word' id='word_1_206' title='bbox 255 1945 387 1988; x_wconf 86' lang='lat' dir='ltr'>erant,</span> <span class='ocrx_word' id='word_1_207' title='bbox 415 1936 611 1980; x_wconf 90' lang='lat' dir='ltr'>omnibus</span> <span class='ocrx_word' id='word_1_208' title='bbox 642 1937 813 1979; x_wconf 89' lang='lat' dir='ltr'>omnino</span> <span class='ocrx_word' id='word_1_209' title='bbox 835 1938 907 1992; x_wconf 94' lang='lat' dir='ltr'>qui</span> <span class='ocrx_word' id='word_1_210' title='bbox 931 1938 1090 1994; x_wconf 90' lang='lat' dir='ltr'>ubique</span> <span class='ocrx_word' id='word_1_211' title='bbox 1114 1944 1256 1979; x_wconf 89' lang='lat' dir='ltr'>essent</span> <span class='ocrx_word' id='word_1_212' title='bbox 1272 1937 1440 1980; x_wconf 89' lang='lat' dir='ltr'>Latinis</span> <span class='ocrx_word' id='word_1_213' title='bbox 1463 1937 1679 1979; x_wconf 86' lang='lat' dir='ltr'>civitatem</span> 
     </span>
     <span class='ocr_line' id='line_1_27' title="bbox 132 2009 1678 2066; baseline 0.001 -15"><span class='ocrx_word' id='word_1_214' title='bbox 132 2010 409 2066; x_wconf 86' lang='lat' dir='ltr'>impertirent.</span> <span class='ocrx_word' id='word_1_215' title='bbox 467 2010 639 2052; x_wconf 89' lang='lat' dir='ltr'>Deinde</span> <span class='ocrx_word' id='word_1_216' title='bbox 671 2009 705 2051; x_wconf 91' lang='lat' dir='ltr'>si</span> <span class='ocrx_word' id='word_1_217' title='bbox 736 2025 823 2052; x_wconf 90' lang='lat' dir='ltr'>una</span> <span class='ocrx_word' id='word_1_218' title='bbox 852 2018 955 2052; x_wconf 88' lang='lat' dir='ltr'>tunc</span> <span class='ocrx_word' id='word_1_219' title='bbox 988 2010 1085 2066; x_wconf 86' lang='lat' dir='ltr'>lege</span> <span class='ocrx_word' id='word_1_220' title='bbox 1116 2024 1262 2051; x_wconf 88' lang='lat' dir='ltr'>omnes</span> <span class='ocrx_word' id='word_1_221' title='bbox 1291 2009 1470 2052; x_wconf 90' lang='lat' dir='ltr'>Latinos</span> <span class='ocrx_word' id='word_1_222' title='bbox 1501 2009 1546 2051; x_wconf 89' lang='lat' dir='ltr'>in</span> <span class='ocrx_word' id='word_1_223' title='bbox 1574 2009 1678 2052; x_wconf 89' lang='lat' dir='ltr'>civi—</span> 
     </span>
     <span class='ocr_line' id='line_1_28' title="bbox 134 2081 1678 2138; baseline 0.001 -16"><span class='ocrx_word' id='word_1_224' title='bbox 134 2088 262 2123; x_wconf 88' lang='lat' dir='ltr'>tatem</span> <span class='ocrx_word' id='word_1_225' title='bbox 277 2090 531 2138; x_wconf 86' lang='lat' dir='ltr'>receperunt</span> <span class='ocrx_word' id='word_1_226' title='bbox 550 2089 820 2138; x_wconf 85' lang='lat' dir='ltr'>veteremque</span> <span class='ocrx_word' id='word_1_227' title='bbox 834 2083 1080 2125; x_wconf 88' lang='lat' dir='ltr'>universam</span> <span class='ocrx_word' id='word_1_228' title='bbox 1094 2081 1371 2124; x_wconf 89' lang='lat' dir='ltr'>Latinitatem</span> <span class='ocrx_word' id='word_1_229' title='bbox 1391 2082 1678 2132; x_wconf 83' lang='lat' dir='ltr'>extinxerunt,</span> 
     </span>
     <span class='ocr_line' id='line_1_29' title="bbox 137 2153 1679 2210; baseline -0.001 -15"><span class='ocrx_word' id='word_1_230' title='bbox 137 2167 213 2195; x_wconf 87' lang='lat' dir='ltr'>cur</span> <span class='ocrx_word' id='word_1_231' title='bbox 242 2169 325 2196; x_wconf 91' lang='lat' dir='ltr'>non</span> <span class='ocrx_word' id='word_1_232' title='bbox 350 2154 618 2197; x_wconf 86' lang='lat' dir='ltr'>retinuerunt</span> <span class='ocrx_word' id='word_1_233' title='bbox 644 2162 792 2210; x_wconf 89' lang='lat' dir='ltr'>postea</span> <span class='ocrx_word' id='word_1_234' title='bbox 808 2170 906 2198; x_wconf 92' lang='lat' dir='ltr'>eum</span> <span class='ocrx_word' id='word_1_235' title='bbox 928 2170 1100 2204; x_wconf 90' lang='lat' dir='ltr'>morem,</span> <span class='ocrx_word' id='word_1_236' title='bbox 1128 2161 1177 2196; x_wconf 92' lang='lat' dir='ltr'>ut</span> <span class='ocrx_word' id='word_1_237' title='bbox 1193 2169 1275 2195; x_wconf 92' lang='lat' dir='ltr'>non</span> <span class='ocrx_word' id='word_1_238' title='bbox 1292 2154 1495 2210; x_wconf 89' lang='lat' dir='ltr'>paulatim</span> <span class='ocrx_word' id='word_1_239' title='bbox 1514 2153 1679 2197; x_wconf 76' lang='lat' dir='ltr'>Gallias</span> 
     </span>
     <span class='ocr_line' id='line_1_30' title="bbox 135 2225 1679 2282; baseline 0.001 -15"><span class='ocrx_word' id='word_1_240' title='bbox 135 2232 176 2267; x_wconf 91' lang='lat' dir='ltr'>et</span> <span class='ocrx_word' id='word_1_241' title='bbox 193 2225 426 2282; x_wconf 88' lang='lat' dir='ltr'>Hispanias</span> <span class='ocrx_word' id='word_1_242' title='bbox 446 2234 487 2268; x_wconf 90' lang='lat' dir='ltr'>et</span> <span class='ocrx_word' id='word_1_243' title='bbox 503 2227 685 2282; x_wconf 90' lang='lat' dir='ltr'>reliquas</span> <span class='ocrx_word' id='word_1_244' title='bbox 702 2227 944 2282; x_wconf 88' lang='lat' dir='ltr'>provincias</span> <span class='ocrx_word' id='word_1_245' title='bbox 960 2227 1129 2269; x_wconf 88' lang='lat' dir='ltr'>civitate</span> <span class='ocrx_word' id='word_1_246' title='bbox 1145 2226 1353 2271; x_wconf 87' lang='lat' dir='ltr'>donarent</span> <span class='ocrx_word' id='word_1_247' title='bbox 1369 2226 1679 2282; x_wconf 88' lang='lat' dir='ltr'>imperiumque</span> 
     </span>
     <span class='ocr_line' id='line_1_31' title="bbox 134 2298 1679 2356; baseline 0 -17"><span class='ocrx_word' id='word_1_248' title='bbox 134 2298 249 2353; x_wconf 91' lang='lat' dir='ltr'>quod</span> <span class='ocrx_word' id='word_1_249' title='bbox 278 2298 406 2340; x_wconf 91' lang='lat' dir='ltr'>armis</span> <span class='ocrx_word' id='word_1_250' title='bbox 436 2305 646 2354; x_wconf 89' lang='lat' dir='ltr'>pararant,</span> <span class='ocrx_word' id='word_1_251' title='bbox 677 2314 762 2340; x_wconf 90' lang='lat' dir='ltr'>uno</span> <span class='ocrx_word' id='word_1_252' title='bbox 787 2299 880 2340; x_wconf 90' lang='lat' dir='ltr'>iure</span> <span class='ocrx_word' id='word_1_253' title='bbox 900 2299 1220 2356; x_wconf 86' lang='lat' dir='ltr'>coniungerent,</span> <span class='ocrx_word' id='word_1_254' title='bbox 1253 2298 1328 2340; x_wconf 87' lang='lat' dir='ltr'>sed</span> <span class='ocrx_word' id='word_1_255' title='bbox 1349 2298 1584 2354; x_wconf 85' lang='lat' dir='ltr'>generatim</span> <span class='ocrx_word' id='word_1_256' title='bbox 1606 2298 1679 2353; x_wconf 89' lang='lat' dir='ltr'>qui</span> 
     </span>
     <span class='ocr_line' id='line_1_32' title="bbox 134 2369 1680 2426; baseline 0.001 -16"><span class='ocrx_word' id='word_1_257' title='bbox 134 2369 293 2424; x_wconf 91' lang='lat' dir='ltr'>ubique</span> <span class='ocrx_word' id='word_1_258' title='bbox 331 2384 408 2426; x_wconf 92' lang='lat' dir='ltr'>per</span> <span class='ocrx_word' id='word_1_259' title='bbox 437 2371 663 2426; x_wconf 90' lang='lat' dir='ltr'>imperium</span> <span class='ocrx_word' id='word_1_260' title='bbox 696 2377 831 2413; x_wconf 91' lang='lat' dir='ltr'>totum</span> <span class='ocrx_word' id='word_1_261' title='bbox 870 2379 1011 2421; x_wconf 87' lang='lat' dir='ltr'>erant,</span> <span class='ocrx_word' id='word_1_262' title='bbox 1050 2371 1208 2413; x_wconf 91' lang='lat' dir='ltr'>honore</span> <span class='ocrx_word' id='word_1_263' title='bbox 1244 2385 1294 2412; x_wconf 85' lang='lat' dir='ltr'>ac</span> <span class='ocrx_word' id='word_1_264' title='bbox 1323 2370 1416 2412; x_wconf 90' lang='lat' dir='ltr'>iure</span> <span class='ocrx_word' id='word_1_265' title='bbox 1444 2369 1680 2425; x_wconf 82' lang='lat' dir='ltr'>augerent?</span> 
     </span>
     <span class='ocr_line' id='line_1_33' title="bbox 134 2440 1680 2499; baseline 0 -17"><span class='ocrx_word' id='word_1_266' title='bbox 134 2440 250 2489; x_wconf 88' lang='lat' dir='ltr'>Num</span> <span class='ocrx_word' id='word_1_267' title='bbox 289 2441 424 2497; x_wconf 87' lang='lat' dir='ltr'>igitur</span> <span class='ocrx_word' id='word_1_268' title='bbox 459 2457 648 2498; x_wconf 91' lang='lat' dir='ltr'>unquam</span> <span class='ocrx_word' id='word_1_269' title='bbox 686 2443 846 2485; x_wconf 83' lang='lat' dir='ltr'>factum</span> <span class='ocrx_word' id='word_1_270' title='bbox 884 2449 968 2492; x_wconf 91' lang='lat' dir='ltr'>est,</span> <span class='ocrx_word' id='word_1_271' title='bbox 1010 2450 1058 2484; x_wconf 92' lang='lat' dir='ltr'>ut</span> <span class='ocrx_word' id='word_1_272' title='bbox 1091 2458 1200 2499; x_wconf 90' lang='lat' dir='ltr'>quae</span> <span class='ocrx_word' id='word_1_273' title='bbox 1242 2442 1402 2498; x_wconf 91' lang='lat' dir='ltr'>ubique</span> <span class='ocrx_word' id='word_1_274' title='bbox 1430 2456 1506 2497; x_wconf 89' lang='lat' dir='ltr'>per</span> <span class='ocrx_word' id='word_1_275' title='bbox 1532 2455 1680 2483; x_wconf 90' lang='lat' dir='ltr'>omnes</span> 
     </span>
     <span class='ocr_line' id='line_1_34' title="bbox 134 2512 1680 2569; baseline 0.001 -15"><span class='ocrx_word' id='word_1_276' title='bbox 134 2513 375 2569; x_wconf 85' lang='lat' dir='ltr'>provincias</span> <span class='ocrx_word' id='word_1_277' title='bbox 395 2513 464 2556; x_wconf 89' lang='lat' dir='ltr'>vel</span> <span class='ocrx_word' id='word_1_278' title='bbox 483 2514 725 2557; x_wconf 81' lang='lat' dir='ltr'>foederatae</span> <span class='ocrx_word' id='word_1_279' title='bbox 741 2521 885 2557; x_wconf 87' lang='lat' dir='ltr'>essent</span> <span class='ocrx_word' id='word_1_280' title='bbox 904 2514 1098 2557; x_wconf 86' lang='lat' dir='ltr'>civitates</span> <span class='ocrx_word' id='word_1_281' title='bbox 1122 2515 1190 2557; x_wconf 88' lang='lat' dir='ltr'>vel</span> <span class='ocrx_word' id='word_1_282' title='bbox 1216 2513 1375 2557; x_wconf 87' lang='lat' dir='ltr'>liberae</span> <span class='ocrx_word' id='word_1_283' title='bbox 1403 2513 1471 2555; x_wconf 87' lang='lat' dir='ltr'>vel</span> <span class='ocrx_word' id='word_1_284' title='bbox 1485 2512 1680 2562; x_wconf 86' lang='lat' dir='ltr'>Latinae,</span> 
     </span>
     <span class='ocr_line' id='line_1_35' title="bbox 135 2583 1682 2641; baseline -0.001 -15"><span class='ocrx_word' id='word_1_285' title='bbox 135 2589 222 2627; x_wconf 82' lang='lat' dir='ltr'>u’no</span> <span class='ocrx_word' id='word_1_286' title='bbox 261 2591 450 2641; x_wconf 89' lang='lat' dir='ltr'>tempore</span> <span class='ocrx_word' id='word_1_287' title='bbox 488 2585 658 2629; x_wconf 88' lang='lat' dir='ltr'>civitate</span> <span class='ocrx_word' id='word_1_288' title='bbox 699 2586 988 2629; x_wconf 84' lang='lat' dir='ltr'>donarentur?</span> <span class='ocrx_word' id='word_1_289' title='bbox 1054 2586 1126 2628; x_wconf 91' lang='lat' dir='ltr'>An</span> <span class='ocrx_word' id='word_1_290' title='bbox 1160 2587 1242 2629; x_wconf 92' lang='lat' dir='ltr'>hoc</span> <span class='ocrx_word' id='word_1_291' title='bbox 1280 2583 1588 2641; x_wconf 89' lang='lat' dir='ltr'>sequebantur,</span> <span class='ocrx_word' id='word_1_292' title='bbox 1633 2591 1682 2626; x_wconf 90' lang='lat' dir='ltr'>ut</span> 
     </span>
     <span class='ocr_line' id='line_1_36' title="bbox 137 2656 1680 2715; baseline -0.001 -17"><span class='ocrx_word' id='word_1_293' title='bbox 137 2656 330 2712; x_wconf 87' lang='lat' dir='ltr'>singulas</span> <span class='ocrx_word' id='word_1_294' title='bbox 370 2656 572 2713; x_wconf 86' lang='lat' dir='ltr'>deinceps</span> <span class='ocrx_word' id='word_1_295' title='bbox 609 2658 853 2714; x_wconf 86' lang='lat' dir='ltr'>provincias</span> <span class='ocrx_word' id='word_1_296' title='bbox 890 2659 960 2701; x_wconf 87' lang='lat' dir='ltr'>vel</span> <span class='ocrx_word' id='word_1_297' title='bbox 995 2658 1039 2700; x_wconf 91' lang='lat' dir='ltr'>in</span> <span class='ocrx_word' id='word_1_298' title='bbox 1075 2659 1180 2715; x_wconf 88' lang='lat' dir='ltr'>ipsis</span> <span class='ocrx_word' id='word_1_299' title='bbox 1213 2658 1445 2715; x_wconf 88' lang='lat' dir='ltr'>provinciis</span> <span class='ocrx_word' id='word_1_300' title='bbox 1486 2656 1680 2712; x_wconf 88' lang='lat' dir='ltr'>singulos</span> 
     </span>
     <span class='ocr_line' id='line_1_37' title="bbox 135 2728 1680 2787; baseline -0.001 -17"><span class='ocrx_word' id='word_1_301' title='bbox 135 2729 317 2785; x_wconf 88' lang='lat' dir='ltr'>populos</span> <span class='ocrx_word' id='word_1_302' title='bbox 348 2743 398 2771; x_wconf 87' lang='lat' dir='ltr'>ac</span> <span class='ocrx_word' id='word_1_303' title='bbox 428 2729 599 2785; x_wconf 86' lang='lat' dir='ltr'>singula</span> <span class='ocrx_word' id='word_1_304' title='bbox 627 2730 804 2786; x_wconf 90' lang='lat' dir='ltr'>oppida,</span> <span class='ocrx_word' id='word_1_305' title='bbox 837 2737 964 2787; x_wconf 90' lang='lat' dir='ltr'>prout</span> <span class='ocrx_word' id='word_1_306' title='bbox 990 2731 1149 2787; x_wconf 91' lang='lat' dir='ltr'>quique</span> <span class='ocrx_word' id='word_1_307' title='bbox 1178 2731 1387 2774; x_wconf 89' lang='lat' dir='ltr'>meruisse</span> <span class='ocrx_word' id='word_1_308' title='bbox 1418 2728 1680 2778; x_wconf 87' lang='lat' dir='ltr'>viderentur,</span> 
     </span>
     <span class='ocr_line' id='line_1_38' title="bbox 137 2799 1679 2859; baseline -0.001 -17"><span class='ocrx_word' id='word_1_309' title='bbox 137 2801 307 2843; x_wconf 88' lang='lat' dir='ltr'>civitate</span> <span class='ocrx_word' id='word_1_310' title='bbox 338 2807 568 2858; x_wconf 86' lang='lat' dir='ltr'>augerent,</span> <span class='ocrx_word' id='word_1_311' title='bbox 609 2801 712 2844; x_wconf 90' lang='lat' dir='ltr'>dum</span> <span class='ocrx_word' id='word_1_312' title='bbox 741 2808 954 2858; x_wconf 88' lang='lat' dir='ltr'>postremo</span> <span class='ocrx_word' id='word_1_313' title='bbox 985 2803 1131 2859; x_wconf 86' lang='lat' dir='ltr'>paucis</span> <span class='ocrx_word' id='word_1_314' title='bbox 1164 2803 1335 2845; x_wconf 90' lang='lat' dir='ltr'>omnino</span> <span class='ocrx_word' id='word_1_315' title='bbox 1371 2799 1567 2856; x_wconf 89' lang='lat' dir='ltr'>reliquis,</span> <span class='ocrx_word' id='word_1_316' title='bbox 1606 2799 1679 2855; x_wconf 93' lang='lat' dir='ltr'>qui</span> 
     </span>
     <span class='ocr_line' id='line_1_39' title="bbox 69 2870 1680 2931; baseline -0.001 -17"><span class='ocrx_word' id='word_1_317' title='bbox 69 2919 74 2926; x_wconf 24' lang='lat'>⁵</span> <span class='ocrx_word' id='word_1_318' title='bbox 136 2873 230 2915; x_wconf 89' lang='lat' dir='ltr'>eius</span> <span class='ocrx_word' id='word_1_319' title='bbox 256 2888 342 2915; x_wconf 92' lang='lat' dir='ltr'>non</span> <span class='ocrx_word' id='word_1_320' title='bbox 370 2873 511 2929; x_wconf 88' lang='lat' dir='ltr'>aliqua</span> <span class='ocrx_word' id='word_1_321' title='bbox 538 2881 655 2929; x_wconf 88' lang='lat' dir='ltr'>parte</span> <span class='ocrx_word' id='word_1_322' title='bbox 684 2881 931 2924; x_wconf 86' lang='lat' dir='ltr'>uterentur,</span> <span class='ocrx_word' id='word_1_323' title='bbox 964 2890 1051 2918; x_wconf 91' lang='lat' dir='ltr'>una</span> <span class='ocrx_word' id='word_1_324' title='bbox 1076 2876 1174 2931; x_wconf 88' lang='lat' dir='ltr'>lege</span> <span class='ocrx_word' id='word_1_325' title='bbox 1205 2889 1352 2917; x_wconf 84' lang='lat' dir='ltr'>omnes</span> <span class='ocrx_word' id='word_1_326' title='bbox 1382 2871 1573 2915; x_wconf 87' lang='lat' dir='ltr'>universi</span> <span class='ocrx_word' id='word_1_327' title='bbox 1600 2870 1680 2913; x_wconf 87' lang='lat' dir='ltr'>im-</span> 
     </span>
    </p>
   </div>
   <div class='ocr_carea' id='block_1_4' title="bbox 1386 2945 1410 2987">
    <p class='ocr_par' dir='ltr' id='par_1_4' title="bbox 1386 2945 1410 2987">
     <span class='ocr_line' id='line_1_40' title="bbox 1386 2945 1410 2987; baseline 0 0"><span class='ocrx_word' id='word_1_328' title='bbox 1386 2945 1410 2987; x_wconf 84' lang='lat'>3</span> 
     </span>
    </p>
   </div>
  </div>
 </body>
</html>
