1846 3100
0 3075 8 3100 '⁵'
0 2978 19 3046 ΨΜ*
2 2896 21 2964 ‘¹²⁸2‘
0 2179 25 2879 ‘vs-v-ruvsz-wv-—s--m-

550 168 604 201 De
627 169 872 210 propagatione
898 168 1046 201 civitatis
1072 168 1259 202 Romanae.
1597 168 1676 212 337

131 274 290 317 nollent
328 276 412 331 (sic
448 276 560 318 enim
598 283 740 318 narrat
770 276 891 327 Dio),
928 292 1014 319 non
1048 276 1285 319 rectissime
1323 277 1415 319 fieri
1448 279 1599 334 potuit,
1630 287 1678 322 ut
1730 300 1732 303 ’

130 346 252 403 origo
280 347 564 390 interdicendi
595 362 644 390 eo
675 354 881 398 oreretur,
912 349 1029 404 quod
1059 364 1111 391 ex
1135 349 1292 404 quibus
1320 350 1555 405 provinciis
1585 352 1678 394 fieri

131 426 348 461 senatores
378 434 460 462 non
490 420 651 470 liceret,
683 434 733 462 eo
765 435 819 461 ne
848 420 1063 476 proficisci
1091 420 1264 476 quidem
1291 429 1486 477 oportere
1510 423 1677 466 iudica-

129 489 243 534 bant.
302 489 482 534 Constat
522 499 664 534 autem
700 490 943 547 Caligulam
980 493 1200 536 liberalem
1237 493 1372 536 fuisse
1402 494 1446 535 in
1478 495 1676 538 omnibus

128 561 364 605 honoribus
395 563 714 620 impertiendis3
746 579 844 606 nam
876 572 918 606 et
946 564 1034 606 Dio
1063 564 1189 615 LIX,
1220 565 1245 607 9
1277 581 1374 608 eum
1404 572 1547 609 narrat
1579 582 1677 610 cum

128 635 320 677 ordinem
345 643 587 691 equestrem
604 651 657 678 ex
681 643 768 678 toto
787 636 966 692 imperio
986 643 1112 692 atque
1135 637 1260 678 etiam
1279 652 1332 679 ex
1350 639 1582 694 provinciis
1613 640 1676 694 (ἐξ

128 708 288 763 ἁπάσης
316 709 383 750 καὶ
411 711 482 763 τῆς
519 708 596 754 ἔξω
636 709 783 765 ἀρχῆς)
827 709 1057 765 suppleret,
1096 709 1445 764 opulentissimos
1477 711 1676 768 allegisse

127 779 430 836 nonnullisque
460 795 622 832 eorum,
654 782 851 838 quamvis
880 781 1073 823 nondum
1103 781 1287 824 honores
1307 782 1556 838 gessissent,
1579 799 1676 840 per-

130 852 314 904 misisse,
341 861 390 895 ut
417 854 460 895 in
491 869 611 910 spem
645 862 818 897 senatus
844 860 964 896 veste
995 853 1206 896 senatoria
1226 861 1462 905 uterentur,
1491 864 1532 897 et
1549 856 1676 898 Philo

125 925 210 981 leg.
239 925 308 968 ad.
339 924 437 968 Gai.
468 941 508 982 p.
546 926 652 969 1032
682 927 909 969 universos
944 927 1124 983 populos
1166 925 1335 968 civitate
1371 926 1563 969 Romana
1598 927 1676 970 do-

128 1012 267 1040 nasse.
327 997 480 1040 Nonne
509 998 643 1054 igitur
673 1006 867 1041 senatum
898 1014 950 1040 ex
980 998 1212 1054 provinciis
1243 999 1487 1055 supplevit?
1542 999 1675 1053 Quod

129 1069 165 1111 si
201 1069 315 1120 fecit,
355 1069 526 1112 Siciliae
559 1071 768 1127 imprimis
800 1071 908 1113 ratio
938 1070 1137 1113 habenda
1176 1078 1265 1113 erat
1301 1086 1350 1113 ac
1382 1077 1473 1113 tum
1503 1072 1677 1114 videtur

127 1156 222 1184 esse
258 1141 514 1194 institutum,
560 1143 677 1199 quod
719 1158 796 1198 pro
837 1144 1032 1199 exemplo
1077 1142 1262 1199 quodam
1308 1141 1520 1187 Claudius
1551 1159 1675 1187 secu-

129 1221 199 1255 tus
231 1221 309 1256 est.

239 1287 337 1328 Hoc
362 1287 458 1329 loco
489 1288 629 1330 facere
660 1303 743 1330 non
775 1302 1023 1344 possumus,
1052 1294 1100 1329 ut
1126 1287 1425 1338 coniecturam,
1456 1302 1565 1343 quae
1595 1302 1674 1329 no-

128 1358 194 1401 bis
237 1374 335 1401 cum
377 1359 421 1402 in
463 1360 546 1402 hoc
586 1368 840 1417 argumento
879 1375 1172 1410 versaremur,
1209 1360 1379 1416 saepius
1419 1359 1560 1402 oblata
1596 1367 1674 1411 est,

125 1431 392 1474 reticeamus.
448 1432 620 1474 Etenim
651 1433 854 1488 Augusto
887 1432 1122 1489 imperante
1154 1447 1254 1474 cum
1283 1432 1528 1488 respublica
1559 1447 1674 1475 com-

126 1503 266 1559 posita
295 1510 422 1555 esset,
453 1504 699 1547 universam
735 1505 924 1555 Italiam,
957 1505 992 1547 si
1027 1505 1203 1560 quidem
1244 1521 1269 1547 a
1297 1504 1444 1561 paucis
1473 1504 1674 1561 gentibus

126 1590 258 1632 prope
289 1576 495 1627 barbaris,
540 1592 722 1633 quarum
756 1577 864 1620 ratio
900 1577 1063 1633 negligi
1095 1577 1257 1626 debuit,
1289 1577 1556 1627 recedamus,
1589 1591 1675 1619 non

126 1647 254 1690 modo
295 1649 350 1691 ad
392 1649 606 1692 civitatem
645 1649 907 1700 Romanam,
945 1664 1094 1691 verum
1133 1648 1189 1691 ad
1222 1648 1405 1691 honores
1443 1649 1675 1691 admissam

126 1735 235 1771 esse,
271 1735 325 1763 ex
352 1721 585 1777 provinciis
618 1728 761 1763 autem
792 1721 953 1763 nullam
984 1721 1228 1763 universam
1249 1720 1419 1764 civitate
1439 1721 1675 1777 praeditam

127 1793 262 1836 fuisse
295 1801 337 1836 et
364 1809 473 1850 quae
504 1795 548 1836 in
576 1794 628 1836 iis
660 1793 830 1836 civitate
858 1800 1081 1835 uterentur
1108 1793 1279 1849 oppida,
1300 1793 1512 1835 honorum
1534 1800 1675 1835 tamen

126 1864 220 1907 iure
261 1867 449 1909 caruisse
491 1866 792 1908 intelleximus.
850 1864 996 1919 Quare
1037 1880 1177 1907 nonne
1217 1865 1285 1907 ius
1324 1865 1536 1907 honorum
1574 1880 1674 1921 pro-

125 1939 266 1995 prium
302 1946 392 1981 erat
430 1939 592 1989 Italiae,
624 1947 672 1981 ut
707 1947 822 1982 recte
859 1939 928 1980 ius
958 1937 1106 1980 Italiae
1141 1937 1231 1980 sive
1267 1937 1335 1979 ius
1371 1938 1570 1980 Italicum
1598 1952 1674 1993 ap-

125 2011 387 2067 pellaretur?
442 2011 531 2054 Iam
569 2015 716 2053 notum
750 2018 814 2053 est
852 2011 922 2053 ius
961 2010 1171 2060 Italicum,
1208 2010 1325 2066 quod
1356 2010 1674 2052 Antoninorum

126 2091 261 2126 aetate
301 2084 470 2140 saepius
503 2100 529 2126 a
556 2083 860 2126 iureconsultis
889 2081 1093 2124 Romanis
1133 2088 1506 2125 commemoratur:
1551 2081 1674 2123 cuius

128 2155 214 2198 vim
252 2171 302 2198 ac
339 2163 532 2198 naturam
571 2171 669 2198 cum
707 2155 1020 2212 explicaremus
1059 2154 1105 2195 in
1143 2161 1366 2196 comment.
1398 2152 1620 2210 epigraph.
1652 2152 1675 2194 I

127 2242 168 2282 p.
194 2227 289 2277 482,
329 2227 438 2270 duas
476 2228 658 2270 maxime
695 2234 839 2285 partes
877 2227 1013 2268 fuisse
1052 2225 1333 2276 ostendimus,
1364 2225 1675 2267 immunitatem

129 2305 170 2340 et
199 2299 454 2342 libertatem.
514 2300 717 2342 Adiicere
747 2313 863 2341 nunc
899 2298 1038 2340 solent
1067 2297 1150 2339 viri
1177 2298 1291 2340 dccti
1322 2297 1376 2340 de
1404 2296 1592 2339 dominio
1622 2310 1675 2337 ex

127 2370 220 2412 iure
252 2370 489 2424 Quiritium
523 2372 689 2427 aliaque
729 2371 936 2427 quaedam
978 2369 1156 2420 minora,
1195 2385 1304 2425 quae
1343 2383 1429 2411 non
1467 2376 1553 2410 tam
1581 2367 1675 2409 iure

128 2457 255 2498 quam
288 2444 597 2486 consuetudine
633 2444 754 2486 aliter
786 2444 829 2485 in
860 2442 998 2492 Italia,
1029 2441 1151 2483 aliter
1181 2441 1226 2483 in
1255 2440 1486 2497 provinciis
1517 2438 1675 2482 consti-

129 2514 372 2557 tuebantur.
427 2515 500 2557 Ad
525 2515 630 2558 haec
659 2531 801 2558 nonne
829 2514 1079 2558 addendum
1109 2521 1173 2556 est
1203 2513 1286 2556 hoc
1317 2513 1371 2555 de
1403 2527 1489 2568 quo
1525 2511 1675 2566 dispu-

130 2594 270 2631 tamus
310 2587 378 2629 ius
414 2587 654 2630 honorum?
710 2588 924 2631 Videatur
965 2601 1087 2636 sane3
1126 2585 1344 2642 proprium
1384 2591 1497 2626 certe
1527 2582 1676 2625 Italiae

129 2659 264 2701 fuisse
303 2659 490 2702 diximus
528 2667 570 2702 et
607 2660 782 2716 quidem
812 2674 863 2702 eo
891 2660 986 2716 ipso
1018 2665 1219 2714 tempore,
1259 2671 1345 2712 quo
1375 2657 1443 2698 ius
1477 2656 1676 2699 Italicum

130 2737 276 2773 natum
310 2738 388 2773 est.
444 2731 554 2774 Nam
588 2732 624 2773 si
658 2747 808 2774 verum
847 2739 924 2782 est,
963 2730 1080 2787 quod
1110 2744 1195 2772 non
1234 2729 1324 2771 sine
1365 2728 1675 2785 probabilitatis

131 2803 273 2859 aliqua
301 2803 443 2860 specie
473 2804 746 2856 coniecimus,
777 2805 885 2846 iuris
916 2804 1069 2854 Italici,
1097 2803 1219 2844 cuius
1249 2816 1387 2856 neque
1413 2801 1458 2843 in
1481 2800 1676 2843 libertate

131 2875 219 2918 ulla
253 2875 411 2918 mentio
446 2874 521 2918 fiat
557 2884 599 2919 et
627 2877 743 2933 apud
772 2877 962 2920 Plinium
991 2877 1037 2918 in
1066 2874 1249 2918 naturali
1279 2873 1456 2916 historia
1483 2872 1676 2930 Augusti

1352 2947 1407 2990 22
