1846 3100
3 656 25 806 qaum
0 614 14 648 'f'

580 150 634 181 De
656 148 768 181 Gallia
791 149 1023 181 Romanorum
1052 148 1235 190 provincia.
1605 145 1678 188 121

139 274 271 317 supra
301 259 355 303 de
390 268 603 318 tempore,
641 261 756 317 quod
784 260 898 316 apud
929 259 1118 302 Plinium
1147 259 1404 309 illustretur,
1444 259 1683 316 disputavi-

138 347 248 383 mus,
278 333 594 376 confirmentur.
646 333 734 376 Sed
763 333 936 389 quando
961 333 1014 374 L.
1041 332 1259 374 Domitius
1287 331 1441 374 Galliis
1470 332 1683 388 praefuit?

138 404 256 447 Olim
283 405 466 462 Pighius
497 406 655 449 Annal.
683 407 751 448 III
780 422 820 462 p.
848 405 928 448 523
960 404 1136 461 putabat
1164 419 1274 447 anno
1308 404 1355 446 12
1381 419 1417 446 a.
1447 403 1550 446 Chr.
1583 420 1681 446 eum

136 477 181 519 in
200 476 433 521 Germania
462 478 620 521 bellum
647 478 849 535 gessisse,
876 493 961 533 quo
984 484 1173 533 tempore
1194 477 1404 526 Drusum,
1435 476 1683 533 privignum

136 548 355 606 Augusti,
386 549 540 593 Galliis
570 551 807 607 praefuisse
836 550 1136 592 intelleximus.
1194 548 1324 591 Nulla
1351 564 1529 605 prorsus
1561 564 1684 605 prae-

138 622 280 664 sidum
301 622 467 666 Galliae
496 623 649 665 lacuna
675 623 931 678 relinquitur
959 622 1042 664 nisi
1071 621 1176 664 haec
1201 636 1310 678 quae
1344 622 1426 664 fuit
1457 628 1684 678 postquam

136 695 338 738 Tiberius
366 695 567 738 Rhodum
596 695 818 745 concessit,
847 710 944 736 cum
965 694 1194 751 Augustus
1216 695 1555 751 propinquorum
1583 710 1683 737 suo-

136 783 231 809 rum
259 767 452 810 subsidio
480 768 655 811 orbatus
686 783 773 818 eos,
806 783 914 827 quos
939 768 1141 810 remotius
1172 767 1498 823 propinquitatis
1528 767 1680 809 vincu-

134 840 224 882 lum
245 846 407 883 teneret
429 840 499 882 vel
519 855 704 896 quorum
720 840 850 883 fidem
869 841 994 897 plane
1014 846 1246 896 spectatam
1264 839 1452 890 haberet,
1478 836 1678 882 'maximis

136 911 392 955 exercitibus
423 913 652 969 praeficere
684 913 834 970 coepit.
878 913 1083 955 Pervenit
1111 912 1245 969 igitur
1275 912 1318 954 in
1337 912 1679 969 Lugdunensem

137 983 320 1027 Galliam
362 985 414 1026 L.
444 984 662 1027 Domitius
701 1000 812 1027 anno
851 986 939 1027 fere
971 986 996 1028 6
1027 1001 1064 1027 a.
1092 983 1195 1027 Chr.
1226 992 1409 1027 exeunte
1438 985 1678 1040 mansitque

134 1057 190 1099 ad
218 1072 378 1099 annum
405 1057 431 1099 2
461 1072 498 1098 a.
528 1055 653 1107 Chr„
690 1065 781 1100 tum
810 1058 1031 1114 Belgicam
1057 1058 1244 1114 accepit,
1283 1057 1327 1099 in
1354 1073 1439 1113 qua
1464 1057 1685 1114 provincia

135 1138 286 1187 pontes
315 1129 493 1186 longos,
523 1145 632 1185 quos
663 1130 766 1173 Tac.
798 1131 952 1178 Annal.
981 1131 1016 1180 Ι,
1047 1131 1100 1173 63
1132 1137 1455 1180 commemorat,
1486 1130 1682 1181 munivit,

135 1203 374 1258 mansitque
404 1202 459 1244 ad
489 1218 648 1245 annum
674 1204 699 1246 2
731 1219 770 1259 p.
803 1201 928 1253 Chr.;
962 1203 1032 1245 hic
1062 1203 1175 1245 enim
1205 1218 1343 1245 annus
1373 1203 1414 1244 in
1443 1204 1682 1259 fragmento

137 1274 391 1317 Morelliano
423 1275 615 1317 succedit
643 1275 710 1325 iis,
741 1290 849 1330 quae
880 1275 933 1317 de
957 1275 1148 1317 Domitio
1179 1283 1415 1317 narrantur.

250 1344 436 1389 Secutus
478 1355 618 1389 autem
657 1354 722 1389 est
758 1347 811 1389 L.
845 1347 1087 1390 Domitium
1125 1348 1215 1391 sine
1253 1347 1386 1390 dubio
1427 1346 1477 1390 C.
1507 1347 1682 1392 Sentius

137 1417 411 1468 Saturninus,
441 1419 493 1468 is,
524 1418 578 1461 de
605 1434 691 1474 quo
720 1427 944 1462 comment..
967 1420 1010 1462 ΙΙ
1038 1437 1076 1476 p.
1096 1421 1148 1463 84
1178 1429 1217 1463 et
1247 1421 1324 1464 122
1353 1421 1682 1476 disputavimus.

136 1491 307 1533 Etenim
336 1491 472 1533 fuisse
502 1506 601 1533 eum
630 1491 674 1532 in
705 1492 937 1534 Germania
968 1500 1178 1535 testantur
1207 1500 1248 1535 et
1277 1493 1429 1536 Vellei.
1447 1494 1504 1544 II,
1534 1494 1610 1536 105
1642 1500 1683 1535 et

140 1564 217 1606 110
246 1571 288 1606 et
314 1563 402 1605 Dio
421 1563 516 1613 LV,
537 1564 603 1614 28,
634 1564 689 1606 ad
719 1564 988 1619 eundemque
1017 1566 1304 1622 fragmentum
1330 1566 1440 1607 tituli
1465 1565 1682 1607 Tiburtini

136 1636 349 1692 pertinere
379 1635 780 1678 demonstravimus.
826 1635 916 1679 Sed
946 1652 1030 1692 qua
1058 1644 1265 1693 potestate
1289 1638 1418 1680 fuerit
1437 1638 1678 1693 quaeritur;

135 1714 248 1751 certe
286 1707 399 1750 enim
434 1723 585 1764 parum
615 1709 784 1765 proprie
814 1709 1003 1764 loquitur
1035 1709 1121 1751 Dio
1149 1710 1176 1751 l.
1201 1710 1251 1761 1.,
1292 1711 1366 1766 qui
1397 1726 1495 1752 eum
1526 1710 1556 1752 Γ
1560 1726 1680 1766 ερμα-

136 1781 220 1825 νίας
249 1779 428 1835 ἄρχοντα
457 1781 640 1837 appellat
650 1797 661 1830 ;
690 1796 788 1822 nam
816 1782 934 1823 nulla
964 1782 1196 1837 imperante
1226 1783 1430 1839 Augusto
1459 1783 1680 1839 provincia

137 1851 370 1895 Germania
398 1852 492 1902 fuit,
523 1867 661 1907 neque
691 1853 808 1908 quod
838 1852 1031 1896 Velleius
1062 1854 1202 1910 priore
1227 1854 1320 1896 loco
1349 1854 1497 1897 habet:
1533 1854 1682 1907 (Tibe-

136 1924 226 1967 rius
252 1923 370 1980 cum)
399 1928 444 1966 in
470 1928 521 1966 iis
550 1941 653 1978 quae
682 1928 854 1967 minoris
884 1933 1007 1967 erant
1035 1929 1298 1977 discriminis,
1330 1930 1515 1968 Sentium
1534 1929 1682 1968 Satur-

134 2000 304 2047 ninum,
342 2000 417 2050 qui
450 2005 536 2038 tum
575 1999 735 2051 legatus
757 2004 895 2051 patris
926 2001 1012 2039 eius
1040 2003 1084 2039 in
1119 2001 1345 2040 Germania
1372 2005 1483 2049 erat,
1516 2001 1682 2052 praefe-

134 2072 263 2120 cisset,
295 2070 683 2125 quomodocunque
715 2069 990 2113 scribendum
1021 2086 1116 2114 esse
1148 2071 1419 2127 putabimus,
1449 2071 1507 2113 ita
1537 2071 1683 2114 licebit

133 2140 426 2197 interpretari,
466 2149 513 2184 ut
554 2141 607 2184 ab
644 2142 718 2184 illo
758 2158 930 2198 quoque
970 2143 1246 2186 Germaniam
1289 2143 1549 2200 provinciam
1595 2143 1682 2186 diei

135 2213 443 2256 existimemus.
500 2213 618 2255 Nihil
647 2214 717 2256 hic
747 2215 922 2269 quidem
953 2215 1069 2265 dicit,
1102 2215 1183 2258 nisi
1211 2216 1304 2265 hoc,
1333 2215 1616 2258 Saturninum
1642 2223 1683 2258 et

137 2285 328 2342 legatum
356 2285 549 2342 Augusti
580 2286 716 2329 fuisse
748 2295 790 2328 ct
819 2287 863 2328 in
893 2285 1124 2329 Germania
1153 2303 1247 2330 esse
1277 2295 1495 2330 versatum
1520 2303 1569 2330 ac
1591 2287 1682 2330 bel-

134 2358 224 2400 lum
263 2358 465 2414 gessisse.
525 2358 587 2400 At
623 2358 858 2415 ambigitur
893 2359 938 2401 in
975 2359 1029 2401 iis
1063 2359 1170 2416 ipsis
1208 2359 1374 2410 verbis,
1411 2367 1554 2401 utrum
1587 2375 1682 2402 esse

134 2437 328 2486 oporteat
358 2433 431 2483 qm?
455 2437 543 2471 tum
571 2456 621 2461 —
653 2438 762 2483 erat,
800 2432 843 2473 in
872 2431 1031 2487 quibus
1060 2440 1150 2473 erat
1179 2447 1257 2488 pro
1286 2447 1357 2482 eo,
1398 2431 1513 2487 quod
1545 2431 1682 2473 codex

135 2510 176 2543 et
196 2501 326 2543 editio
344 2502 544 2558 princeps
555 2505 715 2556 fuerat
738 2502 909 2554 habent,
940 2504 1154 2553 scribitur,
1181 2519 1232 2545 an
1258 2507 1330 2558 qui
1348 2506 1431 2544 iam
1450 2528 1504 2533 —-
1515 2506 1680 2552 fuerat,

134 2574 179 2614 in
220 2573 378 2628 quibus
418 2577 502 2614 iam
540 2581 749 2617 mutatum
794 2583 858 2618 est
887 2591 941 2618 ex
973 2591 1022 2618 eo
1053 2576 1171 2632 quod
1200 2575 1316 2632 apud
1346 2575 1518 2617 eosdem
1549 2581 1679 2617 testes

137 2652 202 2687 est
236 2651 336 2686 tum.
390 2645 489 2688 Hoc
519 2645 728 2701 significat
758 2647 1037 2691 Saturninum
1068 2656 1192 2691 antea
1218 2647 1425 2704 Augusti,
1455 2654 1681 2703 postquam

135 2716 337 2759 Tiberius
364 2716 549 2767 advenit,
580 2717 708 2760 huius
735 2719 923 2775 legatum
951 2721 1102 2771 fuisse,
1131 2721 1239 2762 illud
1265 2720 1473 2762 mansisse
1499 2719 1536 2760 ei
1562 2725 1679 2761 vete-

135 2803 224 2830 rem
258 2795 508 2845 potestatem
538 2790 663 2832 etiam
692 2790 772 2833 sub
801 2790 964 2835 Tiberii
994 2793 1186 2849 imperio,
1218 2799 1266 2834 ut
1295 2807 1363 2834 res
1389 2791 1444 2834 ad
1462 2791 1679 2846 quaestio-

57 2907 61 2915 ,
135 2875 233 2902 nem
277 2860 331 2904 de
372 2860 535 2903 Tiberii
579 2868 788 2919 potestate
834 2863 994 2907 redeat.
1077 2864 1290 2907 Nimirum
1331 2863 1532 2906 Tiberius
1581 2878 1679 2906 cum
