1846 3100
196 150 276 194 160
534 153 590 186 De
613 152 727 186 Gallia
751 152 986 186 Romanorum
1011 153 1185 196 provincia
1210 155 1392 196 appendix.

193 263 289 320 lege
316 262 533 305 Trebonia
557 261 802 319 provincias
829 262 873 303 in
901 261 1238 317 quinquennium
1266 262 1387 305 datas
1419 278 1514 306 esse
1539 264 1739 315 narravit,

199 334 374 378 Caesari
419 334 737 391 postulantibus
783 333 930 376 amicis
977 333 1297 390 ferentibusque
1341 337 1446 392 ipsis
1489 337 1739 379 consulibus

194 408 427 450 triennium
456 408 672 450 adiectum
703 422 797 449 esse
830 405 998 456 scribit,
1033 409 1136 448 ὥστε
1163 409 1233 463 τὴν
1261 409 1480 463 ἠγεμονίαν
1505 411 1573 451 καὶ
1599 409 1740 466 ἐκείνῳ

194 482 284 536 τρία
317 481 385 535 ἔτη
418 482 568 530 πλείω,
610 482 711 534 ὥςγε
742 481 917 535 τάληθὲς
947 480 1192 534 εὑρίσκεται,
1237 485 1422 536 μηκῦναι.
1487 481 1547 524 At
1576 480 1739 538 Appia-

194 568 277 595 nus
308 552 407 595 bell.
442 553 524 595 civ.
550 553 608 603 ΙΙ,
644 554 706 603 18,
739 550 893 595 Cicero
920 552 1031 595 Phil.
1057 552 1116 603 II,
1155 552 1215 604 10,
1246 552 1440 596 Velleius
1465 555 1525 605 ΙΙ,
1557 555 1630 605 46,
1662 554 1739 596 Li-

193 626 291 669 vius
321 626 421 682 epit.
449 624 543 676 CV,
570 625 829 668 Plutarchus
858 625 1008 682 Pomp.
1037 639 1073 667 c.
1102 626 1169 675 52,
1200 625 1228 667 i.
1256 640 1292 668 e.
1321 640 1482 677 omnes,
1509 627 1583 682 qui
1610 626 1738 669 huius

192 699 254 741 rei
291 699 551 740 mentionem
585 698 770 748 faciunt,
810 698 988 740 alterum
1023 698 1363 753 quinquennium
1400 699 1615 742 adiectum
1645 714 1739 742 esse

193 771 382 813 tradunt.
451 771 708 826 Discrepare
748 770 883 826 igitur
921 785 1019 813 cum
1060 770 1279 812 videretur
1314 770 1470 813 Dionis
1508 772 1738 815 auctoritas

196 858 294 886 cum
331 843 504 894 ceteris,
542 843 595 885 ad
632 842 907 899 praecipitem
936 842 1053 885 illam
1083 851 1124 885 et
1148 843 1357 885 lubricam
1386 843 1593 886 rationem
1626 844 1738 887 Hof-

193 932 375 959 mannus
409 916 576 958 delatus
607 923 684 966 est,
713 922 762 958 ut
789 930 954 958 errasse
984 915 1169 957 Dionem
1201 922 1426 958 statueret:
1456 916 1738 973 periculosam

193 1004 295 1031 sane
338 1003 430 1030 eam
471 1003 587 1038 esse,
631 988 708 1030 sed
736 1003 833 1031 cum
863 989 1179 1044 interpretando
1208 989 1263 1030 ad
1293 989 1543 1032 elevandam
1571 989 1738 1032 dissen-

193 1062 357 1104 sionem
387 1061 493 1102 nihil
521 1060 670 1116 profici
698 1061 859 1117 possit,
891 1068 966 1102 aut
995 1060 1306 1117 desperandam
1337 1061 1509 1104 omnino
1540 1076 1636 1104 esse
1665 1077 1738 1104 ve-

191 1134 359 1176 ritatem
380 1141 454 1176 aut
478 1133 769 1176 aestimatione
794 1134 908 1175 facta
931 1141 1070 1176 utram
1091 1134 1210 1189 sequi
1230 1134 1426 1177 malimus
1444 1135 1737 1176 auctoritatem

192 1206 453 1262 eligendum.
510 1206 660 1262 Neque
695 1206 800 1248 tanti
839 1206 1084 1248 faciendum
1124 1222 1218 1249 esse
1246 1207 1402 1249 Dionis
1437 1206 1519 1248 hoc
1545 1206 1737 1249 testimo-

191 1279 324 1329 nium,
355 1279 427 1334 qui
459 1294 556 1321 cum
585 1278 717 1322 addat
745 1280 852 1333 ὥσγε
882 1280 1060 1334 τάληθὲς
1089 1280 1328 1335 εὑρίσκεται,
1360 1279 1502 1335 ipsum
1530 1278 1736 1329 indicare,

190 1365 276 1393 non
305 1366 413 1406 quae
445 1351 559 1408 apud
591 1359 788 1394 auctores
817 1351 1049 1402 invenerit,
1093 1351 1169 1394 sed
1200 1366 1309 1407 quae
1338 1351 1429 1407 ipse
1461 1350 1676 1400 statuerit,
1713 1366 1739 1394 a

192 1439 286 1466 sese
325 1425 486 1466 referri.
559 1425 695 1467 Nobis
737 1440 839 1467 vero
877 1424 972 1480 ipsa
1010 1425 1083 1466 illa
1122 1423 1254 1467 verba
1294 1438 1491 1480 magnam
1535 1424 1739 1466 videntur

190 1497 346 1539 habere
373 1497 748 1547 confirmationem,
776 1504 824 1539 ut
843 1497 997 1539 Dionis
1018 1496 1306 1539 testimonium
1327 1512 1380 1538 ne
1401 1503 1735 1539 contemnamus.

191 1569 441 1613 Ostendunt
476 1570 588 1612 enim
623 1570 740 1625 quod
777 1570 893 1626 apud
935 1577 1129 1612 auctores
1169 1569 1418 1625 reperisset,
1458 1583 1543 1611 non
1579 1576 1736 1611 temere

191 1658 303 1693 eum,
334 1642 410 1685 sed
429 1642 750 1685 ratiocinatione
767 1643 962 1684 instituta
977 1641 1197 1698 posuisse3
1229 1641 1415 1684 Dionem
1434 1649 1577 1684 autem
1593 1642 1736 1698 potius

191 1730 392 1765 errasse,
420 1715 492 1770 qui
529 1714 700 1770 optimis
739 1713 985 1757 auctoribus
1025 1721 1237 1764 uteretur,
1276 1714 1320 1755 in
1358 1713 1592 1756 rationibus
1633 1714 1736 1757 sub-

192 1787 419 1838 ducendis,
449 1803 576 1843 quam
604 1802 697 1837 nos,
724 1787 798 1842 qui
821 1794 913 1843 post
932 1794 1097 1829 tantum
1118 1785 1321 1842 temporis
1341 1786 1611 1829 intervallum
1632 1787 1736 1829 scri-

189 1860 364 1911 bamus,
406 1867 589 1915 quantae
620 1859 843 1916 superbiae
874 1868 939 1901 est
972 1858 1245 1901 existimare?
1305 1859 1373 1900 Ac
1404 1873 1543 1901 nonne
1573 1859 1666 1915 ipse
1695 1865 1738 1901 et

188 1947 316 1989 posse
346 1940 388 1975 et
418 1932 575 1975 debere
608 1933 713 1975 alios
744 1947 890 1975 secum
921 1931 1148 1973 dissentire
1175 1930 1364 1973 indicat?
1420 1929 1468 1973 Si
1497 1931 1594 1986 quis
1618 1931 1735 1987 quod

188 2019 340 2047 verum
384 2004 438 2046 sit
475 2012 675 2059 quaerat,
718 2003 947 2046 triennium
985 2003 1042 2045 ait
1080 2018 1174 2045 esse
1213 2003 1382 2045 datum:
1425 2003 1566 2059 specie
1602 2003 1737 2059 igitur

189 2077 285 2133 plus
321 2077 523 2126 dabatur,
560 2092 686 2132 quam
731 2077 915 2131 speciem
954 2076 1026 2131 qui
1062 2082 1332 2130 sequeretur,
1373 2089 1470 2117 eum
1506 2075 1734 2118 dissentire

190 2148 424 2205 oportebat..
487 2148 686 2204 Denique
720 2148 930 2204 numquid
970 2148 1168 2189 dissentit
1196 2147 1313 2189 Dio?
1366 2147 1592 2204 Appianus
1630 2147 1734 2189 alte-

189 2237 285 2263 rum
323 2221 662 2277 quinquennium
701 2228 867 2277 praeter
903 2221 1023 2276 prius
1056 2218 1231 2262 Caesari
1264 2219 1410 2262 datum
1444 2234 1539 2262 esse
1574 2218 1734 2270 scribit,

193 2293 385 2336 Velleius
412 2302 682 2350 prorogatam
712 2293 756 2334 in
785 2292 1124 2349 quinquennium
1152 2291 1426 2348 provinciam,
1459 2292 1734 2348 similiterque

193 2363 348 2407 Cicero
386 2374 428 2408 et
462 2366 638 2408 Livius:
682 2365 775 2421 ipse
815 2365 1013 2407 consules
1052 2363 1267 2414 effecisse,
1309 2370 1358 2406 ut
1388 2362 1562 2406 Caesari
1600 2364 1734 2420 impe-

188 2438 301 2480 rium
341 2439 386 2480 in
425 2438 654 2480 triennium
693 2438 1015 2493 produceretur.
1075 2435 1142 2478 Illi
1173 2436 1307 2492 igitur
1338 2436 1391 2477 de
1420 2436 1542 2492 lege,
1576 2435 1620 2477 in
1649 2450 1735 2492 qua

189 2512 528 2567 quinquennium
558 2510 820 2552 nominatum
852 2509 918 2558 sit,
949 2508 1111 2558 dicunt,
1140 2508 1211 2550 hic
1239 2509 1335 2565 lege
1365 2508 1524 2551 omissa
1550 2507 1655 2564 quid
1681 2523 1734 2550 ex

189 2598 240 2625 ea
267 2591 546 2626 consecutum
577 2583 630 2625 sit
657 2582 796 2624 refert.
853 2580 983 2622 Nulla
1009 2580 1143 2636 igitur
1172 2587 1237 2622 est
1267 2581 1339 2624 illa
1369 2597 1496 2637 quam
1523 2581 1734 2623 Hofman-

189 2671 272 2697 nus
302 2656 529 2698 maximam
555 2670 650 2698 esse
681 2654 826 2696 statuit
849 2653 1005 2695 Dionis
1037 2667 1134 2695 cum
1161 2653 1335 2709 reliquis
1367 2653 1615 2696 auctoribus
1643 2653 1733 2695 dis-

191 2728 332 2770 sensio
369 2728 709 2782 deducimurque
739 2726 793 2768 ad
824 2740 916 2767 eam
949 2725 1303 2767 consuetudinem
1333 2725 1585 2776 Romanam,
1624 2739 1732 2780 quae

191 2812 320 2853 supra
347 2815 388 2855 p.
408 2800 460 2843 86
489 2816 514 2842 a
531 2800 654 2842 nobis
680 2805 1006 2841 commemorata
1023 2804 1100 2847 est,
1130 2804 1178 2839 ut
1199 2797 1365 2854 imperii
1386 2797 1629 2854 prorogatio
1646 2811 1732 2838 non

190 2870 243 2913 ab
273 2871 392 2913 exitu
423 2871 577 2914 veteris
607 2871 796 2928 imperii,
829 2870 905 2913 sed
935 2869 989 2912 ab
1017 2870 1086 2913 die
1114 2885 1250 2912 novae
1283 2870 1393 2927 legis
1424 2875 1731 2911 numeraretur.
