1846 3100
195 133 276 176 298
602 137 654 169 De
678 139 811 179 legibus
837 140 1098 181 municipalibus
1122 140 1330 183 Hispanicis.

197 247 382 289 Caesaris
426 248 529 300 Aug.
577 248 814 298 Vespasiani
856 250 987 301 impve
1029 250 1121 290 Titi
1160 250 1345 291 Caesaris
1387 254 1493 306 Aug.
1529 258 1619 293 aut.
1643 255 1739 305 imp.

197 320 382 360 Caesaris
412 321 518 372 Aug.
549 321 782 360 Domitiani
799 323 860 373 p(
857 323 961 360 atris
958 324 982 372 )
1006 323 1217 374 p(atriae)
1237 325 1441 364 civitatem
1465 326 1652 374 Roman(
1651 340 1717 366 am
1717 330 1740 375 )

195 397 432 432 consecutus
473 397 687 431 consecuta
698 395 808 454 'er-it,
851 394 885 432 is
919 407 966 433 ea
1002 395 1049 433 in
1082 395 1181 442 eius,
1216 397 1289 446 qui
1313 397 1362 446 c(
1358 397 1456 448 ivis)
1485 398 1551 446 R(
1548 400 1720 437 omanus
1717 401 1742 450 )

195 465 318 514 lz(ac)
349 465 478 516 Mege)
493 465 647 518 sactus
674 467 766 513 erit,
793 471 994 517 potestate
1022 479 1152 505 manu
1178 469 1397 520 mancipio,
1427 470 1544 509 cuius
1569 483 1648 509 esse
1675 469 1740 509 de-

196 536 315 584 beret,
354 538 392 575 si
422 537 589 576 civitate
633 538 824 577 Romana
863 543 1061 587 mutatus,
1096 532 1260 579 vmutata
1295 554 1380 580 non
1415 546 1529 591 esset,
1569 547 1662 590 esto,
1698 539 1742 581 in
1789 571 1792 574 -

196 606 353 663 quibus
383 621 468 649 non
497 614 610 649 recte
640 607 768 650 video
806 608 940 651 deleri
970 609 1024 652 ab
1059 610 1220 653 editore
1252 609 1523 662 Germanico,
1552 612 1670 668 quod
1698 612 1742 654 in

197 695 294 722 aere
332 687 397 722 est
439 682 650 729 Itomana3
694 682 891 736 quamvis
924 682 1036 724 enim
1074 683 1147 738 qui
1185 683 1228 724 in
1265 683 1481 726 civitatem
1508 683 1742 727 Romanam

196 760 395 808 receptus
433 759 517 802 est,
553 752 836 809 intelligatur,
873 755 1027 797 Latine
1066 763 1205 798 tamen
1242 771 1327 798 non
1362 756 1488 799 modo
1519 771 1606 812 quo
1643 756 1743 799 dato

197 824 314 866 aliud
354 824 603 880 accipimus,
636 827 712 869 sed
745 827 870 869 etiam
898 827 1040 884 ipsum
1070 828 1180 870 illud
1210 828 1327 883 quod
1362 828 1443 870 alia
1470 843 1517 871 re
1545 828 1645 871 data
1672 843 1743 871 ac-

197 897 393 953 cipimus,
433 898 588 939 mutari
634 898 804 941 dicitur.
865 898 1234 943 Commemoratur
1270 908 1412 943 autem
1453 901 1522 943 hic
1558 900 1744 956 primum

196 969 295 1009 haec
333 971 400 1010 lex
435 969 463 1010 i.
493 984 528 1011 6.
560 985 622 1020 ea,
653 986 739 1026 qua
774 971 995 1029 municipii
1029 971 1282 1029 Salpensani
1312 973 1559 1029 respublica
1586 973 1745 1016 consti-

197 1049 288 1084 tuta
324 1049 400 1084 est.
460 1042 527 1085 Ea
559 1043 710 1086 Flavia
740 1044 1008 1086 existimatur
1043 1060 1140 1087 cum
1177 1044 1229 1087 ab
1259 1044 1425 1087 Theod.
1458 1045 1744 1088 Mommsenio

197 1130 239 1172 p.
270 1115 364 1165 390,
407 1122 498 1157 tum
540 1115 593 1158 ab
634 1115 714 1157 Ph.
750 1116 803 1158 Ε.
832 1117 1077 1167 Huschkio,
1118 1117 1192 1173 qui
1230 1117 1272 1158 in
1308 1116 1432 1167 libro,
1468 1133 1594 1173 quem
1634 1132 1745 1169 anno

181 1187 307 1230 *1855
341 1188 394 1231 de
425 1186 523 1230 Gaii
557 1187 898 1231 institutionibus
928 1189 1191 1245 explicandis
1219 1189 1367 1239 edidit,
1397 1205 1438 1245 p.
1462 1190 1510 1231 ’14
1536 1190 1746 1244 quaedam

199 1260 326 1303 etiam
366 1261 419 1302 de
460 1260 527 1302 his
570 1259 728 1302 tabulis
766 1260 1016 1317 Hispanicis
1045 1261 1215 1303 adiecit.
1284 1261 1394 1303 Mihi
1435 1261 1622 1316 quidem,
1667 1261 1747 1304 etsi

198 1347 352 1375 nomen
396 1333 506 1389 legis
546 1333 690 1389 ipsum
729 1341 892 1375 certum
939 1342 1016 1384 est,
1060 1349 1164 1375 num
1207 1334 1358 1376 Flavia
1394 1334 1536 1383 fuerit,
1577 1333 1748 1376 videtur

198 1420 327 1461 posse
350 1405 550 1448 dubitari.
596 1405 747 1461 Neque
776 1406 887 1448 enim
921 1406 973 1448 iis
1002 1406 1225 1456 assentior,
1253 1407 1326 1462 qui
1349 1405 1401 1449 ab
1419 1405 1746 1462 imperatoribus

199 1478 347 1534 populi
389 1478 612 1534 plebisque
651 1479 694 1520 in
730 1479 902 1535 legibus
932 1479 1122 1521 ferendis
1153 1495 1320 1522 omnem
1359 1486 1610 1536 potestatem
1645 1478 1748 1522 sub-

199 1551 328 1593 latam
361 1559 488 1607 atque
519 1551 750 1594 extinctam
778 1567 873 1613 csse
906 1552 1147 1608 opinantur.
1189 1551 1299 1593 Nam
1324 1567 1420 1592 cum
1441 1551 1625 1601 comitia,
1645 1565 1752 1606 quo-

200 1638 295 1665 rum
325 1630 485 1679 partem
515 1624 723 1680 potiorem
749 1624 976 1680 imperator
988 1623 1201 1676 ,Tiberius
1222 1624 1275 1666 ad
1296 1632 1492 1666 senatum
1520 1623 1749 1666 transtule-
1809 1665 1811 1667 .

201 1703 288 1745 rat,
328 1703 466 1738 tamen
510 1697 634 1738 etiam
677 1703 828 1753 postea
869 1697 983 1752 apud
1024 1697 1230 1752 populum
1271 1697 1330 1738 ita
1370 1702 1620 1738 conservata
1657 1710 1751 1738 esse

202 1776 380 1818 constet,
415 1776 463 1810 ut
495 1768 567 1823 qui
602 1768 817 1810 candidati
850 1768 903 1810 ab
937 1777 1087 1811 senatu
1117 1769 1239 1811 electi
1277 1783 1326 1810 ac
1360 1767 1565 1810 nominati
1594 1775 1750 1818 essent,

201 1840 229 1882 ii
263 1840 419 1882 deinde
455 1839 644 1882 tribuum
682 1841 900 1897 suffragiis
942 1841 1307 1890 confirmarentur,
1344 1840 1440 1895 quis
1470 1840 1578 1882 adeo
1606 1847 1753 1882 contra

203 1913 557 1955 consuetudinem
610 1928 731 1955 suam
777 1914 945 1970 putabit
989 1914 1258 1956 immemores
1309 1912 1573 1967 antiquitatis
1616 1911 1751 1954 fuisse

201 1985 432 2035 Romanos,
471 1993 519 2026 ut
556 2001 609 2027 ne
646 1985 832 2041 speciem
871 1985 1045 2040 quidem
1086 1985 1268 2039 aliquam
1302 1991 1494 2026 veterum
1523 1984 1670 2039 legum
1702 1997 1752 2026 ac

201 2057 524 2114 plebiscitorum
576 2066 899 2106 conservarent,
947 2056 1195 2114 pracsertim
1254 2071 1351 2098 cum
1396 2055 1583 2098 tribuum
1628 2055 1750 2105 ratio,

202 2130 340 2185 qualis
373 2130 608 2185 antiquitus
640 2131 793 2179 fuerat,
832 2138 1042 2172 constaret
1080 2129 1434 2183 comitiorumque
1465 2142 1596 2170 causa
1625 2127 1749 2169 etiam

203 2212 343 2245 certae
383 2203 534 2259 populi
579 2203 803 2259 plebisque
857 2202 1075 2244 contiones
1122 2200 1487 2243 convocarentur?
1550 2198 1749 2255 Speciem

201 2275 336 2331 igitur
366 2275 581 2330 quandam
613 2282 822 2317 servatam
854 2289 948 2316 6886
977 2273 1188 2322 existimo,
1223 2287 1308 2327 qua
1336 2272 1452 2327 quod
1474 2270 1640 2313 senatui
1657 2270 1749 2326 pla-

203 2356 362 2398 cuerat,
397 2347 553 2390 deinde
584 2355 797 2402 tamquam
829 2362 854 2388 a
882 2345 1042 2401 populo
1072 2344 1405 2387 confirmaretur.
1459 2343 1608 2385 Minus
1637 2341 1748 2385 enim

204 2434 353 2461 verum
382 2434 476 2462 6886
507 2419 648 2469 video,
679 2419 791 2474 quod
824 2418 878 2459 de
902 2418 995 2459 iure
1019 2416 1148 2466 civili,
1169 2424 1390 2472 postquam
1412 2415 1611 2458 Tiberius
1627 2414 1749 2457 init-io

204 2492 467 2548 principatus
511 2492 577 2533 sui
620 2491 790 2534 comitia
829 2491 883 2533 ad
927 2497 1119 2532 senatum
1148 2489 1377 2539 transtulit,
1415 2488 1575 2530 nullam
1607 2487 1747 2542 legem

202 2564 329 2606 latam
358 2578 452 2606 esse
480 2563 733 2605 existimant.
784 2562 878 2604 Non
911 2561 1250 2604 commemorabo
1279 2561 1419 2616 legem
1450 2559 1614 2601 Iuniam
1635 2557 1748 2600 Nor·

205 2636 371 2686 bauain,
400 2651 525 2691 quam
561 2636 650 2691 ipse
679 2622 992 2676 Monimsenius
1032 2649 1072 2689 p.
1106 2634 1178 2674 :391
1228 2633 1327 2675 citat
1356 2637 1469 2686 (eam
1508 2631 1619 2672 enim
1647 2629 1747 2672 ulti-

204 2724 312 2749 mam
360 2709 499 2763 legem
541 2708 675 2749 fuisse
716 2708 928 2763 pauloque
969 2713 1067 2761 post
1112 2705 1267 2760 populo
1308 2705 1454 2760 legum
1498 2708 1746 2759 potestatem

205 2790 391 2836 ereptam
427 2796 522 2823 esse
552 2784 703 2836 putat),
740 2794 878 2834 neque
907 2779 1046 2832 legem
1087 2776 1306 2818 Viselliam
1343 2791 1454 2818 anno
1486 2774 1540 2817 24
1571 2789 1611 2829 p.
1643 2771 1746 2816 Chr.

204 2852 347 2901 latam,
396 2853 470 2895 sed
515 2861 665 2909 postea
701 2852 826 2895 etiam
865 2851 950 2893 lata
986 2860 1048 2891 est
1087 2849 1155 2890 lex
1191 2849 1317 2890 Iunia
1356 2847 1542 2896 Vellaea,
1577 2845 1631 2888 de
1661 2859 1746 2900 qua

1842 153 1846 157 .
1829 0 1846 140 3*qu
