1846 3100
552 157 606 189 De
633 156 878 199 propagatione
904 156 1048 188 civitatis
1073 156 1264 188 Romanae.
1606 155 1686 198 335

136 280 233 309 esse
267 265 503 322 oportebat,
544 280 625 307 nec
662 264 790 307 modo
824 264 1008 306 colonias
1049 271 1122 306 aut
1164 264 1408 320 municipia,
1449 266 1525 309 sed
1562 266 1687 309 etiam

138 353 212 381 eos
252 338 369 382 cives
408 337 648 387 Romanos,
686 337 759 392 qui
797 337 841 378 in
881 336 1051 392 oppidis
1088 336 1256 379 Latinis
1292 344 1366 379 aut
1401 338 1687 394 stipendiariis

137 417 294 452 essent.
350 410 502 465 Neque
534 410 647 452 enim
686 409 721 451 si
761 407 974 450 Claudius
1005 407 1260 451 Aeduorum
1296 409 1578 466 principibus,
1615 410 1688 465 qui

138 498 191 524 ex
220 482 440 534 foederato
472 481 546 523 illo
581 481 770 536 quidem,
805 481 880 523 sed
916 480 1098 523 barbaro
1132 482 1290 538 populo
1329 490 1462 532 erant,
1498 482 1580 524 hoc
1618 482 1687 524 ius

137 553 383 610 negandum
415 568 500 595 non
531 569 625 596 esse
656 553 848 609 putabat,
889 553 933 595 in
973 554 1194 609 provincia
1224 555 1495 610 pacatissima
1530 562 1570 596 et
1606 554 1688 596 du-

139 627 243 670 dum
284 626 462 670 subacta
502 633 544 668 et
573 625 720 668 Italiae
761 624 952 668 moribus
985 626 1200 668 simillima
1233 641 1318 668 non
1347 626 1462 669 idem
1491 626 1688 669 omnibus

139 713 391 742 concessum
423 715 517 742 esse
548 697 782 755 oportebat.
830 698 968 753 quue
998 698 1210 755 significat
1229 699 1322 754 ipse
1344 697 1569 749 Claudius,
1590 715 1687 741 cum

137 772 196 814 ait
222 772 281 823 H,
308 772 359 815 27
390 774 521 814 solum
553 774 685 824 ipsum
715 774 830 813 ultra
849 772 961 823 fines
986 773 1226 823 provinciae
1260 772 1534 813 Narbonensis
1565 787 1688 814 sena-

139 853 252 888 tores
283 845 465 887 Romam
494 844 675 893 mittere,
705 844 749 885 in
778 858 863 898 quo
892 842 974 884 hoc
1002 842 1125 893 inest,
1158 845 1288 887 totius
1318 844 1561 900 provinciae
1577 844 1687 887 Nar-

138 917 339 960 bonensis
371 917 494 973 quasi
528 916 666 958 solum
698 915 791 957 iure
821 916 1031 957 honorum
1062 915 1138 956 uti.
1183 914 1456 971 Quamquam
1482 916 1585 958 haec
1602 931 1687 958 non

138 990 197 1031 ita
233 990 517 1045 disputamus,
548 995 596 1030 ut
631 1003 777 1030 omnes
813 986 1104 1029 Narbonensis
1135 987 1297 1030 incolas
1328 988 1444 1030 cives
1474 988 1687 1030 Romanos

139 1063 275 1105 fuisse
303 1063 617 1111 existimemus3
649 1075 787 1115 neque
815 1059 927 1101 enim
964 1059 1010 1100 id
1041 1059 1096 1101 ad
1126 1059 1194 1102 ius
1220 1059 1428 1102 honorum
1456 1061 1688 1102 fruendum

140 1149 250 1190 opus
291 1141 381 1177 erat
410 1141 484 1177 aut
523 1133 742 1189 probabile
782 1141 859 1182 est,
894 1132 947 1174 de
991 1146 1077 1174 uno
1125 1131 1219 1182 hoc,
1260 1132 1375 1187 quod
1410 1133 1687 1189 explicamus,

138 1206 232 1248 iure
275 1206 474 1249 dicimus.
542 1205 630 1248 Sed
676 1205 801 1247 etiam
842 1205 954 1246 ultra
988 1203 1309 1246 Narbonensem
1347 1205 1611 1261 provinciam
1643 1205 1688 1246 id

138 1278 398 1334 pertinebat;
439 1293 537 1320 nam
564 1277 672 1327 loco,
703 1277 776 1332 qui
809 1277 936 1319 modo
966 1277 1119 1320 citatus
1151 1285 1228 1328 est,
1257 1275 1468 1320 Claudius
1499 1277 1559 1320 sic
1590 1293 1688 1334 per-

140 1351 225 1407 git:
269 1353 434 1405 quando
476 1368 526 1393 εκ
566 1352 777 1404 Lugduno
819 1351 964 1391 habere
1002 1364 1073 1390 nos
1115 1353 1249 1391 nostri
1283 1353 1439 1391 ordinis
1468 1353 1574 1391 viros
1603 1365 1685 1391 non

130 1427 325 1476 poenitet.
380 1423 610 1466 Habebant
640 1422 773 1477 igitur
800 1437 886 1477 quo
921 1429 1110 1478 tempore
1140 1421 1305 1464 Galliae
1337 1420 1541 1464 Comatae
1571 1421 1687 1477 prin-

141 1495 258 1551 cipes
297 1495 597 1552 imperatorem
635 1495 846 1544 adierunt,
883 1493 952 1535 ius
993 1493 1203 1535 honorum
1234 1494 1570 1549 Lugdunenses,
1601 1509 1687 1536 non

139 1582 253 1609 unus
284 1575 358 1610 aut
389 1568 508 1619 alter,
539 1568 612 1623 qui
648 1567 865 1623 singulare
891 1566 972 1607 hoc
999 1565 1255 1608 beneficium
1286 1567 1536 1622 impetrasse
1565 1566 1686 1608 vide-

140 1646 302 1690 rentur,
333 1640 409 1682 sed
439 1640 572 1696 vulgo
603 1646 729 1694 atque
756 1639 815 1680 ita
843 1646 892 1679 ut
921 1638 1110 1680 omnium
1131 1646 1243 1681 esset
1261 1653 1484 1681 commune
1505 1639 1686 1694 ipsoque

140 1711 185 1752 in
222 1712 313 1754 solo
348 1712 600 1754 inhaereret.
653 1711 804 1766 Neque
839 1726 889 1752 ea
924 1726 992 1752 res
1020 1726 1097 1766 per
1135 1727 1179 1753 se
1216 1711 1310 1767 ipsa
1340 1719 1404 1753 est
1438 1711 1527 1752 veri
1559 1710 1686 1752 dissi-

140 1783 267 1826 milis.
319 1783 429 1826 Nam
465 1784 499 1826 si
530 1783 814 1832 Viennenses,
849 1797 1031 1837 quorum
1064 1784 1287 1839 peregrina
1310 1799 1359 1826 ac
1391 1797 1521 1840 prope
1551 1782 1686 1824 hosti-

139 1856 194 1898 lis
223 1863 312 1898 erat
339 1856 472 1912 origo,
506 1862 555 1898 ut
583 1856 784 1906 diximus,
816 1855 870 1897 ad
900 1855 1083 1896 honores
1102 1854 1447 1905 admittebantur,
1477 1855 1686 1910 numquid

141 1929 466 1985 Lugdunenses
495 1927 732 1985 prohibitos
764 1943 858 1971 esse
888 1942 1126 1977 censemus,
1157 1928 1244 1983 qui,
1265 1928 1311 1969 id
1337 1928 1454 1983 quod
1472 1928 1555 1970 illis
1579 1934 1687 1970 tem-

139 2000 317 2057 poribus
354 2016 498 2043 rarum
538 2010 640 2052 erat,
683 2001 890 2043 militibus
923 2015 1022 2042 vere
1052 2000 1256 2042 Romanis
1287 2000 1486 2042 deductis
1517 2007 1686 2043 consta-

141 2073 255 2124 bant,
298 2074 373 2129 qui
415 2088 511 2115 cum
546 2074 590 2114 in
629 2080 742 2116 terra
779 2073 960 2115 barbara
1001 2072 1323 2122 collocarentur,
1368 2087 1452 2114 non
1486 2072 1688 2114 videntur

141 2145 230 2188 ullo
267 2146 376 2195 iure,
417 2159 503 2199 quo
542 2152 666 2187 antea
705 2145 775 2186 usi
813 2153 944 2195 erant,
984 2160 1077 2187 esse
1119 2145 1286 2201 privati.
1347 2143 1415 2187 Cf.
1448 2143 1686 2186 Comment.

141 2217 363 2274 epigraph.
384 2217 407 2258 I
435 2231 477 2272 p.
498 2217 578 2260 370
609 2232 670 2271 sq.
712 2216 904 2272 Ideoque
935 2217 1205 2273 Lugdunum
1233 2232 1333 2273 prae
1365 2217 1562 2259 omnibus
1582 2215 1687 2259 Gal-

140 2290 222 2332 liae
251 2288 497 2332 civitatibus
527 2304 695 2344 semper
723 2289 949 2331 maximam
977 2290 1281 2346 imperatorum
1313 2289 1528 2331 caritatem
1555 2289 1687 2332 habe-

143 2362 229 2412 bat,
265 2361 389 2403 sedes
421 2376 470 2403 ac
506 2361 785 2412 domicilium,
825 2362 859 2403 si
892 2377 1000 2417 quos
1030 2362 1074 2403 in
1102 2360 1244 2404 Gallia
1269 2362 1430 2403 versari
1459 2369 1686 2418 oporteret,

143 2434 395 2491 eligebatur,
421 2434 538 2475 nullo
562 2449 648 2476 non
674 2448 830 2489 genere
862 2434 1183 2477 benevolentiae
1215 2434 1456 2476 ornabatur.
1498 2435 1686 2476 Eodem-

142 2516 226 2562 que
266 2505 524 2548 deducimur
560 2521 610 2548 ea
645 2521 774 2561 quam
812 2507 940 2562 paulo
979 2513 1077 2563 post
1112 2520 1373 2562 exponemus
1406 2507 1601 2562 opinione
1633 2506 1687 2549 de

142 2579 236 2631 iure
274 2578 435 2628 Italico,
474 2578 589 2633 quod
628 2579 949 2635 Lugdunenses
992 2578 1045 2620 ab
1086 2578 1206 2620 initio
1248 2579 1435 2621 coloniae
1483 2578 1686 2621 habuisse

142 2650 409 2693 arbitramur.
460 2650 550 2693 Sed
577 2659 745 2706 praeter
774 2651 852 2693 hos
881 2652 1203 2708 Lugdunenses
1232 2651 1350 2692 nulla
1375 2659 1463 2693 erat
1482 2651 1525 2693 in
1547 2652 1688 2694 Gallia

144 2721 324 2765 Comata
365 2723 529 2773 civitas,
567 2723 711 2766 nullus
740 2724 940 2780 populus,
979 2725 1024 2766 in
1059 2739 1144 2779 quo
1172 2723 1246 2778 qui
1278 2731 1420 2765 essent
1448 2724 1564 2765 cives
1596 2723 1685 2766 Ro-

142 2795 271 2845 mani,
303 2795 372 2837 ius
401 2794 611 2837 honorum
641 2795 846 2839 haberent
875 2812 925 2839 eo
947 2797 1121 2853 quidem
1144 2803 1346 2852 tempore,
1366 2811 1451 2850 quo
1472 2793 1684 2838 Claudius

142 2867 253 2911 hanc
280 2883 389 2924 quae
418 2874 532 2912 extat
563 2868 794 2911 orationem
823 2869 986 2920 habuit,
1016 2870 1148 2925 idque
1177 2869 1404 2926 imperator
1420 2869 1535 2911 haud
1555 2868 1686 2911 dubie
