1846 3100
568 141 622 174 De
648 139 765 174 Gallia
792 141 1027 174 Romanorum
1061 141 1246 183 provincia.
1601 139 1679 183 143

135 250 406 293 coniunctam
441 265 540 293 cum
569 251 782 308 Hispania
811 250 1004 293 citeriore
1034 264 1122 292 uno
1159 251 1297 307 capite
1333 251 1392 294 ita
1422 265 1680 294 commemo-

133 323 244 372 rari,
290 330 340 364 ut
381 337 537 364 nomen
581 331 721 366 tamen
765 323 858 365 eius
897 322 952 364 ab
990 322 1156 378 reliqua
1191 324 1412 379 provincia
1449 331 1681 380 separetur.

135 395 255 449 Quid
292 395 427 451 igitur
460 395 543 438 hoc
580 396 823 453 significat?
878 394 993 436 Num
1025 395 1259 437 Ptolemaei
1294 403 1430 439 aetate
1459 396 1488 438 i.
1516 411 1552 438 e.
1588 396 1681 438 Ha-

133 467 284 510 driano
315 475 356 510 et
384 468 464 510 Pio
492 468 802 524 imperantibus
827 467 1009 510 Asturia
1041 467 1233 510 seiuncta
1259 468 1313 510 ab
1336 468 1548 524 Hispania
1578 468 1681 510 cite-

133 540 246 582 riore
285 555 364 583 suo
398 541 541 596 legato
576 540 744 595 paruit?
799 538 872 582 An
916 539 1108 582 seiuncta
1143 540 1216 582 illa
1245 541 1419 595 quidem
1449 548 1560 592 erat,
1604 540 1681 583 sed

133 613 194 655 ita
234 620 376 656 tamen
414 627 567 655 rursus
608 613 859 662 coniuncta,
899 619 948 653 ut
984 612 1058 667 qui
1097 612 1136 654 ei
1174 620 1412 668 praeesset,
1453 615 1680 657 universae

133 685 468 728 Tarraconensis
498 685 734 742 Hispaniae
763 685 907 741 legato
942 684 1140 740 pareret?
1188 683 1262 727 An
1291 685 1476 741 denique
1505 701 1557 728 ex
1585 684 1682 728 Au-

134 757 252 814 gusti
281 758 497 808 instituto‚
537 772 636 800 cum
665 773 799 799 unum
830 756 954 812 quasi
983 757 1228 812 provinciae
1259 754 1437 814 corpus,'
1477 773 1590 800 unus
1621 760 1682 801 le-

135 837 262 887 gatus
298 831 461 881 fuerat,
499 829 607 871 nihil
637 838 742 871 tunc
772 837 862 871 erat
890 829 1188 871 immutatum?
1245 830 1337 872 Iam
1366 830 1471 871 nihil
1503 831 1557 872 ab
1585 829 1682 873 Au-

135 902 252 959 gusti
287 913 477 959 tempore
507 902 551 944 in
585 902 798 958 Hispania
824 901 1134 943 Tarraconensi
1168 917 1262 944 esse
1292 909 1501 945 mutatum
1532 919 1682 960 parum

136 982 203 1017 est
219 974 460 1030 probabile3
490 990 588 1017 nam
607 990 659 1016 ex
680 974 893 1024 omnibus,
919 989 1028 1029 quae
1046 974 1312 1029 imperatoris
1333 975 1527 1031 propriae
1549 984 1683 1025 erant,

134 1047 368 1103 provinciis
406 1047 478 1089 vix
517 1062 604 1089 una
639 1047 898 1103 reperietur,
945 1061 1053 1101 quae
1091 1061 1175 1087 non
1211 1047 1418 1101 paulatim
1457 1048 1499 1089 in
1536 1048 1683 1103 plures

135 1127 279 1176 partes
312 1119 453 1162 divisa
482 1119 549 1162 sit.
603 1118 651 1161 Si
681 1119 786 1175 quid
819 1126 960 1160 autem
992 1126 1057 1161 est.
1087 1119 1371 1170 immutatum,
1406 1133 1490 1161 non
1520 1121 1684 1163 incom-

135 1191 262 1234 mode
289 1189 471 1235 Asturia
496 1199 538 1234 et
566 1191 785 1234 Gallaecia
810 1205 922 1232 nova
947 1191 1169 1246 provincia
1196 1191 1414 1234 videbitur
1441 1207 1537 1234 esse
1562 1193 1683 1234 insti-

137 1270 241 1306 tuta.
287 1263 341 1305 Id
373 1266 467 1320 age,
495 1264 624 1320 paulo
653 1263 851 1319 pluribus
879 1263 1157 1318 explicemus.
1199 1263 1371 1305 Etenim
1397 1263 1451 1305 ab
1479 1262 1684 1319 Augusto

135 1335 370 1391 Hispanias
408 1337 632 1378 universas
674 1342 839 1378 constat
878 1335 922 1376 in
963 1343 1049 1377 tres
1088 1335 1332 1391 provincias
1373 1352 1467 1379 csse
1504 1337 1682 1384 divisas,

136 1422 318 1463 quarum
358 1423 487 1450 unam
527 1408 773 1450 ulteriorem
817 1408 907 1450 sive
943 1407 1163 1449 Baeticam
1204 1409 1463 1463 proconsul,
1508 1409 1682 1450 alteram

136 1479 503 1522 Tarraconensem
544 1480 713 1535 legatus
752 1477 951 1521 Caesaris
994 1479 1254 1530 consularis,
1301 1481 1467 1523 tertiam
1507 1481 1683 1523 Lusita-

136 1552 249 1595 niam
279 1552 519 1609 praetorius
552 1552 746 1594 eiusdem
775 1552 945 1607 legatus
977 1551 1199 1593 obtineret.
1260 1553 1410 1608 Itaque
1440 1553 1483 1594 in
1510 1554 1685 1596 Baetica

136 1625 312 1680 quidem
340 1624 420 1667 sub
448 1624 622 1667 Tiberio
651 1623 807 1667 Vibius
837 1623 1026 1666 Serenus
1063 1624 1294 1680 proconsul
1332 1633 1685 1668 commemoratur

137 1698 253 1754 apud
270 1697 374 1740 Tac.
392 1698 549 1740 Annal.
566 1697 645 1748 IV,
672 1697 735 1747 13,
767 1696 847 1738 sub
875 1696 1045 1738 Nerone
1074 1696 1255 1738 Alienus
1277 1694 1463 1740 Caecina
1484 1706 1686 1753 quaestor

137 1769 254 1826 apud
283 1769 386 1811 Tac.
412 1769 528 1811 Hist.
547 1769 582 1819 I,
609 1769 683 1820 53,
717 1768 797 1811 sub
825 1768 1012 1810 Traiano
1044 1767 1092 1811 P.
1120 1767 1291 1810 Tullius
1319 1768 1455 1811 Varro
1484 1784 1683 1825 procons.

137 1842 254 1898 apud
283 1840 416 1884 Orell.
445 1858 486 1883 n.
515 1841 638 1891 6497,
681 1840 762 1883 sub
791 1840 1015 1883 Hadriano
1049 1838 1100 1882 C.
1127 1837 1298 1896 Oppius
1339 1855 1535 1896 procons,
1578 1841 1683 1884 ibid.

138 1929 180 1956 n.
209 1913 332 1956 3306.
402 1914 566 1957 Verum
602 1913 835 1969 imperante
873 1912 936 1954 M.
974 1911 1153 1954 Aurelio
1190 1927 1364 1954 net-esse
1403 1921 1468 1955 est
1506 1913 1683 1956 mutatio

138 1985 340 2029 acciderit
393 2001 480 2028 non
530 1992 695 2028 tantum
733 1985 933 2027 Baeticae
979 1984 1242 2041 provinciae,
1297 1985 1374 2028 sed
1411 1985 1536 2027 etiam
1576 1984 1683 2027 Tar-

138 2058 398 2100 rmonensis.
458 2059 630 2100 Etenim
672 2057 726 2099 de
761 2056 969 2113 Septimio
999 2054 1162 2099 Severo
1195 2055 1449 2112 Spartianus
1489 2072 1524 2099 c.
1557 2057 1582 2100 2
1626 2057 1686 2099 sic

141 2130 289 2172 tradit:
337 2133 609 2177 Quaesturam
639 2131 858 2183 diligenter
884 2131 988 2182 egit:
1021 2129 1206 2170 omnibus
1232 2129 1406 2170 sortibus
1432 2135 1556 2169 natus
1579 2131 1688 2169 mili-

140 2205 228 2242 tari
248 2209 343 2255 post
367 2209 628 2254 quaesturam
659 2208 766 2242 sorte
796 2204 1004 2242 Baeticam
1035 2203 1203 2254 accepit,
1232 2208 1354 2255 atque
1380 2203 1474 2242 inde
1497 2203 1686 2254 Africam

135 2276 277 2326 pettit,
317 2280 367 2314 ut
401 2281 562 2315 mortuo
592 2281 715 2327 patre
750 2287 835 2314 rem
874 2274 1131 2313 domesticam
1168 2279 1431 2325 componeret.
1483 2274 1564 2313 Sed
1588 2274 1686 2313 dum

142 2348 188 2386 in
217 2347 366 2399 Africa
394 2352 462 2393 est.
490 2360 569 2398 pro
600 2348 768 2386 Baetica
797 2346 999 2385 Sardinia
1027 2347 1066 2384 ei
1092 2345 1295 2385 attributa
1324 2352 1403 2394 est,
1446 2346 1556 2397 quod
1586 2347 1687 2384 Bae·

141 2419 266 2458 ticam
297 2420 450 2459 Mauri
481 2418 806 2471 populabantur.
866 2420 969 2458 Acta
1004 2419 1137 2468 igitur
1173 2423 1393 2469 quaestura
1426 2417 1691 2456 Sardiniensi

141 2492 383 2542 legationem
406 2492 662 2542 proconsulis
687 2492 862 2543 Africae
891 2491 1058 2542 accepit.
1108 2488 1230 2530 Haec
1256 2486 1386 2530 verba
1413 2487 1567 2529 vitiosa
1593 2501 1688 2528 esse

143 2575 290 2602 omnes
326 2561 578 2616 interpretes
616 2561 879 2611 concedunt,
921 2560 998 2602 sed
1035 2560 1251 2615 quomodo
1289 2558 1553 2600 emendanda
1589 2558 1687 2608 sint,

141 2647 294 2687 parum
322 2639 488 2674 constat
511 2647 591 2674 nec
615 2640 729 2674 recte
754 2632 972 2674 emendari
998 2647 1126 2688 posse
1151 2631 1347 2673 existimo
1379 2631 1469 2672 sine
1491 2630 1688 2672 codicum

143 2717 236 2759 ope.
304 2703 419 2746 Illud
452 2710 615 2746 certum
646 2711 732 2754 est,
772 2704 934 2746 nuUam
963 2703 1178 2760 duplicem
1208 2703 1343 2745 fuisse
1376 2701 1528 2744 Severi
1557 2716 1688 2757 quae-

146 2781 321 2825 sturam,
351 2781 399 2816 ut
426 2774 611 2830 primum
639 2775 800 2818 Romae
829 2776 974 2818 nescio
1002 2791 1130 2831 quam
1162 2775 1321 2831 egerit,
1353 2773 1509 2815 deinde
1539 2779 1688 2816 exacto

145 2847 398 2902 magistratu
426 2847 470 2888 in
502 2848 763 2903 provinciam
794 2849 1013 2903 profectus
1044 2848 1120 2896 sit,
1163 2847 1235 2901 qui
1262 2861 1354 2888 mos
1387 2860 1484 2887 cum
1515 2845 1615 2887 olim
1644 2844 1689 2886 in
