1846 3100
1666 157 1695 185 V

148 259 202 303 ab
221 258 472 302 consulibus
501 254 745 311 regebatur,
768 252 903 295 multa
921 251 974 294 de
1001 250 1320 308 provinciarum
1339 251 1566 304 divisione,
1586 269 1695 309 quae

148 332 192 373 in
231 330 407 386 antiqua
444 326 664 385 republica
703 326 797 375 fuit,
835 324 1018 366 dicenda
1056 331 1187 374 erant,
1229 323 1385 366 deinde
1425 325 1596 367 condita
1632 333 1695 368 est

149 403 383 460 provincia,
415 408 639 458 postquam
671 397 721 441 C.
751 397 918 440 Marius
947 397 1132 439 maximo
1162 396 1274 439 bello
1306 395 1505 440 Cimbros
1534 398 1695 440 Teuto-

150 491 316 532 nosque
345 475 462 525 vicit,
491 474 544 515 de
567 488 652 528 quo
670 472 765 528 ipso
791 485 927 527 pauca
954 468 1271 525 disputavimus
1299 467 1555 520 necessario,
1574 471 1697 526 plura

149 550 203 591 de
241 548 363 590 bellis
401 545 615 595 civilibus,
656 558 765 600 quae
803 543 998 584 insecuta
1039 550 1151 592 sunt,
1190 542 1480 593 adiunximus,
1513 558 1696 598 quorum

149 636 316 671 causae,
355 620 438 662 nisi
469 618 634 662 Galliae
672 616 780 659 ratio
812 622 1019 664 teneatur,
1053 615 1126 656 vix
1158 615 1260 657 satis
1300 615 1465 671 possint
1500 615 1695 670 intelligi.

148 693 263 735 Tum
303 693 435 735 altera
473 690 621 734 addita
659 678 974 744 estprovincia
1006 686 1159 737 Gallia.
1191 702 1290 729 cum
1322 685 1372 729 C.
1404 685 1567 729 Caesar
1595 702 1696 729 suae

148 765 360 822 potentiae
396 763 621 820 augendae
651 776 781 804 causa
812 760 932 816 leges
967 759 1150 802 civitatis
1182 767 1474 810 commutaret,
1503 759 1698 801 maximi-

148 854 232 894 que
267 837 368 880 belli
404 836 542 878 civilis
573 827 694 890 origo
731 840 859 888 atque
896 832 1064 874 occasio
1100 846 1153 873 ex
1189 832 1336 874 eadem
1368 832 1448 874 hac
1478 832 1698 887 provincia

148 911 265 953 haud
298 909 430 952 dubie
459 907 690 964 repetenda
714 912 790 948 est.
834 905 988 946 Postea
1019 918 1121 946 vero
1148 904 1202 945 ad
1236 903 1419 947 Galliam
1449 903 1697 961 Transalpi·

148 999 245 1026 nam
275 982 348 1038 qui
375 981 523 1038 populi
553 984 841 1027 accesserunt,
868 976 1177 1019 validissimam
1206 977 1375 1034 imperii
1406 984 1572 1033 partem
1604 977 1696 1019 effi-

150 1054 330 1105 ciebant,
361 1055 486 1097 cuius
516 1051 736 1095 historiam
766 1049 840 1106 qui
873 1049 1160 1106 persequitur,
1190 1064 1274 1091 non
1302 1056 1440 1105 potest
1468 1065 1552 1092 non
1574 1066 1697 1107 prae-

150 1127 434 1170 stantissimos
464 1126 756 1177 Romanorum
787 1123 920 1165 duces
951 1136 1226 1178 cognoscere,
1257 1129 1368 1165 artes
1390 1122 1696 1179 imperatorum

147 1201 192 1242 in
215 1198 406 1255 regenda
434 1197 656 1255 republica
678 1195 954 1251 investigare,
981 1195 1258 1236 maximarum
1290 1195 1572 1237 mutationum
1602 1196 1697 1236 fon-

148 1279 232 1315 tem
286 1271 464 1328 aperire.
529 1269 775 1313 Deducitur
819 1268 931 1310 idem
986 1267 1042 1309 ad
1086 1267 1328 1324 provincias
1374 1266 1594 1316 finitimas,
1644 1281 1696 1307 ex

148 1343 306 1400 quibus
334 1343 485 1386 Raetia
522 1343 575 1386 ab
607 1343 702 1398 ipsa
732 1340 1048 1397 quodammodo
1080 1347 1179 1382 nata
1215 1347 1304 1389 est,
1347 1339 1553 1381 Noricum
1583 1338 1697 1380 Pan—

150 1416 364 1471 noniaque
401 1423 514 1458 certe
551 1431 636 1458 non
666 1414 803 1457 aliena
833 1414 1022 1463 fuerunt,
1053 1420 1101 1454 ut
1132 1413 1204 1454 vix
1231 1413 1319 1454 ulla
1348 1427 1417 1454 res
1450 1411 1585 1453 maior
1616 1410 1697 1452 sub

149 1487 480 1544 imperatoribus
516 1487 733 1536 acciderit,
769 1501 878 1542 quae
912 1500 998 1527 non
1032 1500 1131 1527 cum
1162 1483 1300 1527 Gallia
1329 1484 1397 1526 vel
1428 1483 1592 1540 origine
1629 1483 1698 1525 vel

150 1559 267 1601 exitu
306 1559 371 1601 vel
409 1559 552 1615 aliqua
587 1558 791 1600 affinitate
828 1557 1053 1600 coniuncta
1083 1557 1226 1600 fuerit.
1284 1556 1522 1612 Praecipua
1555 1562 1697 1597 autem

149 1631 373 1687 diligentia
402 1646 500 1674 eum
529 1631 687 1681 locum,
716 1630 789 1685 qui
819 1629 873 1671 ad
909 1628 1128 1671 dictatoris
1158 1627 1356 1671 Caesaris
1385 1635 1575 1683 tempora
1599 1643 1698 1684 per-

149 1703 268 1754 tinet,
296 1703 586 1753 tractavimus,
617 1702 659 1744 in
690 1717 776 1758 quo
808 1717 906 1744 cum
936 1701 1070 1743 multa
1094 1701 1279 1743 obscura
1310 1700 1378 1743 vel
1412 1700 1573 1742 incerta
1603 1715 1697 1742 esse

149 1775 409 1827 videremus,
440 1776 699 1832 peculiarem
730 1776 778 1815 de
809 1777 1023 1815 dictatoris
1054 1774 1238 1816 Caesaris
1266 1773 1485 1813 honoribus
1503 1772 1696 1828 disputa-

150 1847 306 1890 tionem
333 1848 608 1899 instituimus,
647 1861 899 1902 magnarum
939 1846 1131 1900 profecto
1165 1844 1467 1887 difficultatum
1497 1845 1696 1901 plenissi-

150 1935 276 1971 mam,
306 1921 380 1963 sed
412 1921 604 1970 eandem,
633 1927 682 1961 ut
709 1914 943 1975 speramus,
970 1931 1055 1959 non
1080 1917 1403 1959 infructuosam.
1449 1917 1696 1959 Dicendum

151 1992 263 2034 enim
292 2000 381 2036 erat
404 1993 458 2035 de
489 1993 714 2041 dictat-ura,
747 1990 801 2032 de
833 1989 1072 2039 consulatu,
1103 1988 1314 2044 quaedam
1344 1988 1470 2031 etiam
1492 1989 1545 2030 de
1564 1989 1696 2031 fasto-

150 2079 246 2106 rum
286 2079 644 2120 nummorumque
681 2062 854 2112 ratione,
891 2061 1099 2117 imprimis
1138 2070 1280 2102 autem
1319 2060 1698 2103 animadvertenda

150 2135 224 2178 illa
252 2136 459 2178 honorum
491 2135 736 2184 cumulatio,
762 2148 872 2190 quae
902 2141 1005 2174 tunc
1028 2133 1204 2175 inventa
1228 2133 1432 2189 paulatim
1465 2133 1696 2190 potentiam

150 2206 454 2264 imperatorum
500 2208 653 2251 effecit.
716 2205 806 2260 Qui
849 2205 971 2247 locus
1015 2211 1130 2247 totus
1174 2205 1393 2260 aptissime
1437 2206 1523 2255 illa,
1568 2220 1697 2261 quam

153 2279 505 2335 significavimus,
537 2280 787 2336 quaestione
818 2278 872 2320 de
899 2276 1063 2333 origine
1091 2276 1343 2320 tribuniciae
1359 2278 1594 2334 potestatis,
1613 2292 1698 2333 qua

150 2351 428 2407 imperatores
458 2353 528 2395 usi
564 2359 676 2402 sunt,
707 2348 993 2394 concluditur.
1042 2348 1350 2405 Veruntamen,
1380 2350 1423 2391 id
1458 2349 1576 2405 quod
1604 2364 1696 2391 mo·

149 2423 306 2465 lestum
335 2423 459 2466 nobis
489 2424 625 2466 fuisse
653 2424 849 2472 fatemur,
879 2421 1005 2464 etiam
1034 2421 1292 2477 amplificare
1319 2421 1424 2464 haec
1457 2421 1591 2464 coacti
1623 2435 1696 2463 su-

152 2510 263 2545 mus,
290 2502 339 2537 ut
365 2495 697 2551 disputationem
725 2502 915 2536 nostram
944 2492 998 2536 ab
1028 2493 1212 2536 diversis
1242 2493 1589 2535 doctissimorum
1618 2492 1696 2534 ho-

118 2566 312 2609 >.minum
338 2567 610 2623 opinionibus
643 2566 995 2609 defenderemus:
1027 2581 1136 2621 quae
1168 2581 1266 2608 cum
1293 2580 1377 2607 non
1398 2564 1695 2615 contendendi,

152 2638 229 2680 sed
274 2638 364 2680 veri
414 2638 662 2681 inveniendi
712 2653 843 2681 causa
886 2638 1010 2680 inviti
1059 2637 1363 2687 scriberemus,
1408 2652 1461 2679 ne
1507 2637 1696 2691 reliquae

150 2709 412 2765 quaestionis
469 2710 600 2752 series
649 2710 978 2761 distraheretur,
1020 2710 1064 2751 in
1109 2709 1389 2766 appendicem
1435 2708 1696 2750 coniecimus

152 2781 340 2824 criticam
376 2781 742 2837 necessitatisque,
786 2797 839 2824 ex
877 2797 962 2838 qua
1001 2789 1100 2824 nata
1139 2788 1252 2832 sunt,
1291 2788 1339 2823 ut
1376 2780 1696 2822 excusationem

149 2853 383 2904 inveniant,
410 2867 671 2910 magnopere
701 2860 912 2909 optamus.
