1846 3100
202 139 284 184 282
610 146 664 178 Dc
690 147 822 187 legibus
848 148 1107 190 municipalibus
1134 149 1337 193 Hispanicis.

199 255 292 311 ipse
326 262 509 312 agnatus
548 256 771 312 proximus
808 256 999 312 civisque
1027 257 1268 310 Romanus,
1311 260 1347 302 si
1381 262 1620 319 municipes
1648 261 1745 305 Sal-

198 328 377 383 pensani
395 343 542 370 omnes
562 328 776 371 civitatem
793 329 1012 379 haberent,
1039 339 1212 387 apparet
1230 332 1350 388 prius
1372 333 1575 377 debuisse
1595 334 1744 384 omitti,

199 401 355 457 quippe
397 402 514 457 quod
554 410 668 444 esset
707 417 1094 458 supervacaneum3
1143 404 1178 446 si
1221 405 1404 447 fuissent
1449 421 1595 449 omnes
1640 407 1744 449 iuris

198 472 357 523 Latini,
386 474 543 530 optime
574 490 674 518 sane
701 475 935 517 dicebatur.
988 474 1077 517 Sed
1108 490 1207 518 cum
1236 476 1323 519 duo
1352 477 1500 534 utique
1523 478 1744 521 hominum

199 561 356 603 genera
385 546 427 588 in
454 547 688 603 municipio
710 548 843 589 fuisse
863 547 1214 598 intellexerimus,
1241 565 1346 592 num
1363 550 1478 606 quod
1497 551 1552 594 ad
1569 551 1744 594 alteram

198 625 362 660 tantum
394 627 554 670 partem
582 619 832 675 pertineret,
874 620 1016 662 minus
1054 628 1167 663 recte
1199 622 1452 665 dicebatur?
1514 625 1606 666 Aut
1636 639 1744 680 quae

197 690 297 733 hinc
326 690 557 733 deducitur
588 692 861 748 significatio,
904 700 952 734 ut
979 701 1052 735 aut
1080 693 1332 736 Latinorum
1362 703 1436 737 aut
1469 695 1627 739 civium
1655 697 1745 739 Ro-

198 779 418 806 manorum
446 765 648 807 maiorem
678 773 839 821 partem
867 766 1002 809 fuisse
1032 766 1351 822 intelligamus?

308 835 454 892 Atque
499 838 603 880 haec
643 838 817 893 quidem
861 848 961 882 sunt
1000 840 1053 881 de
1093 839 1187 881 iure
1225 840 1416 896 ipsorum
1458 841 1744 898 municipum3

197 909 349 964 reliqui
383 917 483 951 sunt
513 909 599 952 duo
625 911 707 953 loci
737 911 790 954 de
816 912 1122 955 decurionibus
1152 919 1193 954 et
1223 912 1277 954 de
1312 912 1484 965 incolis,
1530 915 1604 970 qui
1640 915 1744 970 quid

197 982 251 1025 de
283 983 475 1025 universi
504 984 724 1040 municipii
754 984 846 1027 iure
875 985 1069 1033 doceant,
1100 985 1337 1028 videndum
1366 994 1443 1029 est.
1494 986 1606 1029 Nam
1634 987 1744 1030 aeris

197 1053 449 1111 Salpensani
482 1071 572 1112 cap.
590 1056 731 1098 XXV
758 1057 811 1098 de
843 1058 1058 1113 praefecto
1089 1057 1303 1110 scribit-ur,
1335 1061 1408 1114 qui
1435 1075 1460 1102 a
1480 1060 1621 1103 IIviro
1650 1061 1744 1103 loco

197 1143 275 1170 suo
303 1129 577 1184 relinquitur,
619 1129 661 1170 in
703 1145 789 1185 quo
819 1130 929 1172 duae
955 1145 1023 1172 res
1053 1139 1278 1181 caventur,
1319 1132 1502 1188 primum
1530 1147 1583 1175 ne
1608 1133 1746 1176 minor

197 1201 252 1243 sit
287 1216 415 1257 quam
451 1217 659 1244 annorum
689 1203 894 1253 XXXV,
934 1203 1089 1245 deinde
1127 1212 1175 1245 ut
1210 1219 1263 1246 ex
1300 1204 1604 1248 decurionibus
1641 1220 1744 1248 con-

197 1274 454 1330 scriptisque
492 1275 688 1330 eligatur.
754 1275 823 1317 De
861 1276 953 1318 iure
981 1282 1123 1317 autem
1157 1276 1248 1318 eius
1282 1277 1388 1319 haec
1417 1278 1645 1334 leguntur:
1692 1280 1748 1318 Ei

194 1352 269 1400 qui
293 1350 354 1388 ita
379 1350 619 1401 praejectus
649 1351 816 1389 relictus
845 1352 936 1399 erit,
967 1351 1090 1390 donec
1115 1352 1160 1389 in
1185 1351 1231 1390 id
1251 1353 1523 1403 municipium
1544 1352 1745 1391 alteruter

194 1435 245 1460 ex
276 1423 416 1461 Ilm'rz's
444 1422 618 1471 adierit,
661 1426 705 1462 in
736 1422 921 1462 omnibus
949 1422 1066 1462 rebus
1095 1424 1142 1463 z'd
1169 1424 1233 1462 ius
1261 1426 1305 1471 e(
1305 1437 1330 1462 a
1328 1426 1430 1475 )que
1455 1428 1634 1475 potestas
1663 1429 1744 1464 esto

189 1499 482 1546 praeterquam
512 1496 559 1535 de
585 1497 800 1547 praesecto
828 1496 1095 1547 relinquendo
1125 1501 1164 1535 et
1192 1496 1240 1535 de
1269 1497 1479 1546 (·(z'vz'tate)
1510 1491 1745 1546 ammana)

194 1567 487 1620 consequenda,
523 1568 632 1620 quod
658 1570 723 1608 ius
748 1582 928 1620 quaeque
950 1574 1128 1620 potestas
1155 1569 1277 1618 ldae)
1306 1569 1436 1620 l(ege)
1464 1570 1592 1619 Ilvir(
1593 1570 1628 1608 is
1653 1571 1745 1620 qui)

194 1641 284 1679 iure
308 1641 486 1680 dicundo
508 1646 739 1693 praeerunt
755 1641 893 1682 datur.
941 1637 1172 1682 Civitatem
1192 1639 1326 1694 igitur
1342 1639 1590 1690 Romanam,
1616 1653 1745 1694 quam

193 1711 347 1767 reliqui
363 1711 638 1768 magistratus
659 1711 913 1768 Salpensani
937 1712 973 1754 si
994 1718 1091 1754 ante
1111 1726 1195 1753 non
1214 1710 1470 1761 habuerunt,
1491 1710 1652 1754 honore
1668 1726 1744 1767 ge-

195 1784 329 1826 rendo
352 1784 581 1841 accipiunt,
614 1785 693 1826 soli
713 1785 776 1826 illi
798 1784 1004 1841 praefecti
1028 1799 1103 1840 pro
1123 1783 1275 1826 IIviris
1295 1799 1380 1826 non
1402 1792 1743 1840 consequuntur:

196 1873 282 1913 qua
308 1857 350 1899 in
379 1873 425 1899 re
458 1857 745 1900 certissimum
775 1857 1064 1899 testimonium
1098 1863 1181 1906 est,
1223 1871 1319 1898 cum
1351 1856 1555 1914 praefecti
1584 1871 1637 1898 ex
1667 1855 1744 1898 de-

196 1930 446 1972 curionibus
472 1930 596 1981 fiant,
631 1937 794 1986 partem
820 1929 1102 1971 decurionum
1128 1929 1298 1971 civitate
1318 1929 1512 1974 Romana
1540 1928 1744 1971 caruisse.

195 2003 331 2044 Erant
357 2003 491 2059 igitur
521 2003 804 2046 decurionum
825 2003 912 2044 duo
934 2016 1107 2058 genera,
1135 2001 1256 2057 prius
1275 2016 1437 2051 eorum,
1468 2001 1542 2057 qui
1561 2000 1743 2043 honores

196 2083 430 2131 gesserant,
464 2076 539 2131 qui
569 2076 660 2118 sive
687 2076 852 2131 origine
883 2075 1000 2117 cives
1021 2074 1204 2116 Romani
1231 2081 1362 2124 erant,
1393 2073 1484 2116 sive
1505 2088 1591 2116 non
1610 2081 1744 2124 erant,

195 2149 365 2191 civitate
396 2155 536 2191 tamen
563 2148 756 2191 Romana
783 2154 1019 2198 uterentur,
1051 2147 1232 2189 alterum
1264 2162 1428 2197 eorum,
1454 2145 1534 2202 ‘qui
1559 2145 1743 2189 honores

194 2237 279 2263 non
311 2227 554 2278 gesserant,
586 2221 658 2276 qui
687 2220 853 2276 pedarii
882 2220 1150 2276 appellantur
1180 2218 1442 2273 (Comment.
1474 2218 1694 2276 epigraph.
1721 2218 1744 2261 I

194 2310 234 2350 p.
267 2294 390 2349 *13‹));
434 2309 488 2336 ex
518 2293 585 2336 his
615 2293 686 2334 alii
716 2293 882 2348 origine
913 2293 1029 2335 cives
1062 2291 1244 2335 Romani
1277 2298 1409 2341 erant,
1441 2290 1514 2333 alii
1544 2289 1744 2334 carebant

195 2366 387 2416 civitate,
429 2381 536 2421 quos
567 2365 712 2408 Latini
752 2365 858 2408 iuris
900 2365 1035 2408 fuisse
1074 2380 1174 2408 sane
1216 2363 1437 2421 probabile
1477 2370 1554 2405 est.
1624 2361 1744 2417 Quot

193 2446 337 2482 autem
368 2438 529 2481 fuerint
556 2438 695 2488 cives,
733 2445 834 2494 quot
869 2453 953 2480 non
989 2437 1170 2487 fuerint,
1207 2436 1374 2479 definiri
1403 2436 1562 2491 nequit.
1628 2434 1742 2477 Tum

193 2512 248 2555 de
277 2512 429 2554 incolis
463 2518 611 2567 aperta
642 2518 707 2553 est
734 2510 778 2552 in
805 2525 902 2552 aere
932 2509 1189 2551 Malacitano
1217 2508 1491 2565 significati03
1522 2522 1623 2550 nam
1649 2521 1742 2564 cap.

193 2585 304 2627 LIII
324 2587 398 2640 qui
420 2584 591 2626 comitia
609 2582 930 2639 magistratibus
950 2581 1145 2623 creandis
1163 2581 1293 2624 habet
1307 2612 1318 2631 ,
1350 2581 1524 2624 iubetur
1539 2594 1592 2622 ex
1611 2579 1742 2622 curiis

194 2657 352 2698 ducere
382 2671 526 2705 unam,
561 2660 604 2696 sn
635 2671 715 2709 qua
746 2657 906 2696 incolae
932 2657 1006 2707 quz·
1032 2657 1134 2694 cives
1165 2656 1228 2705 lt(
1227 2656 1390 2705 omani)
1417 2655 1612 2694 Latinive
1639 2654 1742 2693 cives

192 2736 337 2777 erunt,
369 2729 672 2782 suffragz'mm)
688 2729 864 2781 ferant,
903 2725 1062 2781 quibus
1095 2725 1140 2767 in
1178 2741 1227 2768 ea
1259 2725 1378 2768 curia
1419 2723 1613 2780 suffragii
1640 2723 1741 2766 latio

195 2801 269 2844 sit:
312 2816 365 2844 ex
394 2800 552 2856 quibus
583 2800 726 2843 verbis
759 2799 916 2848 elucet,
952 2813 1061 2853 quae
1092 2798 1291 2840 confusio
1318 2797 1363 2839 in
1392 2797 1568 2853 reliquis
1595 2796 1741 2852 reipu-

194 2873 331 2917 blicae
360 2874 643 2916 Malacitanae
675 2870 867 2928 partibus
898 2871 966 2921 sit,
997 2871 1177 2914 eandem
1204 2870 1247 2911 in
1274 2869 1425 2912 incolis
1453 2869 1642 2926 reperiri.
