1846 3100
152 139 229 181 104
582 140 637 171 De
663 138 775 171 Gallia
798 139 1033 171 Romanorum
1066 140 1252 181 provincia.

147 264 406 307 magnopere
434 248 582 304 gessit,
614 246 690 289 sed
721 261 819 288 eum
848 246 977 288 simul
1003 246 1126 289 Raeti
1149 254 1191 290 et
1212 247 1431 291 Vindelici
1460 263 1578 291 arma
1605 263 1696 291 mo·
1752 245 1757 250 ’

149 322 326 371 vissent,
360 322 590 376 Augustus
622 334 732 362 anno
764 320 811 361 15
842 319 1028 375 primum
1059 319 1257 362 Drusum
1288 335 1341 363 ex
1368 320 1494 362 Italia
1521 327 1563 364 et
1592 321 1699 364 Del-

147 395 289 445 matia,
321 402 413 436 tum
437 391 676 442 Tiberium,
708 406 837 447 quem
867 406 1014 434 secum
1043 390 1247 442 habebat,
1283 407 1337 434 ex
1366 391 1509 435 Gallia
1539 393 1698 436 bellum
1768 396 1771 398 “

147 468 305 510 inferre
324 465 453 508 iussit
474 464 728 519 subactique
753 470 853 505 sunt
868 463 963 520 ipsa
983 464 1057 506 illa
1075 471 1234 507 aestate
1253 463 1429 519 (Strabo
1443 465 1508 507 IV
1524 481 1566 522 p.
1583 466 1699 520 206).

148 541 239 582 Iam
279 545 328 580 ut
363 545 534 593 tempus
569 535 702 586 illud,
745 535 862 591 quod
899 534 1100 578 Tiberius
1140 544 1237 580 ante
1276 537 1437 580 bellum
1474 538 1700 581 Raeticum

148 620 251 654 tunc
279 611 325 652 in
356 608 500 652 Gallia
532 607 821 664 consumpsit,
849 615 1148 659 numeremus,
1189 615 1302 652 certe
1331 624 1417 651 non
1447 625 1585 654 annus
1615 611 1699 662 ille,

148 699 277 739 quem
296 681 530 725 Suetonius
556 681 712 738 prodit,
738 681 815 723 sed
835 695 911 723 sex
928 681 1017 723 fere
1039 696 1207 724 menses
1227 681 1484 724 efficiuntur.
1528 682 1700 725 Deinde

149 755 351 798 Tiberius
392 760 588 796 narratur
616 760 819 794 comatam
853 751 1038 796 Galliam
1073 753 1255 803 rexisse,
1294 769 1380 796 non
1410 761 1484 797 aut
1514 754 1700 811 Lugdu-

150 843 325 870 nensem
359 834 433 870 aut
458 825 678 881 Belgicam
717 831 791 867 aut
821 825 1149 881 Aquitanicam,
1187 841 1295 881 quas
1330 833 1433 869 tune
1459 827 1700 884 legatorum

150 899 392 957 provincias
417 899 553 941 fuisse
579 897 818 948 docuimus,
847 897 962 940 unde
984 898 1022 940 ei
1049 913 1135 940 non
1162 913 1291 940 unam
1322 899 1507 955 aliquam
1537 914 1590 941 ex
1617 899 1699 951 his,

151 971 226 1015 sed
258 986 406 1014 omnes
438 978 524 1012 tres
555 969 806 1012 commissas
836 984 931 1012 esse
963 970 1216 1026 colligemus
1248 971 1341 1028 pari
1371 971 1460 1014 fere
1488 977 1698 1028 potestate

150 1061 198 1086 ac
238 1044 365 1101 paulo
408 1050 505 1085 ante
537 1043 734 1099 Agrippa
771 1049 812 1084 et
840 1042 884 1083 in
915 1043 1023 1086 Asia
1057 1050 1098 1086 et
1127 1043 1169 1086 in
1203 1043 1357 1086 Galliis
1387 1043 1699 1099 Hispaniisque

152 1117 372 1160 habuerat.
427 1115 598 1169 Quodsi
628 1115 872 1157 universam
903 1115 1086 1158 Galliam
1118 1116 1267 1166 tenuit,
1299 1123 1412 1158 certe
1443 1122 1586 1158 tenere
1617 1131 1702 1158 non

150 1189 310 1246 potuit,
354 1204 450 1231 cum
485 1188 715 1244 Augustus
751 1187 842 1243 ipse
878 1187 920 1229 in
961 1188 1115 1231 Galliis
1155 1189 1324 1239 aderat,
1362 1203 1446 1243 quo
1481 1194 1702 1243 praesente

149 1262 281 1318 legati
310 1267 474 1303 tantum
504 1261 721 1316 vulgares,
751 1260 826 1316 qui
858 1260 1051 1315 singulas
1082 1261 1323 1316 provincias
1351 1267 1563 1315 regerent,
1593 1271 1702 1316 opus

151 1340 283 1377 erant.
338 1334 488 1388 Itaque
521 1333 583 1375 sic
612 1333 756 1389 potius
788 1333 950 1375 factum
981 1347 1076 1375 esse
1107 1347 1275 1383 censeo,
1305 1339 1354 1374 ut
1379 1346 1478 1374 cum
1503 1332 1703 1389 Agrippa

150 1407 194 1448 in
227 1405 378 1447 urbem
414 1421 587 1448 reverso
619 1407 849 1462 Augustus
878 1419 1047 1461 quoque
1079 1419 1178 1447 cum
1208 1404 1384 1446 Tiberio
1415 1419 1468 1446 ex
1495 1405 1603 1447 Asia
1635 1419 1703 1447 re-

151 1478 299 1528 disset,
331 1478 401 1520 hic
430 1477 632 1520 Tiberius
664 1478 878 1521 universis
908 1477 1076 1526 Galliis,
1112 1492 1221 1532 quae
1251 1477 1518 1533 imperatoris
1546 1482 1702 1527 essent,

150 1550 453 1607 praeficeretur
480 1566 638 1607 easque
668 1566 780 1594 anno
808 1551 852 1593 18
874 1565 911 1591 a.
933 1547 1036 1591 Chr.
1066 1556 1242 1599 teneret,
1273 1563 1359 1604 quo
1385 1563 1494 1591 anno
1521 1553 1703 1591 exennte

151 1623 332 1666 Romam
361 1623 550 1673 revertit,
584 1632 632 1665 ut
658 1631 902 1680 praeturam
930 1622 1015 1664 iam
1047 1637 1146 1664 vere
1175 1622 1219 1663 in
1251 1636 1410 1664 annum
1446 1622 1489 1664 17
1522 1621 1701 1663 delatam

153 1702 321 1752 gereret
350 1696 458 1752 (Dio
487 1685 607 1746 LIV,
643 1697 725 1749 19).
781 1694 1003 1738 Successit
1037 1694 1075 1736 ei
1106 1709 1192 1736 non
1221 1693 1265 1734 in
1297 1693 1496 1736 omnibus
1528 1693 1702 1750 provin-

154 1768 254 1818 ciis,
294 1767 371 1810 sed
396 1768 439 1809 in
467 1768 645 1824 Belgica
672 1774 860 1816 tantuin,
902 1774 950 1808 ut
978 1766 1172 1816 videtur,
1202 1766 1273 1808 ille
1301 1765 1364 1807 M.
1391 1764 1582 1814 Lollius,
1615 1779 1703 1808 cos.

155 1840 254 1882 anni
282 1841 330 1883 21
367 1857 404 1882 a.
436 1838 562 1890 Chr„
605 1840 658 1882 de
689 1855 773 1896 quo
803 1838 991 1881 diximus
1020 1839 1065 1880 in
1097 1845 1321 1880 comment.
1350 1838 1396 1880 II
1423 1853 1465 1894 p.
1501 1838 1592 1887 107,
1629 1836 1704 1892 qui

154 1927 250 1955 cum
291 1912 345 1955 ad
383 1912 588 1968 praedam
620 1912 862 1955 faciendam
901 1910 1071 1954 barbari
1111 1911 1156 1952 in
1191 1911 1329 1968 ipsam
1363 1909 1550 1954 Galliam
1591 1909 1704 1951 irru-

155 1985 340 2042 pissent,
385 1984 551 2027 cladem
588 1984 752 2041 accepit
793 1983 931 2039 magis
963 1984 1120 2026 amissa
1146 1984 1328 2040 legionis
1357 1983 1530 2039 quintae
1562 1981 1705 2036 aquila

89 2083 92 2086 -
153 2057 497 2113 ignominiosam,
529 2071 656 2111 quam
684 2056 970 2112 periculosam
997 2055 1170 2111 (Vellei.
1188 2057 1246 2106 Π,
1269 2057 1345 2107 97;
1378 2055 1466 2097 Dio
1483 2053 1605 2104 LIV,
1627 2052 1702 2103 203

156 2127 276 2172 Suet.
307 2130 423 2184 Aug.
442 2129 530 2183 ι23),
561 2144 670 2183 quae
698 2128 852 2178 effecit,
882 2136 929 2170 ut
956 2128 1187 2184 Augustus
1213 2129 1305 2184 ipse
1334 2142 1431 2170 cum
1455 2125 1632 2169 Tiberio
1658 2125 1704 2166 in

156 2201 341 2244 Galliam
373 2208 663 2257 properarent.
710 2200 802 2242 Nec
832 2215 935 2242 vero
961 2207 1034 2243 aut
1063 2199 1268 2242 Germani
1295 2199 1339 2241 in
1368 2198 1480 2241 bello
1507 2197 1704 2255 perstite-

155 2282 255 2316 runt.
292 2280 366 2316 aut
392 2272 562 2315 Lollius
601 2272 782 2329 turpiter
824 2287 918 2314 sese
957 2272 1114 2328 gessit,
1154 2286 1285 2326 quare
1315 2271 1547 2326 Augustus
1578 2269 1705 2311 etiam

156 2352 305 2403 postea
335 2345 428 2387 eius
458 2360 585 2401 opera
613 2360 719 2387 usus
751 2351 816 2386 est
843 2358 922 2386 nec
955 2350 1046 2384 tum
1077 2342 1115 2384 ei
1142 2340 1373 2398 'imperium
1402 2342 1574 2384 videtur
1602 2341 1704 2383 ade-

158 2419 308 2468 misse3
337 2417 412 2460 sed
433 2433 531 2459 cum
548 2415 780 2473 Augustus
802 2417 894 2472 ipse
917 2414 1126 2471 quamdiu
1147 2414 1190 2455 in
1211 2413 1365 2456 Galliis
1383 2422 1472 2456 erat
1491 2428 1704 2456 summum

155 2490 383 2550 imperium
427 2496 611 2540 teneret,
657 2489 719 2531 M.
757 2488 898 2530 Lollio
938 2487 1165 2529 tutandum
1202 2486 1402 2529 Rhenum
1445 2485 1704 2535 inferiorem,

157 2562 333 2605 Tiberio
363 2562 626 2618 superiorem
653 2560 840 2603 tradidit.

270 2635 503 2677 Exarserat
527 2634 639 2676 enim
662 2633 813 2676 eodem
836 2640 1024 2688 tempore
1045 2630 1279 2672 Raetorum
1296 2629 1704 2684 Vindelicorumque

158 2707 341 2757 bellum,
384 2707 438 2749 ad
475 2706 591 2762 quod
621 2705 858 2762 gerendum
888 2703 1120 2759 Augustus
1152 2711 1193 2744 et
1224 2703 1350 2758 paulo
1382 2709 1479 2745 ante
1509 2702 1705 2743 Drusum

159 2780 332 2822 miserat
373 2786 415 2822 et
451 2785 554 2820 tunc
590 2784 637 2819 ut
673 2793 725 2819 ex
758 2775 900 2819 Gallia
936 2782 1083 2818 contra
1113 2774 1317 2818 barbaros
1351 2774 1703 2832 proficisceretur,

159 2850 383 2894 Tiberium
421 2851 546 2893 misit.
602 2850 670 2892 Ac
702 2855 866 2892 constat
898 2854 1001 2889 tunc
1032 2847 1276 2890 universam
1306 2847 1499 2890 Raetiam
1527 2845 1705 2902 imperio
