1846 3100
171 139 226 182 86
568 127 572 134 ’
615 143 669 175 1)0
697 142 811 176 Gallia
832 143 1066 175 Romanorum
1090 145 1273 186 provincia.

172 251 405 295 existimari
443 259 595 310 potest.
654 251 827 294 Etenim
857 251 1030 295 decerni
1063 253 1225 308 potuit,
1263 259 1312 295 ut
1341 268 1393 296 ex
1423 270 1474 298 eo
1504 255 1594 306 die,
1635 270 1722 311 quo

174 324 489 375 decerneretur,
519 325 572 366 ad
598 325 783 367 eundem
811 323 926 365 diem
952 324 1151 379 quintum
1177 325 1206 368 i.
1232 341 1267 368 e.
1296 341 1434 382 usque
1455 328 1511 369 ad
1532 342 1722 370 mensem

171 396 338 438 Maium
382 397 452 439 vel
495 397 669 439 Iunium
711 396 810 438 anni
851 396 902 439 47
946 397 1180 453 Pompeius
1226 398 1458 454 Hispanias
1500 399 1722 442 obtineret.

171 469 236 510 Ita
264 476 306 511 et
333 469 420 511 Dio
458 469 647 524 quinque
685 483 819 511 annos
848 469 1051 525 Pompeio
1087 470 1278 513 adiectos
1308 486 1403 514 esse
1434 471 1543 513 dixit
1572 471 1723 514 rectis-

174 540 279 583 sime
312 549 354 583 et
379 541 641 583 Plutarchus
674 540 922 583 consulatus
952 541 1089 598 ipsius
1121 548 1291 598 tempus
1321 558 1405 585 non
1438 543 1723 599 complectens

171 629 418 670 paucosque
458 613 531 669 qui
573 613 685 655 ultra
722 628 882 655 annum
918 614 969 657 48
1007 613 1278 670 pertinebant
1317 629 1484 656 menses
1525 615 1723 658 omittens

172 686 288 742 quod
327 685 659 741 quadriennium
699 686 923 741 appellarit
965 685 1240 728 excusandus
1279 693 1356 734 est.
1428 686 1502 728 Ad.
1545 687 1725 730 eandem

173 759 284 801 enim
313 758 521 800 rationem
550 757 637 800 Dio
661 757 897 808 XXXIX,
928 759 980 801 33
1009 758 1139 800 altera
1167 757 1276 814 legis
1307 758 1545 801 consularis
1576 774 1725 815 proro-

173 831 344 887 gatione
374 829 551 873 Caesari
588 829 818 872 triennium
854 830 1070 873 adiectum
1101 844 1196 872 esse
1228 829 1396 881 scribit,
1438 845 1572 874 annos
1601 831 1654 874 53
1685 838 1726 874 et

173 904 228 947 52
259 911 300 946 et
330 904 379 946 51
414 902 674 959 intelligens,
705 916 814 957 quos
844 903 954 945 solos
985 903 1176 958 integros
1203 902 1242 944 ei
1267 903 1322 944 ad
1348 910 1472 946 vetus
1501 903 1611 959 legis
1637 903 1725 946 Va-

173 976 300 1018 tiniae
329 983 499 1031 tempus
532 973 702 1017 additos
735 989 830 1016 esse
861 975 1062 1018 vidimus.
1126 975 1226 1029 Qua
1255 975 1309 1017 de
1339 990 1470 1018 causa
1499 990 1550 1018 eo
1580 976 1724 1019 minus

173 1049 329 1091 erroris
355 1047 548 1090 accusari
575 1046 716 1096 debet,
745 1047 861 1102 quod
887 1047 979 1104 ipse
1006 1047 1042 1090 si
1065 1062 1213 1090 verum
1237 1054 1468 1104 quaeratur
1487 1048 1570 1090 hoc
1595 1048 1725 1091 trien-

173 1121 294 1163 nium
323 1120 540 1162 adiectum
569 1119 752 1162 inveniri
787 1119 846 1161 ait
886 1120 991 1161 ὥστε
1028 1121 1098 1175 τὴν
1127 1120 1345 1174 ἡγεμονίαν
1377 1121 1444 1161 καὶ
1478 1121 1619 1177 ἐκείνῳ
1650 1119 1727 1178 (τῷ

173 1180 369 1249 Καίσαρι)
398 1193 485 1247 τρία
513 1192 582 1247 ἔτη
611 1193 739 1234 πλείω
768 1194 896 1246 (ὥσγε
923 1193 1099 1246 τάληθὲς
1126 1192 1369 1246 εὑρίσκεται)
1399 1192 1586 1247 μηκύναι.
1637 1192 1726 1236 Sed

174 1271 313 1321 potest
341 1264 395 1307 de
423 1263 726 1321 prorogatione
755 1263 923 1320 imperii
950 1263 1066 1319 quod
1092 1263 1325 1319 Pompeius
1353 1263 1571 1307 obtinebat
1598 1265 1725 1307 etiam

172 1337 254 1379 alia
277 1337 384 1379 ratio
413 1336 510 1378 iniri
531 1350 676 1392 eaque,
706 1343 754 1378 ut
775 1336 878 1377 mihi
901 1336 1086 1386 videtur,
1118 1336 1247 1391 paulo
1266 1336 1540 1392 probabilior.
1586 1335 1725 1380 Cuius

174 1409 254 1452 etsi
286 1409 457 1450 initium
491 1409 639 1463 utique
672 1408 807 1451 fuisse
837 1408 984 1450 iudico
1013 1408 1066 1451 ab
1096 1408 1169 1450 illo
1199 1408 1291 1459 die,
1335 1424 1419 1464 quo
1448 1417 1725 1452 senatuscon-

175 1482 335 1524 sultum
366 1481 529 1523 factum
557 1488 644 1531 est,
676 1488 818 1523 tamen
846 1480 1033 1523 dubitari
1062 1487 1224 1536 potest,
1255 1497 1308 1523 an
1337 1481 1485 1524 iussus
1516 1481 1571 1524 sit
1594 1482 1725 1525 Pom-

172 1554 297 1610 peius
335 1553 565 1609 imperium
605 1552 762 1595 habere
805 1554 861 1596 ad
901 1552 993 1596 Cal.
1030 1554 1121 1595 Ian.
1160 1553 1330 1609 quintas
1369 1553 1396 1595 i.
1435 1568 1471 1596 e.
1516 1554 1617 1596 anni
1659 1554 1724 1598 47.

174 1625 290 1667 Illud
327 1624 440 1667 enim
476 1634 517 1667 et
545 1625 705 1668 rectius
737 1625 863 1668 etiam
894 1625 1223 1681 quadriennium
1253 1625 1457 1682 appellari
1486 1632 1654 1682 poterat
1685 1634 1726 1668 et

174 1712 259 1740 non
294 1698 436 1739 minus
474 1704 587 1739 recte
619 1697 983 1753 quinquennium3
1027 1698 1081 1740 de
1117 1697 1245 1739 simili
1284 1697 1397 1740 enim
1431 1698 1723 1754 quinquennio

177 1784 368 1812 summae
402 1769 624 1826 potestatis
659 1769 729 1812 III
767 1769 870 1812 viris
913 1770 1174 1826 reipublicae
1218 1769 1542 1812 constituendae
1583 1770 1724 1813 delato

175 1842 364 1884 diximus
401 1841 447 1884 in
489 1847 712 1884 comment.
750 1842 971 1898 epigraph.
1011 1842 1108 1885 Vol.
1134 1842 1157 1884 I
1200 1858 1239 1898 p.
1271 1842 1334 1885 17.
1398 1841 1594 1898 Eiusque
1622 1857 1723 1898 pro-

174 1914 410 1971 rogationis
439 1929 569 1957 causa
597 1914 808 1969 quaedam
835 1914 975 1956 afferri
1001 1921 1141 1970 potest
1165 1929 1243 1970 per
1271 1929 1316 1956 se
1346 1928 1447 1956 sane
1477 1913 1723 1970 probabilis.

176 1986 288 2029 Nam
321 2001 419 2029 cum
449 1984 627 2029 Caesari
664 2002 794 2042 supra
827 1986 1103 2029 docuerimus
1132 1987 1227 2042 lege
1253 1985 1468 2029 consulari
1497 1985 1722 2041 imperium

174 2067 454 2115 prorogatum
494 2074 589 2101 esse
627 2059 682 2100 ad
721 2058 828 2100 Idus
857 2058 968 2101 Nov.
1005 2058 1104 2101 anni
1134 2059 1209 2108 50,
1251 2057 1360 2100 illud
1400 2072 1501 2100 sane
1535 2065 1724 2114 apparet,

175 2145 261 2186 quo
286 2130 380 2172 iure
411 2131 634 2187 optimates
663 2130 731 2172 usi
763 2131 870 2180 sint,
908 2146 1002 2173 cum
1034 2131 1072 2173 ei
1101 2130 1423 2173 succedendum
1451 2145 1546 2172 esse
1576 2131 1724 2172 existi-

177 2209 363 2253 marent,
403 2202 480 2245 sed
513 2202 593 2244 hoc
632 2218 718 2244 non
745 2202 1022 2258 intelligitur,
1064 2218 1193 2258 quam
1222 2203 1421 2244 iniuriam
1451 2201 1534 2244 sibi
1565 2200 1726 2245 Caesar

174 2274 268 2316 fieri
292 2280 472 2330 questus
503 2274 557 2316 sit
588 2289 686 2316 cum
715 2274 997 2325 adimeretur,
1041 2290 1210 2331 quoque
1241 2282 1364 2331 pacto
1395 2274 1645 2330 postularit,
1676 2283 1726 2316 ut

176 2346 409 2402 Pompeius
439 2361 609 2402 quoque
638 2345 852 2389 exercitus
885 2347 1235 2402 provinciamque
1275 2346 1518 2388 dimitteret.
1573 2345 1725 2401 Neque

176 2418 360 2461 obscure
391 2415 553 2460 Caesar
581 2417 861 2474 querebatur3
892 2433 990 2460 nam
1017 2425 1058 2460 et
1077 2407 1310 2460 Suetonius
1330 2416 1455 2460 Caes.
1484 2432 1520 2459 c.
1542 2417 1595 2460 29
1626 2432 1724 2459 eum

175 2490 328 2532 fitteris
363 2497 506 2532 narrat
537 2497 731 2533 senatum
769 2505 864 2532 esse
903 2490 1202 2546 deprecatum,
1248 2505 1301 2532 ne
1338 2488 1419 2532 sibi
1470 2488 1724 2532 beneficium

176 2562 325 2619 populi
356 2562 616 2604 adimeretur
644 2568 685 2604 et
712 2562 806 2618 ipse
834 2561 931 2604 bell.
961 2561 1042 2604 civ.
1068 2561 1103 2612 I,
1134 2562 1159 2603 9
1188 2562 1232 2603 in
1259 2562 1312 2604 iis
1339 2577 1447 2618 quae
1475 2561 1528 2603 L.
1549 2559 1725 2604 Caesari

177 2633 439 2677 adolescenti
468 2634 523 2676 ad
549 2633 803 2690 Pompeium
832 2648 877 2675 se
907 2633 1134 2676 mandasse
1163 2633 1234 2684 ait,
1266 2634 1328 2676 sic
1356 2633 1522 2677 scribit:
1553 2635 1724 2674 dolmkse

175 2720 223 2756 se,
255 2707 365 2758 quod
383 2708 533 2759 populi
563 2708 747 2746 Romani
770 2706 1006 2757 beneficium
1038 2706 1116 2746 sibi
1140 2720 1217 2759 per
1247 2709 1536 2747 contumeliam
1568 2705 1618 2745 ab
1644 2707 1724 2745 ini-

177 2780 293 2818 micis
321 2783 631 2830 extorqueretur
668 2784 879 2831 ereptoque
906 2780 1119 2818 semenstri
1147 2780 1318 2832 imperio
1347 2780 1392 2818 in
1422 2777 1560 2817 urbem
1590 2782 1721 2816 retra-

177 2849 355 2899 heretur,
386 2852 504 2890 cuius
530 2849 703 2890 absentis
730 2851 933 2890 rationem
961 2849 1103 2889 haberi
1119 2852 1324 2902 proximis
1353 2851 1526 2890 comitiis
1546 2849 1724 2901 populus
