1846 3100
530 175 583 205 De
608 173 741 215 legibus
766 173 1029 215 municipalibus
1054 173 1262 216 Hispanicis.
1590 171 1671 215 275

123 288 308 324 veterem
326 283 602 326 Latinitatem
626 282 885 338 peculiarem
911 283 1096 338 aliquam
1117 282 1252 324 fuisse
1272 282 1510 339 opinemur.
1559 282 1672 337 Quis

121 354 256 410 igitur
283 355 327 396 in
357 355 592 405 divisione,
633 354 708 396 ubi
738 355 995 411 oppidorum
1024 369 1184 410 genera
1212 354 1521 411 distinguenda
1558 362 1672 405 sunt,

121 427 356 484 municipia
381 435 422 470 et
451 427 604 469 Latina
632 427 790 484 oppida
818 427 878 469 ita
903 428 1023 469 iuxta
1047 434 1234 482 poneret,
1264 427 1300 470 si
1324 428 1398 469 illa
1426 442 1511 469 non
1541 427 1670 469 modo

121 498 280 541 civium
319 500 627 549 Romanorum,
673 515 823 542 verum
863 500 989 542 etiam
1028 499 1282 541 Latinorum
1327 515 1422 543 esse
1465 499 1670 556 possent?

120 571 219 614 Hoc
247 572 423 628 quidem
452 580 598 615 contra
628 588 795 614 omnem
825 573 1034 614 rationem
1066 580 1152 622 est,
1186 572 1409 629 primaque
1447 572 1672 615 dividendi

119 645 190 687 lex
214 645 321 688 haec
350 652 428 696 est,
459 653 520 696 ut,
552 660 661 701 quae
687 652 825 687 totum
852 644 1073 700 complecti
1102 645 1283 700 possint,
1313 660 1363 687 ea
1382 661 1435 688 ne
1454 653 1671 700 tamquam

119 717 163 759 in
202 717 392 773 partibus
431 718 679 760 constituas.
751 716 930 759 Certum
962 717 1096 774 igitur
1123 717 1223 759 hinc
1248 724 1331 768 est,
1368 717 1603 773 municipia
1630 724 1672 759 et

119 789 275 832 Latina
308 790 467 847 oppida
499 791 558 832 ita
594 790 730 832 fuisse
761 789 953 839 diversa,
995 797 1043 831 ut
1069 805 1178 845 quae
1208 790 1324 832 Latii
1355 790 1424 832 ius
1452 789 1670 839 haberent,

119 861 235 903 nullo
261 863 389 904 modo
416 870 560 905 essent
590 862 844 918 municipia,
885 877 994 917 quae
1029 863 1283 919 municipia,
1323 862 1553 904 Latinitate
1585 877 1671 904 non

119 941 353 976 uterentur.
410 934 511 988 Quo
542 943 684 977 autem
715 935 808 977 iure
839 935 998 977 fuerint
1030 935 1281 991 municipia,
1323 935 1358 977 si
1396 935 1497 977 hinc
1534 935 1664 977 relin-

118 1008 266 1063 quitur
291 1006 485 1057 dubium,
513 1023 565 1049 ex
593 1007 926 1050 Tarraconensis
958 1007 1190 1064 Hispaniae
1219 1007 1484 1049 enarratione
1512 1008 1669 1050 intelli-

119 1080 250 1136 gitur,
272 1080 341 1122 cui
359 1080 471 1122 Plin.
484 1080 566 1129 III,
588 1081 637 1122 18
658 1080 762 1122 haec
780 1079 1030 1136 praemittit:
1062 1081 1251 1121 Continet
1269 1082 1420 1133 oppida
1441 1082 1668 1130 CLXXIX,

118 1155 162 1193 in
195 1156 246 1193 iis
274 1155 455 1194 colonias
481 1156 571 1202 XII,
601 1155 750 1206 oppida
780 1155 930 1193 civium
964 1155 1245 1193 Romanorum
1271 1155 1383 1203 XIII,
1413 1155 1667 1194 Latinorum

117 1231 295 1265 veterum
313 1227 463 1274 XVIII,
478 1227 792 1278 foederatorum
812 1240 959 1274 unum,
978 1226 1253 1277 stipendiaria
1273 1225 1428 1267 CXXX
1436 1227 1478 1267 V.
1524 1223 1668 1278 Quin-

118 1311 200 1351 que
230 1296 300 1339 hic
325 1297 579 1353 oppidorum
612 1312 771 1353 genera
799 1304 1125 1346 enumerantur3
1166 1312 1265 1339 nam
1294 1296 1430 1339 libera
1456 1297 1575 1339 nulla
1602 1297 1668 1339 vi-

117 1369 274 1411 dentur
299 1370 432 1411 fuisse
462 1369 506 1411 in
532 1369 856 1412 Tarraconensi.
922 1368 1010 1411 Sed
1041 1369 1192 1411 eodem
1221 1370 1339 1421 loco,
1380 1384 1466 1427 quo
1493 1370 1669 1413 Baetica

117 1441 246 1483 habet
285 1441 538 1498 municipia,
580 1441 608 1484 i.
638 1457 673 1484 e.
715 1450 814 1498 post
853 1443 1041 1485 colonias
1086 1449 1128 1484 et
1167 1449 1264 1484 ante
1299 1442 1457 1486 Latina
1496 1442 1668 1499 oppida,

117 1513 450 1556 Tarraconensis
490 1514 618 1556 habet
650 1515 810 1571 oppida
844 1515 1002 1556 civium
1031 1515 1321 1557 Romanorum
1360 1529 1500 1571 neque
1531 1515 1668 1557 ullum

116 1585 160 1627 in
186 1586 435 1642 antiquitate
462 1587 653 1628 Romana
683 1596 830 1629 notum
859 1595 923 1629 est
951 1587 1208 1643 oppidorum
1237 1602 1398 1643 genus,
1428 1587 1547 1642 quod
1574 1587 1667 1629 iure

117 1672 167 1700 ac
194 1657 401 1714 dignitate
428 1659 604 1701 coloniis
635 1659 823 1709 cesserit,
852 1659 1075 1702 Latinitati
1091 1659 1362 1716 praestiterit,
1389 1666 1557 1716 praeter
1573 1659 1668 1715 ipsa

115 1730 370 1786 municipia,
406 1739 455 1773 ut
491 1738 685 1774 constare
719 1731 922 1782 arbitrer,
961 1747 1070 1787 quae
1103 1732 1148 1774 in
1185 1731 1360 1774 Baetica
1398 1731 1666 1788 appellentur

116 1802 361 1859 municipia,
392 1818 440 1844 ea
467 1803 511 1844 in
537 1803 847 1846 Tarraconensi
874 1804 959 1846 dici
988 1804 1147 1861 oppida
1173 1803 1333 1846 civium
1356 1803 1666 1854 Romanorum,

117 1865 449 1931 suppleaturque
475 1876 591 1931 quod
621 1891 751 1933 supra
780 1876 834 1918 de
862 1876 956 1918 iure
986 1877 1317 1932 municipiorum
1340 1875 1523 1930 relinqui
1552 1875 1665 1917 dixi-

115 1961 224 1989 mus.
278 1945 367 1990 Sed
397 1948 477 1991 hac
506 1949 667 1992 ratione
699 1950 734 1991 si
759 1949 864 2004 quid
896 1955 1142 2005 superesset
1167 1947 1289 1990 dubii
1313 1948 1413 2004 (nec
1431 1947 1663 2003 quicquam

116 2033 340 2075 superesse
370 2024 628 2075 censemus),
659 2021 705 2063 id
733 2029 868 2064 totum
899 2021 1118 2063 tolleretur
1146 2020 1270 2063 tertio
1300 2020 1418 2070 loco,
1453 2035 1539 2076 quo
1572 2020 1664 2062 Pli-

114 2091 213 2133 nius
237 2091 315 2142 IV,
351 2093 426 2136 117
456 2092 706 2136 Lusitaniae
740 2093 898 2150 oppida
927 2100 1133 2144 recenset,
1164 2093 1209 2134 in
1236 2108 1322 2149 qua
1350 2107 1445 2135 esse
1473 2092 1531 2133 ait
1559 2094 1664 2134 colo-

114 2166 207 2204 nias
248 2167 448 2218 quinque,
493 2169 767 2219 municipium
811 2169 964 2206 civium
1006 2168 1290 2206 Romanorum
1335 2179 1467 2206 unum
1483 2195 1493 2213 ,
1544 2166 1666 2204 Latii

115 2238 282 2288 antiqui
308 2239 403 2288 tria,
434 2239 705 2290 stnfflendiaria
731 2240 924 2279 XXXVI.
978 2237 1046 2279 Ibi
1075 2238 1187 2280 enim
1213 2251 1367 2279 nomen
1395 2236 1540 2292 ipsum
1565 2250 1661 2277 mu-

114 2305 259 2362 nicipii
290 2321 388 2349 cum
418 2323 575 2364 genere
603 2309 821 2351 hominum
853 2308 1144 2365 coniungitur.

227 2377 351 2432 Quae
378 2394 477 2421 cum
506 2381 888 2431 consideraremus,
918 2395 1003 2423 non
1031 2380 1289 2438 putabamus
1320 2380 1413 2423 fieri
1437 2394 1580 2437 posse,
1611 2386 1660 2421 ut

115 2450 264 2493 eadem
300 2458 434 2494 aetate
466 2454 860 2509 praestantissimus
892 2453 1075 2510 scriptor
1104 2453 1149 2495 in
1178 2460 1298 2510 parte
1329 2453 1470 2510 operis
1505 2466 1661 2495 secun-

115 2521 219 2564 dum
256 2524 523 2580 publicarum
557 2526 799 2568 tabularum
830 2526 959 2568 fidem
989 2525 1185 2567 instituta
1214 2532 1256 2567 et
1284 2531 1558 2567 monumenta
1584 2538 1662 2566 no-

113 2592 323 2638 bilissima
358 2597 413 2639 de
447 2612 494 2639 re
519 2605 561 2640 et
587 2598 841 2654 gravissima
869 2606 910 2641 et
940 2597 1136 2640 omnibus
1168 2603 1271 2639 tunc
1300 2595 1524 2639 notissima
1551 2595 1663 2638 inter

116 2681 161 2709 se
191 2674 410 2726 tantopere
439 2669 731 2726 discreparent
757 2686 970 2727 aegreque
998 2669 1258 2719 ferebamus,
1286 2683 1373 2711 non
1394 2668 1499 2711 haec
1518 2668 1662 2724 potius

115 2752 210 2781 esse
243 2740 354 2783 inter
389 2756 434 2784 se
464 2742 687 2784 conciliata
716 2757 843 2798 quam
869 2758 1024 2785 novam
1054 2742 1320 2798 opinionem,
1362 2756 1448 2797 qua
1474 2739 1662 2782 incredi-

115 2809 213 2853 bilis
254 2814 464 2868 quaedam
500 2814 712 2857 dissensio
749 2822 1026 2864 statueretur,
1071 2813 1372 2856 introductam.
1444 2812 1506 2855 At
1547 2812 1658 2855 enim

57 2930 62 2938 .
117 2890 327 2939 urguetur
362 2886 455 2942 ipse
495 2886 624 2929 Plinii
662 2887 805 2938 locus,
855 2902 983 2943 quem
1018 2881 1234 2944 postremo
1276 2885 1519 2936 attulimus,
1573 2900 1658 2941 quo

1307 2958 1393 3001 18*
