1846 3100
538 160 592 192 De
620 160 867 203 propagatione
893 156 1038 190 civitatis
1062 157 1250 190 Romanae.
1588 152 1669 195 349

106 269 177 317 >C.
215 269 400 313 Gracch.
439 285 475 312 c.
509 270 559 312 12
598 270 743 313 refert.
806 268 955 323 Neque
991 265 1141 308 inutile
1183 265 1266 307 tale
1309 264 1498 307 edictum
1536 265 1671 307 fuisse

125 343 370 393 ostendunt,
402 357 511 398 quae
539 341 655 384 Plut.
688 340 739 384 C.
766 338 949 383 Gracch.
979 352 1015 380 c.
1036 338 1060 380 3
1092 337 1145 379 de
1173 351 1384 379 concursu
1412 336 1672 386 Italicorum,

125 415 198 470 qui
233 415 417 471 primum
461 414 511 456 C.
541 413 728 457 Gracchi
763 412 1026 455 tribunatum
1065 410 1336 459 adiuverunt,
1375 415 1415 450 et
1445 408 1672 464 Appianus

125 486 222 529 bell.
251 487 332 530 civ.
362 487 398 537 I,
431 486 481 529 10
515 487 569 528 de
597 486 664 527 Ti.
697 473 885 527 Gracchi
917 482 1151 533 tribunatu,
1180 488 1221 524 et
1253 480 1427 523 Sallust.
1448 481 1544 536 Iug.
1565 486 1600 522 c.
1621 479 1673 522 40

125 558 180 601 de
216 559 438 614 rogatione
477 559 671 600 Mamilia
715 556 879 613 perlata
916 562 1102 605 narrant,
1142 554 1300 610 quibus
1339 552 1538 595 omnibus
1568 553 1673 595 locis

125 630 232 672 nihil
261 637 403 673 tamen
430 631 602 687 legitur,
630 629 747 672 unde
775 628 954 670 Latinos
984 627 1111 670 etiam
1142 642 1229 677 eos,
1262 626 1336 682 qui
1367 640 1500 668 censu
1531 625 1575 666 in
1614 625 1674 667 ci-

127 702 301 745 vitatem
328 703 489 759 recepti
518 709 661 746 essent
687 702 858 757 iamque
890 715 988 742 vere
1010 714 1088 756 pro
1116 699 1285 741 civibus
1310 698 1516 740 Romanis
1544 696 1675 740 habe-

126 782 287 826 rentur,
312 775 420 818 urbe
450 776 607 818 eiectos
637 789 686 818 ac
718 774 888 816 civitate
908 773 1098 830 privatos
1126 786 1220 814 esse
1240 771 1507 827 colligamus.
1548 769 1675 812 Anti-

128 848 383 904 quissimum
415 847 590 903 quidem
620 847 750 889 huius
782 846 952 903 generis
986 845 1227 900 exemplum
1258 851 1323 886 est
1351 842 1467 899 apud
1490 825 1675 899 Dionys‘.

128 920 252 972 VIII,
281 922 350 972 72,
387 920 460 977 qui
499 920 552 962 ab
589 917 640 961 C.
674 917 826 961 Cassio
868 919 1041 961 consule
1082 918 1220 973 legem
1261 915 1471 972 agrariam
1514 915 1676 957 ferente

129 994 355 1053 arcessitos
386 1007 480 1035 esse
512 991 660 1034 scribit
689 991 942 1033 Latinos-et
969 990 1183 1032 Hernicos
1216 989 1279 1029 ἐπὶ
1309 989 1378 1043 τὴν
1410 988 1675 1044 ψηφοφορίαν

129 1066 156 1107 i.
187 1081 224 1108 e.
251 1081 333 1108 non
370 1065 424 1107 ad
458 1064 663 1120 suffragia
693 1064 883 1113 ferenda,
915 1062 992 1105 sed
1022 1069 1070 1104 ut
1099 1060 1268 1104 comitia
1294 1060 1336 1102 vi
1368 1075 1418 1102 ac
1450 1060 1677 1116 suffragio-

130 1153 225 1180 rum
260 1138 512 1180 confusione
545 1135 922 1193 perturbarentur3
963 1135 1055 1190 ipse
1092 1133 1205 1176 enim
1243 1134 1330 1189 βίαν
1362 1134 1429 1174 καὶ
1465 1147 1676 1189 χειροκρα-

133 1211 234 1261 σίαν,
267 1226 354 1267 qua,
383 1208 563 1252 Cassius
596 1208 657 1250 uti
687 1207 907 1257 voluisset,
938 1215 1034 1249 ante
1069 1212 1382 1249 commemorat.
1435 1203 1535 1259 Quo
1565 1205 1677 1247 facto

132 1283 297 1339 collega
328 1283 419 1325 eius
453 1281 666 1324 Proculus
707 1280 943 1336 Verginius
974 1279 1124 1330 edixit,
1153 1287 1201 1321 ut
1235 1279 1346 1320 intra
1375 1285 1532 1319 certam
1564 1276 1678 1319 diem

131 1355 238 1398 urbe
271 1356 526 1398 excederent
560 1355 598 1394 οἱ
632 1354 684 1408 μὴ
715 1357 997 1397 κατοικοῦντες
1030 1354 1070 1393 ἐν
1102 1357 1152 1408 τῇ
1182 1351 1314 1402 πόλει,
1346 1358 1492 1393 contra
1522 1350 1678 1392 adhor-

77 1435 81 1438 “
133 1435 249 1470 tante
288 1426 455 1477 Cassio,
489 1432 710 1469 manerent
738 1425 781 1467 in
813 1425 921 1467 urbe
963 1426 1000 1466 οἱ
1041 1424 1279 1481 μετέχοντες
1307 1428 1377 1479 τῆς
1411 1423 1680 1466 ἰσοπολιτείας

132 1500 160 1541 i.
180 1515 216 1543 e.
234 1515 320 1542 non
349 1500 423 1556 qui
453 1500 522 1542 ius
552 1498 748 1554 suffragii
778 1497 985 1539 haberent
1013 1497 1113 1549 (hoc
1139 1496 1250 1539 enim
1270 1511 1350 1538 nec
1375 1495 1542 1538 Latinis
1565 1495 1679 1537 Her-

132 1573 327 1628 nicisque
356 1587 410 1614 ex
439 1570 582 1615 Cassii
611 1571 784 1614 foedere
813 1570 949 1612 fuisse
980 1584 1132 1612 censeo
1164 1583 1257 1618 nec,
1288 1568 1323 1610 si
1352 1568 1518 1617 fuisset,
1539 1567 1680 1609 edicto

135 1645 324 1687 consulis
360 1645 454 1686 iure
495 1658 572 1686 suo
611 1643 772 1699 privari
806 1645 1037 1699 poterant),
1074 1641 1150 1684 sed
1180 1640 1339 1696 quibus
1370 1648 1543 1697 propter
1573 1654 1680 1689 eam,

134 1731 245 1772 quae
279 1717 528 1757 ἰσοπολιτεία
559 1716 731 1766 dicitur,
764 1714 965 1757 manendi
991 1714 1036 1755 in
1061 1713 1168 1756 urbe
1185 1713 1254 1755 ius
1272 1719 1397 1755 esset.
1438 1711 1561 1766 Quae
1582 1725 1680 1754 cum

134 1788 196 1837 ita
225 1789 323 1839 sint,
352 1788 396 1830 in
425 1787 491 1830 his
522 1787 817 1838 eiectionibus‚
856 1802 965 1843 quae
995 1786 1050 1829 ad
1080 1793 1248 1842 tempus
1277 1785 1448 1836 fiebant,
1480 1785 1587 1826 nihil
1616 1783 1681 1826 vi-

112 1895 114 1897 .
138 1861 265 1903 detur
297 1876 405 1911 esse,
434 1875 512 1903 cur
542 1860 596 1902 de
626 1860 720 1902 iure
743 1859 1002 1909 Latinitatis,
1023 1858 1138 1914 quod
1158 1858 1424 1914 exponimus,
1448 1856 1682 1898 dubitetur.

247 1931 447 1976 Alterum
477 1933 695 1975 eiectionis
723 1948 862 1989 genus
892 1939 995 1982 erat,
1027 1946 1125 1974 cum
1155 1930 1222 1979 iis,
1253 1930 1410 1985 quibus
1432 1930 1476 1971 in
1498 1945 1547 1972 ea
1566 1944 1682 1971 com-

140 2007 295 2049 morari
330 2021 416 2048 non
455 2006 623 2056 liceret,
662 2006 707 2047 in
743 2012 999 2062 perpetuum
1039 2003 1144 2046 urbs
1182 2002 1463 2059 purgabatur,
1504 2001 1558 2043 de
1598 2015 1683 2056 quo

141 2093 298 2135 genere
326 2079 529 2122 universo
559 2078 664 2120 dicit
696 2076 848 2120 Cicero
880 2077 933 2119 de
966 2076 1038 2118 off.
1064 2076 1146 2126 III,
1178 2077 1250 2116 11:
1296 2077 1409 2116 Male
1439 2077 1578 2123 etiam,
1613 2074 1687 2126 qui

134 2155 372 2204 peregrinos
403 2152 568 2192 urbibus
604 2153 672 2191 uti
694 2150 912 2203 prohibent
947 2163 1086 2201 eosque
1114 2150 1408 2195 exterminant,
1442 2153 1492 2187 ut
1522 2148 1686 2186 Pennus

139 2225 256 2276 apud
277 2230 419 2277 patres
444 2230 612 2273 nostros,
646 2225 801 2276 Papius
827 2236 969 2275 nuper.
1027 2223 1134 2261 Nam
1162 2235 1240 2260 esse
1263 2234 1343 2273 pro
1374 2223 1471 2268 cive,
1497 2220 1571 2271 qui
1588 2219 1686 2257 civis

139 2311 224 2336 uon
249 2299 314 2345 sit,
343 2302 498 2337 rectum
529 2301 588 2335 est
616 2310 699 2336 non
726 2297 858 2343 licere,
886 2308 1008 2347 quam
1039 2295 1165 2346 legem
1193 2290 1382 2333 tulerunt
1398 2291 1688 2345 sapientissimi

140 2370 322 2409 consules
352 2370 519 2410 Crassus
547 2374 588 2408 et
620 2370 826 2416 Scaevola,
859 2381 936 2406 usu
965 2379 1057 2406 vero
1083 2365 1193 2405 urbis
1211 2364 1426 2418 prohibere
1450 2363 1688 2415 peregrinos

140 2455 239 2482 sane
267 2442 542 2481 inhumanum
586 2447 654 2481 est.
716 2438 961 2494 Distinguit
1001 2437 1135 2493 igitur
1172 2434 1346 2486 Cicero,
1388 2449 1486 2477 cum
1527 2432 1688 2476 versari

142 2519 452 2568 quaestumque
480 2512 525 2553 in
554 2511 661 2554 urbe
692 2513 833 2554 facere
852 2509 1201 2567 prohibebantur,
1227 2508 1300 2564 qui
1326 2522 1412 2550 non
1433 2514 1552 2549 erant
1570 2505 1687 2547 cives

142 2584 339 2635 Romani,
377 2591 419 2626 et
445 2599 544 2627 cum
581 2584 731 2627 civitas
767 2584 862 2640 ipsa
892 2582 1120 2625 artioribus
1149 2580 1272 2636 quasi
1302 2579 1492 2622 terminis
1525 2577 1688 2634 saepie-

144 2655 284 2698 batur.
331 2656 440 2698 Illuc
469 2656 682 2712 pertinent
713 2656 800 2698 duo
839 2656 914 2698 illa
951 2654 1146 2711 exempla
1184 2667 1393 2694 annorum
1425 2652 1501 2694 187
1537 2658 1579 2692 et
1611 2650 1686 2693 177

145 2745 182 2772 a.
211 2726 329 2779 Chr„
370 2743 480 2784 quae
510 2744 639 2785 supra
666 2744 719 2771 ex
753 2728 870 2771 Livii
905 2726 1155 2770 auctoritate
1193 2724 1319 2767 allata
1349 2730 1461 2773 sunt,
1494 2738 1592 2765 cum
1622 2737 1689 2764 re-

145 2801 451 2843 mittendorum
477 2801 523 2842 in
551 2801 710 2858 oppida
738 2815 816 2843 sua
841 2799 1096 2842 Latinorum
1121 2798 1200 2840 hae
1231 2797 1342 2839 duae
1372 2810 1526 2838 causae
1555 2794 1690 2837 fuisse

145 2880 385 2924 narrantur,
415 2873 600 2930 primum
629 2889 682 2916 ne
713 2873 903 2917 coloniae
926 2873 1226 2915 desererentur
1244 2869 1531 2924 oneribusque
1550 2867 1690 2909 feren-
