1846 3100
170 134 252 177 310
578 138 633 168 De
659 135 791 177 legibus
817 136 1077 178 municipalibus
1103 137 1308 179 Hispanicis.

170 251 276 299 Aug.
313 252 389 287 aut
425 249 522 299 imp.
554 246 662 288 Caes.
699 246 933 286 Domitiani
963 245 1058 298 Aug
1108 247 1314 286 civitatem
1354 247 1587 289 Romanam
1624 248 1719 290 σοφὲ·

168 325 327 359 secutus
355 324 570 359 consecuta
598 319 691 366 erit,
720 319 753 356 is
783 319 828 356 in.
859 317 1021 358 libertos
1049 316 1260 358 libertasve
1289 333 1380 359 suos
1404 334 1500 360 suas
1524 326 1721 373 paternos

161 397 384 445 paternas,
424 392 498 442 qui
525 404 628 442 quae
662 391 709 429 in
737 391 944 429 civitatem
975 391 1209 430 Romanam
1238 404 1327 430 non.
1351 393 1508 432 venerit
1536 412 1585 422 --
1615 393 1719 433 idem

168 465 233 503 ius
262 464 478 516 eademque
507 462 690 502 condicio
719 467 799 502 esto
829 476 933 514 quae
957 468 1068 509 esset,
1098 463 1134 501 si
1158 464 1325 503 civitate
1349 469 1534 504 mutatus
1557 471 1721 505 mutata

167 549 253 576 non
283 541 393 584 esset,
424 534 530 576 haec
559 549 700 576 nonne
728 533 783 576 ad
813 534 930 590 ipsos
961 541 1105 590 patres
1138 533 1335 585 familias,
1365 549 1448 577 non
1479 535 1535 577 ad
1563 535 1722 579 liberos

168 614 432 664 nepotesque
462 606 689 649 referenda
719 606 849 648 sunt?
893 606 1043 662 Itaque
1070 621 1247 649 necesse
1275 614 1340 649 est
1366 607 1503 650 edicta
1522 623 1607 651 non
1623 608 1720 652 illos

171 680 284 722 solos
314 679 474 722 liberos
505 685 767 735 nepotesque
795 678 1073 729 Latinorum,
1112 678 1189 721 sed
1217 679 1335 735 ipsos
1365 679 1444 722 hos
1475 680 1602 723 etiam
1632 681 1721 724 La-

169 752 281 794 tinos
312 752 724 808 comprehenderint.
769 750 934 794 Verum
962 751 1045 794 hoc
1074 752 1109 794 si
1139 767 1225 794 non
1248 758 1338 794 erat
1356 752 1398 793 in
1419 752 1586 803 edictis,
1616 753 1721 808 quid

169 824 342 867 tandem
374 825 490 867 erat?
540 823 668 866 Certe
697 824 756 875 id,
790 839 874 880 quo
906 831 1042 866 status
1076 822 1440 880 Salpensanorum
1472 831 1721 867 mutaretur.

168 897 278 939 Nam
318 898 388 939 lex
418 896 665 952 ubicunque
703 897 747 938 in
787 896 854 938 his
883 895 1040 938 tabulis
1069 896 1320 953 Hispanicis
1353 904 1720 948 commemoratur,

169 969 223 1011 ad
255 970 531 1026 magistratus
558 969 780 1019 creandos,
812 969 862 1011 ad
896 969 1166 1011 comitiorum
1193 969 1423 1020 rationem,
1451 969 1506 1011 ad
1531 977 1720 1026 potesta-

169 1048 254 1083 tem
284 1042 634 1098 magistratuum,
675 1042 730 1083 ad
757 1041 840 1084 alia
870 1041 1043 1090 similia,
1085 1056 1193 1096 quae
1219 1041 1263 1082 in
1290 1041 1510 1098 republica
1539 1040 1720 1098 Salpen-

170 1129 274 1156 sana
313 1114 382 1156 vel
419 1114 678 1157 Malacitana
721 1120 841 1164 sunt,
886 1114 1094 1170 pertinet,
1135 1114 1276 1156 edicta
1307 1114 1374 1156 his
1412 1113 1585 1156 duobus
1613 1115 1720 1158 locis

169 1193 576 1237 commemorantur,
616 1186 692 1228 ubi
725 1187 778 1228 de
810 1186 1113 1241 consequenda
1140 1186 1310 1228 civitate
1340 1187 1534 1230 Romana
1563 1187 1719 1243 agitur.

169 1260 261 1302 Iam
288 1259 607 1316 Vespasianum
635 1259 766 1301 tradit
790 1259 958 1301 Plinius
985 1266 1070 1300 nat.
1100 1259 1199 1300 hist.
1227 1259 1309 1309 III,
1342 1259 1409 1309 30,
1439 1259 1514 1315 qui
1543 1259 1628 1302 iam
1658 1259 1719 1301 ci-

168 1340 282 1375 tatus
319 1339 407 1382 est,
451 1332 678 1374 universae
716 1331 952 1388 Hispaniae
991 1331 1166 1373 Latium
1205 1331 1429 1382 tribuisse,
1472 1331 1590 1387 quod
1621 1347 1719 1374 cum

169 1412 281 1447 certe
313 1405 438 1447 etiam
467 1404 522 1446 ad
551 1403 802 1460 Salpensam
828 1404 1127 1459 Malacamque
1155 1403 1422 1459 pertinuerit,
1453 1418 1594 1446 nonne
1621 1418 1720 1459 pro-

167 1477 308 1520 babile
342 1485 406 1519 est
446 1491 540 1519 esse
579 1476 661 1518 hoc
693 1476 835 1532 ipsum
870 1476 985 1532 quod
1022 1476 1266 1532 quaerimus
1302 1475 1513 1526 edictum,
1552 1491 1606 1518 ex
1633 1491 1720 1532 quo

169 1547 421 1606 Salpensani
450 1549 665 1592 civitatem
683 1549 921 1591 Romanam
946 1549 1149 1604 consequi
1177 1548 1410 1591 dicuntur?
1455 1547 1545 1591 Sed
1578 1549 1613 1592 si
1631 1549 1719 1592 Ve-

169 1622 395 1679 spasianus
439 1622 524 1665 iam
567 1621 717 1664 tribuit
758 1621 1057 1671 Latinitatem,
1099 1621 1203 1676 quid
1243 1621 1401 1664 adiecit
1442 1621 1718 1665 Domitianus

169 1694 336 1737 edicto?
389 1695 507 1744 Hoc,
539 1694 622 1736 nisi
663 1693 718 1736 ad
756 1694 905 1736 inanes
945 1694 1210 1736 coniecturas
1249 1694 1511 1737 descendere
1543 1695 1718 1750 placeat,

167 1767 344 1823 reperiri
380 1782 464 1808 non
504 1766 673 1823 poterit.
735 1766 830 1808 Nisi
867 1767 976 1808 forte
1014 1766 1067 1809 ab
1094 1767 1342 1809 Domitiano
1380 1767 1595 1810 civitatem
1629 1767 1718 1810 Ro-
1773 1792 1779 1799 .

169 1855 338 1881 manam
366 1839 576 1881 adiectam
605 1853 700 1881 esse
730 1839 991 1894 putabimus.
1034 1839 1102 1881 Ita
1128 1854 1228 1881 sane
1256 1839 1343 1882 duo
1363 1840 1436 1882 illa
1452 1839 1593 1882 edicta
1609 1854 1718 1894 quae

167 1912 327 1954 fuerint
362 1912 636 1968 intelligitur,
675 1912 776 1954 item
821 1911 939 1954 aliud
978 1911 1095 1966 quod
1124 1911 1177 1953 de
1206 1911 1454 1954 Domitiano
1484 1912 1529 1954 in
1558 1911 1625 1954 his
1654 1918 1718 1953 ta-

169 1984 282 2027 bulis
311 1992 389 2035 est,
421 1985 474 2027 de
504 2000 589 2041 quo
617 1992 762 2040 postea
791 1984 1120 2040 disputabimus,
1150 1983 1227 2026 sed
1254 1984 1363 2026 illud
1393 1991 1537 2040 aperte
1562 1982 1716 2034 obstat,

167 2057 307 2113 quod,
337 2057 411 2112 qui
442 2057 655 2100 civitatem
684 2065 1027 2113 consequuntur,
1069 2071 1160 2099 eam
1195 2057 1398 2112 consequi
1430 2057 1634 2099 dicuntur
1664 2071 1718 2099 ex

167 2129 340 2172 duobus
369 2130 545 2180 edictis3
584 2145 720 2172 unum
750 2131 864 2173 enim
892 2130 1094 2187 appellari
1123 2129 1188 2180 id,
1226 2145 1311 2185 quo
1340 2129 1491 2172 civitas
1516 2129 1713 2180 dabatur,

169 2203 271 2245 satis
302 2209 403 2245 erat.
454 2203 625 2245 Rursus
654 2210 796 2245 autem
827 2203 871 2253 ii,
903 2203 978 2258 qui
1008 2218 1105 2245 cum
1136 2202 1388 2258 Salpensam
1416 2202 1713 2256 Malacamque

166 2276 260 2318 iure
283 2275 440 2318 Latino
465 2275 601 2318 fuisse
629 2282 842 2326 censeant,
875 2275 957 2316 hoe
986 2275 1053 2316 ius
1077 2274 1130 2316 ab
1147 2274 1413 2330 Vespasiano
1437 2274 1714 2330 impertitum,

167 2347 221 2390 ab
261 2347 509 2390 Domitiano
548 2354 692 2390 autem
733 2347 878 2390 nescio
920 2347 1026 2402 quid
1062 2347 1278 2389 adiectum
1319 2360 1414 2388 esse
1457 2346 1714 2396 existimant,

167 2419 310 2462 verbis
348 2420 458 2476 legis
496 2419 762 2462 refelluntur.
830 2418 939 2460 Nam
978 2418 1014 2460 si
1045 2417 1298 2475 Salpensani
1336 2425 1432 2461 ante
1470 2433 1629 2461 annum
1660 2418 1712 2462 77

165 2506 207 2547 p.
237 2490 340 2534 Chr.
372 2492 426 2534 ab
454 2492 722 2548 Vespasiano
750 2491 1023 2533 Latinitatem
1053 2491 1328 2547 accepissent,
1357 2498 1398 2533 et
1425 2490 1566 2533 statim
1592 2490 1715 2532 multi

167 2564 282 2606 cives
313 2564 495 2607 Romani
523 2565 625 2607 facti
655 2571 799 2607 essent
825 2573 865 2605 et
893 2572 1006 2606 certe
1035 2564 1276 2618 quotannis,
1308 2563 1381 2618 qui
1409 2563 1591 2605 honores
1620 2577 1714 2604 mu-

165 2635 370 2692 nicipales
401 2643 647 2692 gesserant,
679 2636 893 2679 civitatem
925 2635 1308 2690 consequebantur.
1367 2635 1552 2677 Mutatio
1582 2635 1716 2691 igitur

166 2707 349 2750 civitatis
380 2709 593 2751 acciderat
621 2709 664 2750 in
697 2707 996 2764 Salpensanis,
1037 2707 1251 2750 acciderat
1282 2708 1432 2763 capitis
1464 2707 1712 2757 deminutio,

165 2780 326 2835 patriae
352 2781 575 2837 potestatis
603 2781 795 2835 iurisque
821 2779 1074 2822 libertorum
1099 2780 1285 2822 amissio.
1329 2779 1419 2822 Iam
1436 2779 1582 2836 igitur,
1614 2794 1713 2821 cum

167 2851 285 2894 rubr.
314 2852 458 2894 XXII
490 2860 530 2894 et
558 2852 727 2894 XXIII
758 2852 1060 2908 praecipiatur,
1103 2859 1151 2892 ut
1188 2851 1358 2894 civitate
1388 2852 1580 2894 Romana
1612 2866 1713 2893 con-
