1846 3100
564 143 619 175 De
641 142 754 174 Gallia
777 143 1009 174 Romanorum
1035 142 1220 183 provincia.
1582 139 1660 181 155

114 253 371 309 Vespasiani
398 252 536 309 ipsius
565 252 736 294 affinem
764 250 886 306 (Tac.
907 250 1224 301 Hist.111‚.f›.<)),
1251 250 1324 305 qui
1353 265 1451 293 cum
1476 266 1585 292 anno
1607 252 1661 294 70

115 342 138 366 a
167 324 261 368 Cal.
302 325 409 381 Apr.
448 325 716 366 consulatum
759 338 856 365 cum
892 322 1097 364 Muciano
1137 323 1343 378 gessisset
1380 323 1568 379 (Ioseph.
1608 323 1662 365 de

114 398 211 440 bell.
239 397 336 439 Iud.
364 397 475 446 VII,
509 396 553 451 4)
592 397 719 452 paulo
762 403 985 451 postquam
1017 392 1275 450 Capitolium
1316 411 1352 437 a.
1389 395 1430 436 d.
1459 395 1531 437 XI
1568 393 1661 437 Cal.

114 469 196 512 Iul.
225 468 394 511 restitui
425 476 620 524 coeptum
653 474 717 510 est
758 467 880 522 (Tac.
910 467 1025 509 Hist.
1054 466 1132 516 IV,
1172 468 1266 522 53),
1314 468 1355 508 in
1400 467 1662 522 provinciam

116 542 232 584 abiit.
296 541 346 583 In
385 555 470 596 qua
503 547 661 596 quanta
700 539 900 581 felicitate
934 539 1160 582 seditiosos
1191 540 1373 596 populos
1404 539 1664 596 oppresserit

114 614 339 672 omniaque
374 612 680 668 composuerit,
717 626 802 653 non
832 611 1035 661 referam3
1080 612 1236 654 mansit
1265 619 1407 654 autem
1436 627 1574 668 usque
1609 612 1662 654 ad

115 693 342 729 exeuntem
373 699 531 727 annum
557 684 633 733 71,
679 698 775 725 eum
813 683 858 724 in
887 683 1108 727 Britannia
1135 684 1279 727 Vettio
1309 685 1472 727 Bolano
1502 685 1662 727 substi-

115 767 234 801 tutus
263 765 327 801 est
356 756 414 812 (T
417 772 480 798 ac.
509 755 617 811 Agr.
653 755 731 810 17).
788 757 846 796 At
876 756 1085 811 superiori
1107 757 1354 813 provinciae
1381 757 1532 799 eodem
1556 764 1663 799 tem-

115 845 219 887 pore
251 844 334 886 quo
363 827 555 871 inferiori
579 826 775 877 Cerialis,
807 827 1035 883 impositus
1065 836 1127 870 est
1154 829 1326 872 Annius
1355 828 1508 872 Gallus
1540 829 1662 886 (Tac.

117 903 236 946 Hist.
264 902 342 952 lV,
374 902 427 944 68
458 907 500 943 et
525 900 581 951 V,
620 900 702 954 19),
735 899 808 955 qui
838 907 1031 955 pacatam
1064 901 1327 956 provinciam
1355 900 1517 943 habuit.

227 975 294 1016 Ita
317 980 567 1030 perpetuam
591 972 831 1028 legatorum
854 972 1079 1028 utriusque
1097 972 1354 1016 Germaniae
1381 974 1533 1016 seriem
1562 989 1663 1015 con-

115 1047 354 1095 texuimus,
395 1041 486 1101 qui⁰
512 1060 609 1087 cum
643 1045 849 1087 maximos
881 1046 1094 1088 exercitus
1125 1053 1343 1102 regerent,
1388 1046 1665 1102 praetermitti

116 1120 160 1161 in
190 1119 368 1162 historia
396 1133 482 1160 non
510 1125 753 1174 potuerunt.
810 1117 1003 1172 Reliquis
1033 1126 1175 1160 autem
1206 1126 1406 1173 quattuor
1434 1117 1663 1175 provinciis

118 1191 295 1234 Gallicis
324 1191 400 1246 qui
423 1198 667 1246 praeerant,
708 1191 807 1246 quia
838 1205 916 1232 nec
945 1191 1181 1241 consulari,
1221 1190 1298 1232 sed
1328 1191 1541 1246 praetoria
1573 1199 1665 1232 tan-

117 1271 208 1305 tum
247 1263 454 1319 dignitate
495 1263 677 1319 praediti
706 1270 843 1312 erant,
884 1278 963 1305 nec
990 1264 1078 1304 fere
1109 1278 1250 1306 rerum
1282 1263 1568 1319 gerendarum
1601 1264 1666 1304 fa-

119 1335 337 1377 cultatem·
360 1335 599 1385 habebant,
643 1335 833 1391 plerique
876 1335 1150 1391 ignorantur:
1202 1351 1334 1391 quare
1376 1335 1484 1376 illud
1531 1350 1667 1376 unum

118 1422 516 1457 commemoramus,
552 1422 681 1462 quam
711 1407 966 1449 divisionem
991 1408 1309 1463 provinciarum
1336 1407 1570 1462 Augustus
1600 1406 1666 1447 in-

119 1480 328 1529 stituerat,
357 1479 566 1521 mansisse
595 1494 732 1534 usque
762 1479 817 1521 ad
849 1479 1145 1535 imperatorem
1177 1479 1503 1535 Vespasianum.
1556 1480 1667 1522 Nar-

118 1552 320 1594 bonensis
352 1552 668 1608 proconsularis
706 1558 795 1594 erat
829 1552 1048 1608 provincia
1077 1567 1127 1594 ae
1156 1559 1242 1593 tam
1273 1559 1441 1608 pacata,
1481 1559 1530 1593 ut
1555 1567 1667 1594 nun-

118 1639 246 1679 quam
278 1624 410 1680 legati
448 1624 661 1667 severiore
699 1625 877 1680 imperio
917 1639 1025 1680 opus
1065 1632 1198 1674 esset,
1240 1624 1429 1679 reliquae
1459 1623 1666 1680 principis

118 1697 379 1752 legatorum,
413 1697 746 1752 Lugdunensis,
783 1696 1035 1751 Aquitania,
1075 1697 1272 1752 Belgica,
1311 1711 1363 1738 ex
1393 1695 1551 1750 quibus
1582 1711 1668 1736 una

120 1769 354 1824 Aquitania
372 1769 454 1812 hoc
473 1769 645 1812 videtur
662 1769 937 1824 praecipuum
956 1768 1173 1818 habuisse,
1191 1777 1252 1818 ut,
1271 1768 1344 1824 qui
1362 1784 1455 1810 eam
1471 1767 1667 1817 rexisset,

121 1841 346 1884 consulatu
382 1842 523 1884 ornari
562 1842 716 1883 soleret
752 1841 874 1894 (Tac.
906 1841 1056 1896 Agric.
1094 1856 1130 1882 e.
1160 1841 1220 1894 4).
1289 1841 1391 1896 Ipsa
1427 1841 1668 1896 legatorum

120 1913 305 1964 nomina,
337 1929 446 1970 quae
474 1929 611 1970 pauca
637 1921 735 1956 nota
762 1921 875 1963 sunt,
906 1914 1057 1955 afferre
1083 1912 1233 1955 inutile
1262 1918 1339 1954 est.
