1846 3100
0 1031 6 1049 s

0 1054 9 1086 ,5,

133 975 286 1060 Quod
327 1002 371 1044 in
407 1002 610 1045 universo
640 1001 820 1058 imperio
849 1002 1042 1044 Romano
1079 1009 1244 1046 veteres
1281 1004 1511 1060 scriptores
1544 1006 1681 1047 solent

131 1073 391 1131 praedicare,
422 1073 475 1116 ab
493 1074 663 1131 exiguis
690 1074 735 1115 id
753 1074 994 1130 profectum
1016 1074 1148 1117 initiis
1172 1076 1378 1132 paulatim
1400 1076 1460 1118 ita
1478 1076 1679 1127 crevisse,

128 1153 177 1188 ut
206 1161 382 1202 magnas
416 1152 549 1189 terras
578 1147 912 1201 innumerosque
940 1161 1073 1202 prope
1098 1148 1280 1204 populos
1313 1148 1679 1204 complecteretur,

130 1217 246 1261 idem
282 1217 423 1260 dicere
454 1218 551 1260 licet
584 1218 638 1260 de
669 1217 833 1268 Gallia,
869 1217 1160 1261 Romanorum
1201 1220 1436 1276 provincia.
1507 1221 1558 1262 In
1595 1235 1682 1275 qua

130 1305 239 1346 quae
270 1296 419 1346 gentes
450 1290 708 1340 habitabant,
740 1304 838 1332 cum
868 1290 1053 1332 maxima
1082 1306 1208 1347 saepe
1235 1292 1428 1348 pericula
1455 1291 1680 1348 ipsamque

129 1376 262 1418 prope
299 1351 765 1420 perniciem'Romanis
802 1362 1068 1414 attulissent,
1115 1364 1319 1419 paulatim
1364 1365 1423 1406 ita
1463 1363 1680 1406 subiectae

131 1441 252 1484 sunt,
289 1441 338 1475 ut
366 1449 474 1490 quae
505 1435 606 1476 olim
633 1434 823 1476 accessio
853 1434 977 1490 quasi
1013 1435 1224 1491 quaedam
1248 1436 1396 1478 Italiae
1426 1437 1587 1486 fuerat,
1631 1450 1681 1478 ea

130 1521 287 1563 magna
311 1521 411 1563 pars
439 1506 560 1548 fieret
582 1506 749 1562 imperii
779 1507 1020 1563 multasque
1050 1508 1095 1549 in
1115 1508 1359 1564 provincias
1380 1508 1518 1550 divisa
1536 1508 1681 1564 ipsum

130 1577 393 1634 reipublicae
434 1578 652 1621 Romanae
693 1578 826 1620 robur
863 1579 1064 1622 efficeret.
1131 1580 1251 1622 Nulli
1293 1580 1438 1636 populi
1476 1579 1680 1622 Romanis

133 1657 359 1706 antequam
407 1650 711 1707 subigerentur
751 1650 910 1693 maiora
947 1658 1022 1693 aut
1066 1652 1192 1708 plura
1231 1652 1468 1694 intulerunt
1512 1652 1680 1702 damna,

129 1721 236 1764 nulli
277 1730 502 1778 postquam
543 1721 792 1764 servitutem
842 1723 954 1765 ferre
1003 1723 1266 1775 didicerunt,
1310 1723 1518 1765 firmiores
1565 1722 1680 1764 vires

131 1793 406 1836 addiderunt.
467 1793 549 1836 Est
584 1793 718 1849 igitur
756 1809 910 1850 operae
949 1795 1133 1851 pretium
1171 1796 1282 1838 hanc
1319 1795 1681 1837 incrementorum

131 1865 337 1908 rationem
366 1865 580 1922 persequi.
650 1865 801 1921 Neque
838 1881 889 1908 ea
926 1882 951 1909 a
980 1867 1083 1910 viris
1119 1867 1281 1917 doctis,
1323 1867 1398 1923 qui
1438 1866 1680 1922 antiquitati

129 1937 346 1980 Romanae
377 1937 618 1988 studerent,
654 1945 728 1979 aut
759 1938 926 1981 silentio
956 1940 1258 1995 praetermissa
1298 1946 1371 1982 aut-
1404 1939 1555 1980 leviter
1594 1945 1679 1980 tra-

130 2015 241 2052 ctata
258 2017 336 2059 est,
366 2009 439 2064 qui
463 2009 499 2052 si
523 2024 608 2051 non
633 2009 771 2065 ipsius
802 2011 1044 2067 argumenti
1075 2012 1196 2068 copia
1222 2026 1272 2054 ac
1300 2011 1509 2067 gravitate
1535 2010 1678 2052 allice-

129 2089 290 2132 rentur,
324 2082 426 2137 quia
450 2081 577 2124 hodie
606 2082 702 2124 illos
729 2083 912 2138 populos
942 2083 1202 2126 humanitate
1231 2099 1280 2126 ac
1310 2082 1500 2140 potentia
1528 2082 1679 2124 florere

130 2153 358 2203 videbant,
397 2153 699 2204 movebantur,
746 2162 794 2196 ut
822 2170 931 2210 quae
969 2169 1117 2197 eorum
1158 2155 1239 2198 sub
1278 2154 1459 2211 imperio
1486 2154 1679 2196 Romano

131 2225 304 2268 fortuna
332 2224 501 2275 fuisset,
538 2239 797 2279 cognoscere
829 2234 1046 2282 cuperent.
1098 2227 1392 2270 Veruntamen
1424 2226 1540 2282 quod
1572 2225 1679 2267 solet

130 2296 221 2339 fieri
263 2296 308 2338 in
351 2296 481 2339 rebus
530 2297 755 2339 cotidianis
801 2298 1076 2354 omniumque
1116 2298 1309 2354 aspectui
1355 2297 1585 2355 expositis,
1630 2304 1679 2338 ut

132 2375 306 2411 externa
336 2383 483 2411 earum
519 2369 684 2425 species
716 2385 813 2412 cum
851 2370 906 2412 sit
936 2370 1177 2419 notissima,
1215 2385 1366 2412 causas
1405 2370 1678 2424 rationesque

131 2440 205 2495 qui
236 2440 486 2496 diligentius
511 2449 818 2497 perscrutetur,
849 2441 1177 2484 obscurissimas
1208 2457 1303 2484 esse
1333 2441 1536 2491 inveniat,
1564 2441 1679 2483 idem

133 2511 316 2554 dixerim
343 2512 538 2555 accidere
557 2512 602 2554 in
629 2512 770 2556 Gana
793 2513 1026 2570 provincia.
1065 2513 1175 2556 Nam
1205 2513 1310 2569 quid
1341 2513 1524 2556 nobilius
1550 2527 1679 2568 quam

127 2582 359 2626 Gallorum
376 2583 419 2624 in
435 2583 603 2628 Italiam
618 2585 833 2642 impetus?
862 2585 966 2641 quid
990 2584 1200 2628 celebrius
1223 2600 1352 2641 quam
1374 2600 1473 2627 cum
1498 2584 1680 2626 aliorum

133 2669 388 2712 magnorum
418 2655 720 2712 imperatorum
757 2664 847 2698 tum
890 2656 1109 2700 dictatoris
1141 2655 1340 2699 Caesaris
1368 2655 1479 2698 bella
1513 2655 1681 2699 Gallica

131 2727 479 2783 reliquorumque
509 2727 825 2783 imperatorum,
855 2728 930 2784 qui
958 2729 1037 2771 soli
1064 2729 1125 2771 rei
1141 2729 1359 2771 Romanae
1388 2727 1678 2784 praefuerunt,

134 2798 421 2855 expeditiones
452 2798 496 2840 in
527 2797 802 2843 Germaniam
833 2801 1084 2857 susceptae?
1145 2798 1234 2842 Sed
1274 2799 1309 2842 si
1338 2814 1532 2856 quaeras,
1562 2798 1679 2854 quod

133 2870 263 2913 fuerit
290 2870 535 2927 provinciae
566 2871 756 2922 initium,
798 2872 971 2928 quando
997 2887 1047 2915 ea
1071 2872 1115 2914 in
1155 2872 1286 2922 duas,
1330 2878 1420 2913 tum
1457 2870 1503 2913 in
1531 2870 1678 2927 plures

1355 2943 1411 2984 1*
