1846 3100
186 138 265 182 142
621 143 676 176 De
702 141 817 175 Gallia
843 142 1074 174 Romanorum
1107 134 1291 184 provinch.

182 251 315 303 legati
339 253 437 304 imp.
458 251 643 294 Caesaris
667 252 851 291 Traiani
867 249 1085 290 Hadriani
1103 250 1210 302 Aug.
1229 264 1286 303 pr
1320 264 1389 304 pr.
1419 254 1496 305 leg.
1528 254 1594 293 III
1614 254 1730 305 Aug.

182 329 223 363 et
249 325 452 364 exercitus
479 325 706 377 Africani,
737 321 812 377 qui
845 335 943 363 cum
970 321 1013 362 in
1040 321 1124 363 alio
1150 321 1273 364 titulo
1302 322 1439 380 (apud
1457 322 1613 366 Marin.
1633 324 1731 366 Act.

182 395 234 437 fr.
263 396 370 438 Arv.
402 411 441 452 p.
470 395 575 448 773)
607 394 731 437 solito
763 409 881 436 more
909 396 988 447 leg.
1019 398 1134 448 Aug.
1159 410 1228 448 pr.
1249 409 1318 448 pr.
1349 395 1608 451 appelletur,
1633 395 1732 438 ‹Nu—

182 467 358 509 midiam
386 474 551 509 tantum
577 467 750 509 videtur
778 467 956 516 rexisse,
988 466 1066 508 sed
1094 466 1242 509 addita
1264 474 1330 509 est
1351 467 1395 508 in
1416 467 1541 510 titulo
1561 468 1647 524 leg.
1663 468 1733 511 III

182 538 300 595 Aug.
343 545 385 581 et
422 540 635 582 exercitus
672 538 927 588 Africanus,
969 538 1092 594 quia,
1132 538 1249 594 quod
1288 539 1395 582 scite
1433 539 1734 583 animadvertit

181 610 421 661 Marinius‚
467 618 642 668 propter
683 618 821 654 motus
862 610 1116 653 Maurorum
1155 611 1291 653 maior
1331 620 1436 655 tunc
1477 613 1603 655 solito
1642 619 1733 655 erat

183 683 410 734 exercitus,
434 691 601 734 auctus,
624 684 789 740 opinor,
809 698 895 725 non
913 682 1083 739 legione
1105 698 1230 734 nova,
1260 684 1337 726 sed
1358 685 1543 727 auxiliis.
1585 683 1731 739 Quare

183 770 282 798 cum
311 771 364 799 ne
395 756 504 798 hanc
533 756 708 812 quidem
736 755 1073 812 inscriptionem,
1105 755 1229 798 cuius
1254 757 1485 813 singularis
1505 771 1636 800 causa
1653 763 1731 806 est,

182 842 233 869 eo
262 829 476 884 pertinere
507 829 745 879 videamus,
776 835 825 870 ut
851 828 938 878 illa,
969 843 1097 883 quam
1122 828 1434 872 Mommsenius
1464 827 1731 886 opinabatur,

183 899 359 942 Africae
389 907 430 942 et
454 900 683 943 Numidiae
715 901 957 943 communio
983 900 1107 956 quasi
1135 900 1416 956 significetur,
1449 916 1499 943 eo
1529 901 1731 943 devenie-

181 987 292 1022 mus,
324 988 410 1029 quo
436 974 646 1015 constanti
675 973 841 1029 imperii
859 972 1040 1015 Romani
1070 972 1382 1015 consuetudine
1410 980 1731 1028 ceterarumque

181 1045 499 1101 provinciarum
529 1045 806 1087 similitudine
836 1044 1104 1095 deducimur,
1142 1051 1190 1086 ut
1220 1045 1413 1087 Africam
1443 1044 1520 1088 soli
1547 1060 1730 1102 procon-

183 1118 280 1167 suli,
304 1117 550 1159 Numidiam
578 1132 677 1159 cum
703 1117 894 1160 exercitu
919 1117 1061 1172 legato
1080 1116 1346 1173 imperatoris
1368 1117 1564 1174 paruisse
1583 1117 1730 1160 existi-

181 1204 347 1232 memus
387 1205 527 1246 neque
566 1205 616 1232 eo
650 1190 846 1246 exemplo
873 1190 927 1230 ad
954 1189 1104 1231 falsam
1133 1188 1187 1230 de
1217 1187 1460 1232 Germaniis
1489 1190 1730 1246 opinionem

180 1261 503 1318 propagandam
533 1261 772 1304 abutamur.
824 1261 954 1315 Quod
981 1267 1124 1303 autem
1151 1261 1232 1303 sub
1253 1260 1476 1303 Hadriano
1504 1262 1729 1311 acciderat,

179 1341 228 1376 ut
259 1334 360 1376 belli
392 1349 523 1377 causa
551 1342 671 1377 extra
700 1333 895 1375 ordinem
925 1348 1009 1375 non
1041 1333 1296 1389 proconsul,
1328 1333 1406 1375 sed
1433 1334 1602 1391 legatus
1632 1334 1729 1376 Au-

181 1407 299 1461 gusti
337 1406 514 1449 Africae
554 1406 878 1463 praeficeretur,
924 1406 1039 1447 idem
1080 1406 1240 1448 factum
1277 1412 1342 1448 est
1377 1407 1610 1462 imperante
1649 1406 1729 1449 Pio

181 1485 355 1534 propter
386 1480 615 1521 seditiones
648 1479 902 1520 Maurorum
933 1478 1140 1533 (Pausan.
1164 1478 1288 1528 VIII,
1310 1478 1350 1528 8,
1378 1478 1425 1528 33
1458 1476 1598 1535 Capit.
1624 1478 1728 1522 Ant.

179 1550 327 1593 Pio'c.
346 1550 404 1606 5).
460 1550 571 1593 Nam
599 1551 644 1592 in
671 1549 1023 1606 inscriptionibus
1053 1549 1397 1593 Lambaesitanis
1425 1567 1451 1593 a
1478 1550 1615 1594 Leon.
1644 1551 1730 1594 Re-

180 1623 284 1665 nier.
324 1623 513 1666 collectis
553 1638 594 1664 n.
627 1622 675 1665 '19
717 1622 929 1678 reperitur
965 1621 1018 1662 L.
1048 1621 1216 1664 Novius
1250 1620 1479 1679 Crispinus
1516 1622 1729 1666 Martialis

182 1694 441 1738 Saturninus
473 1711 550 1737 cos.
575 1698 694 1748 desig.
728 1698 802 1748 leg.
836 1699 942 1747 Aug.
966 1708 1034 1747 pr.
1058 1708 1125 1747 pr.
1152 1697 1393 1748 provinciae
1424 1697 1620 1748 Africae,
1655 1694 1730 1750 qui

179 1767 295 1809 idem
340 1784 382 1810 n.
423 1768 470 1811 ’17
510 1774 551 1809 et
590 1767 639 1810 18
685 1766 925 1822 appellatur
975 1765 1099 1808 solito
1143 1781 1260 1808 more
1302 1769 1378 1820 leg.
1418 1769 1524 1820 Aug.
1558 1781 1624 1820 pr.
1659 1781 1729 1821 pr.

181 1839 347 1892 Quare,
387 1855 485 1883 cum
515 1839 738 1895 inscriptio
765 1838 906 1894 posita
935 1838 989 1880 sit
1015 1837 1260 1889 Lambaesi,
1293 1853 1421 1894 quam
1449 1838 1493 1880 in
1522 1837 1728 1881 Numidia

179 1912 314 1954 fuisse
345 1919 522 1963 constat,
551 1910 797 1954 faciendum
826 1910 950 1953 nobis
982 1909 1074 1959 erit,
1104 1917 1152 1951 ut
1177 1910 1525 1966 proconsularem
1552 1910 1728 1966 provin-

180 1984 289 2026 ciam
320 1991 424 2026 tunc
454 1999 554 2026 cum
581 1982 788 2025 Numidia
815 1982 895 2024 sub
922 1982 1100 2038 imperio
1128 1982 1260 2038 legati
1290 1982 1560 2024 coniunctam
1590 1982 1726 2025 fuisse

181 2062 432 2105 statuamus,
461 2070 548 2097 non
577 2070 654 2110 per
683 2062 818 2096 totum
850 2054 958 2096 illud
986 2061 1170 2110 tempus,
1201 2069 1287 2109 quo
1306 2053 1357 2095 L.
1374 2053 1542 2096 Novius
1562 2053 1724 2110 legioni

177 2127 246 2169 111
284 2125 514 2182 Augustae
554 2127 737 2183 praefuit
781 2127 898 2183 (nam
939 2134 981 2169 et
1019 2127 1125 2168 alios
1166 2125 1246 2168 sub
1284 2124 1506 2169 Antonino
1545 2123 1725 2170 Africae

178 2199 458 2255 proconsules
488 2199 727 2255 praefuisse
756 2200 914 2241 scimus
941 2205 982 2241 et
1005 2199 1234 2254 imperator
1253 2205 1369 2240 tanta
1387 2197 1524 2240 fuisse
1541 2197 1727 2240 traditur

180 2271 439 2321 constantia,
478 2279 527 2312 ut
554 2271 690 2314 bonos
719 2271 940 2327 praesides
971 2286 1046 2327 per
1075 2277 1236 2325 septem
1267 2276 1309 2311 et
1336 2284 1491 2312 novem
1515 2284 1651 2312 annos
1681 2270 1726 2311 in

177 2332 412 2398 provinciis
445 2343 687 2399 detineret),
716 2342 794 2385 sed
824 2343 1009 2392 tamdiu,
1043 2342 1147 2383 dum
1173 2341 1333 2384 bellum
1363 2357 1389 2384 a
1413 2341 1582 2384 Mauris
1609 2341 1724 2384 exei-

178 2422 314 2458 tatum
341 2422 680 2471 componeretur.
737 2415 909 2457 Novum
938 2421 1083 2456 autem
1108 2413 1206 2454 hinc
1231 2413 1471 2456 deducetur
1495 2427 1726 2469 argumen-

177 2494 288 2537 tum,
327 2502 414 2542 quo
453 2487 583 2543 legati
619 2494 871 2543 potestatem
908 2487 1014 2528 nihil
1049 2486 1104 2528 ad
1142 2486 1491 2541 proconsularem
1529 2484 1724 2528 Africam

176 2558 435 2614 pertinuisse
473 2559 720 2609 videamus,
762 2560 805 2600 in
848 2573 933 2614 qua
972 2558 1008 2600 si
1043 2558 1115 2599 ille
1155 2558 1381 2600 militarem
1419 2557 1554 2608 illam,
1597 2573 1725 2613 quam

176 2630 492 2673 Mommsenius
522 2638 665 2687 putat,
709 2637 961 2687 potestatem
993 2645 1163 2686 semper
1191 2629 1387 2679 haberet,
1429 2645 1528 2672 cum
1565 2629 1724 2672 bellum

176 2702 418 2758 ingrueret,
456 2718 542 2745 non
580 2718 689 2759 opus
729 2710 818 2745 erat
852 2702 1019 2745 sublato
1056 2701 1312 2758 proconsule
1344 2701 1592 2744 Numidiam
1626 2716 1724 2744 cum

177 2774 328 2816 Africa
361 2774 436 2816 uni
468 2774 743 2828 subiungere.

291 2846 501 2902 Superest
527 2845 709 2890 Asturia
732 2853 773 2887 et
795 2845 1026 2896 Gallaecia,
1057 2861 1185 2902 quam
1213 2862 1238 2889 a
1262 2846 1507 2888 Ptolemaeo
1533 2846 1722 2887 diximus
