1846 3100
607 166 661 198 De
684 168 930 209 propagatione
955 168 1099 200 civitatis
1125 168 1313 202 Romanae.
1653 169 1734 213 373

185 290 296 331 quae
323 275 416 319 iure
446 275 642 332 suffragii
674 281 715 318 et
740 275 951 318 honorum
983 278 1284 321 contineretur.
1348 279 1459 323 Nam
1497 280 1584 323 duo
1613 281 1735 333 haec,

185 354 246 396 ut,
278 348 352 403 qui
376 348 581 404 optimum
603 348 672 391 ius
699 349 894 406 suffragii
922 349 1112 399 haberet,
1141 350 1257 393 idem
1282 352 1333 394 ad
1358 352 1540 395 honores
1562 353 1733 397 curules

187 428 467 477 senatumque
495 421 812 471 admitteretur,
858 422 968 464 inter
999 438 1044 465 se
1079 422 1306 465 coniuncta
1335 430 1474 473 erant,
1521 424 1597 467 sed
1636 440 1735 468 cum

186 493 372 536 extincta
397 493 591 536 libertate
620 494 766 551 populi
799 495 970 537 comitia
996 495 1164 537 sublata
1191 495 1260 536 vel
1285 495 1340 537 ad
1359 495 1529 539 inanem
1549 498 1734 554 speciem

186 565 359 608 redacta
401 574 565 617 essent,
609 567 733 623 periit
778 567 941 609 scilicet
980 567 1049 609 ius
1093 567 1289 623 suffragii
1329 567 1611 624 relictumque
1656 577 1734 621 est,

185 638 302 694 quod
335 639 473 681 solum
502 639 618 695 apud
650 639 879 695 scriptores
909 639 1164 696 posteriores
1187 640 1508 682 commemorari
1536 640 1734 684 videmus

185 710 254 753 ius
295 711 519 753 honorum.
586 711 758 754 Deinde
800 711 916 754 hunc
949 726 1110 754 morem
1149 712 1440 754 Romanorum
1480 721 1735 770 perpetuum

183 783 522 834 observavimus,
547 799 599 826 ne
620 784 689 826 cui
710 784 882 826 omnino
902 784 1109 840 optimum
1130 784 1199 827 ius
1220 783 1457 838 Quiritium
1478 785 1734 838 tribuerent3

184 856 411 907 neminem,
441 856 515 912 qui
545 863 664 899 extra
690 856 903 899 civitatem
936 863 1062 899 natus
1092 864 1226 907 esset,
1261 857 1442 912 dignum
1472 857 1734 910 iudicabant,

184 928 259 984 qui
295 928 350 971 ad
385 928 546 980 tribus,
583 929 638 971 ad
679 935 893 979 senatum,
931 929 986 970 ad
1025 944 1213 972 summos
1251 930 1513 987 reipublicae
1550 931 1734 974 honores

184 1000 491 1043 admitteretur.
543 1002 694 1057 Itaque
731 1001 832 1043 novi
872 1002 987 1044 cives
1023 1002 1067 1043 in
1102 1002 1184 1045 hoc
1216 1017 1373 1059 genere
1403 1003 1607 1046 simillimi
1636 1010 1736 1046 sunt

183 1073 414 1124 libertinis,
451 1073 526 1129 qui
553 1075 668 1130 quod
698 1074 767 1116 ius
795 1074 839 1116 in
870 1074 1052 1117 comitiis
1080 1074 1329 1125 habuerint,
1372 1090 1487 1117 nunc
1518 1090 1605 1118 non
1635 1091 1735 1118 exa-

185 1144 376 1195 minabo,
418 1147 494 1188 sed
526 1154 639 1189 certe
667 1161 747 1189 nec
777 1146 832 1190 ad
859 1162 1005 1203 parem
1035 1162 1133 1189 cum
1165 1147 1315 1189 ceteris
1346 1146 1514 1190 civibus
1545 1148 1736 1191 tribuum

185 1218 541 1268 communionem,
572 1233 652 1261 nec
679 1219 735 1262 ad
764 1226 957 1262 senatum
982 1218 1301 1275 perveniebant.
1343 1219 1507 1263 Verum
1533 1227 1582 1262 ut
1605 1220 1735 1263 liber-

184 1291 368 1333 tinorum
408 1291 485 1333 filii
527 1291 580 1334 ab
619 1292 777 1349 optimo
816 1291 1053 1346 Quiritium
1091 1292 1185 1335 iure
1223 1292 1329 1334 nihil
1367 1293 1635 1350 discrepant,
1678 1293 1736 1336 ita

186 1377 347 1413 eorum,
378 1363 452 1419 qui
480 1363 523 1405 in
553 1364 767 1407 civitatem
794 1365 955 1421 recepti
985 1372 1098 1415 sunt,
1128 1365 1287 1420 posteri
1308 1365 1363 1407 ad
1384 1366 1591 1423 suffragia
1608 1372 1736 1422 atque

185 1435 239 1477 ad
278 1435 457 1478 honores
495 1436 574 1479 rite
611 1436 777 1479 admitti
818 1443 1023 1492 poterant.
1088 1437 1211 1479 Haec
1247 1438 1317 1480 lex
1353 1438 1460 1480 adeo
1498 1445 1614 1481 certa
1641 1439 1735 1489 fuit,

185 1514 233 1549 ut
250 1507 431 1550 Romani
460 1509 589 1551 semel
614 1516 777 1552 tantum
805 1509 918 1552 bello
948 1524 997 1552 ac
1025 1510 1278 1552 necessitate
1303 1510 1437 1552 coacti
1456 1509 1508 1553 ab
1529 1525 1578 1553 ea
1595 1510 1735 1554 desci-

187 1580 325 1622 verint
360 1596 439 1623 nec
481 1582 686 1624 cesserint
726 1582 810 1624 nisi
849 1582 990 1638 gradu
1029 1582 1217 1638 quodam
1262 1583 1344 1625 alio
1384 1582 1566 1626 civitatis
1603 1583 1735 1627 inter-

185 1653 334 1709 posito.
393 1653 484 1695 Iam
514 1654 690 1708 gradus,
720 1670 798 1711 per
829 1670 937 1710 quos
965 1655 1116 1698 civitas
1147 1655 1340 1698 Romana
1369 1670 1445 1711 per
1474 1655 1622 1699 orbem
1650 1663 1736 1699 ter-

185 1739 330 1767 rarum
379 1732 602 1782 totumque
649 1727 876 1783 imperium
921 1735 1156 1784 propagata
1203 1735 1289 1778 est,
1340 1736 1557 1785 apparent.
1626 1729 1736 1772 Nam

184 1797 371 1853 primum
400 1799 605 1854 proximis
637 1799 828 1855 oppidis,
863 1799 952 1842 sive
984 1815 1033 1842 ea
1063 1815 1164 1843 suos
1194 1801 1468 1857 magistratus
1497 1801 1736 1844 retinebant

187 1869 276 1912 sive
319 1886 344 1913 a
381 1871 606 1926 praefectis
643 1871 778 1913 Roma
823 1872 964 1914 missis
1007 1871 1291 1928 regebantur,
1338 1873 1506 1929 privata
1551 1874 1736 1917 civitatis

187 1942 410 1985 commoda
439 1958 643 1986 concessa
671 1951 771 1986 sunt
793 1944 1109 2000 extiteruntque
1128 1946 1375 2002 municipia,
1406 1961 1515 2002 quae
1532 1947 1736 2003 paulatim

185 2015 240 2057 ad
266 2015 474 2071 optimum
498 2016 567 2058 ius
587 2015 821 2070 Quiritium
850 2026 1159 2073 pervenerunt3
1192 2024 1283 2060 tum
1309 2034 1363 2061 ex
1388 2019 1562 2061 foedere
1579 2018 1736 2062 Latino

185 2095 284 2131 nata
308 2096 373 2131 est
391 2088 616 2139 Latinitas,
647 2104 732 2145 qua
760 2089 956 2146 plurimis
984 2090 1150 2147 privata
1180 2091 1340 2134 civium
1359 2091 1454 2134 iura
1473 2091 1735 2148 obtigerunt,

186 2161 418 2216 eademque
457 2161 754 2204 liberalissime
788 2162 969 2204 aliorum
1005 2162 1265 2219 populorum
1298 2163 1546 2206 Italicorum
1575 2163 1735 2220 princi-

186 2232 313 2288 pibus
344 2232 505 2276 tributa
534 2240 646 2276 sunt.
708 2234 928 2291 Deinceps
960 2234 1100 2278 subito
1130 2252 1216 2278 una
1245 2236 1500 2279 necessitate
1526 2236 1736 2279 maximae

185 2306 332 2349 Italiae
376 2305 485 2362 parti
525 2321 622 2348 cum
664 2321 819 2363 magna
862 2307 1124 2363 reipublicae
1167 2307 1485 2365 perturbatione
1528 2308 1736 2364 optimum

186 2377 422 2432 Quiritium
446 2378 514 2420 ius
539 2394 791 2435 expressum
820 2379 1070 2435 addiditque
1093 2381 1182 2422 fere
1208 2380 1388 2422 dictator
1415 2378 1589 2432 Caesar,
1614 2382 1735 2438 quic-

185 2450 291 2506 quid
318 2451 430 2493 intra
463 2450 596 2507 Alpes
629 2467 678 2494 eo
705 2459 909 2494 caruerat.
966 2451 1169 2495 Substitit
1196 2453 1239 2495 in
1269 2452 1335 2495 his
1362 2452 1521 2496 finibus
1544 2455 1735 2511 Augusti

188 2523 426 2578 prudentia,
456 2523 540 2565 nisi
565 2524 680 2579 quod
709 2531 852 2567 vetere
877 2540 1008 2575 more,
1041 2524 1114 2580 qui
1140 2524 1240 2566 olim
1267 2525 1311 2566 in
1335 2525 1511 2568 coloniis
1530 2526 1735 2570 Romanis

188 2595 424 2638 condendis
468 2595 721 2650 observatus
763 2604 877 2647 erat,
922 2597 1082 2639 Italicis
1122 2596 1368 2639 hominibus
1410 2603 1529 2640 extra
1568 2598 1735 2641 ltaliam

188 2667 387 2709 deductis
419 2655 546 2710 suuni
575 2667 644 2710 ius
674 2669 874 2711 servavit..
939 2669 1038 2723 Qua
1069 2669 1293 2712 severitate
1324 2685 1377 2712 ne
1405 2670 1735 2726 provincialium

187 2739 408 2802 hominum
447 2739 575 2782 animi
617 2740 669 2783 ab
706 2741 885 2798 imperio
923 2741 1286 2791 abalienarentur,
1324 2742 1629 2800 imperatorum
1666 2758 1734 2786 sa-

187 2812 346 2868 pientia
377 2820 549 2855 cautum
576 2820 662 2863 est,
702 2827 755 2856 ex
781 2814 939 2869 quibus
966 2812 1167 2870 Caligula
1196 2812 1384 2857 Siciliam
1412 2822 1452 2857 et
1479 2813 1733 2858 Narbonen—

192 2899 280 2927 sem
313 2884 512 2935 Galliam,
543 2882 754 2928 Claudius
782 2893 989 2929 comatam
1021 2886 1219 2936 Galliam,
1250 2886 1544 2943 Vespasianus
1572 2886 1733 2943 Hispa-
