1846 3100
575 153 628 186 De
656 152 769 186 Gallia
797 152 1030 185 Romanorum
1060 151 1245 195 provincia.
1628 150 1681 194 97

134 259 422 303 illustrissima
449 260 733 315 omnibusque
759 266 860 301 nota
886 265 1042 310 essent,
1069 260 1103 302 si
1126 261 1254 302 vellet
1271 276 1454 311 narrare,
1484 261 1683 317 ignorare

134 347 218 374 non
257 332 406 388 potuit.
464 330 604 374 Cuius
640 332 749 373 fides
789 346 838 373 ac
879 331 1054 373 scientia
1090 347 1140 374 eo
1175 333 1312 389 magis
1350 334 1473 376 nobis
1512 334 1685 377 videtur

135 418 230 446 esse
270 404 565 455 defendenda,
605 404 718 459 quod
756 403 910 445 acriter
947 404 1206 460 reprehensa
1244 411 1309 446 est
1347 420 1431 447 non
1470 406 1598 447 modo
1629 406 1683 447 ab

138 475 362 526 Fechtero‚
392 476 466 532 qui
491 491 598 526 eam,
628 491 735 531 quae
765 490 880 517 nunc
905 476 947 517 in
969 475 1090 518 libris
1110 477 1455 533 geographorum
1473 478 1685 534 reperitur

133 547 355 590 fluminum
397 555 439 590 et
480 547 688 590 montium
730 560 769 590 et
808 548 1064 604 populorum
1109 557 1350 591 accuratam
1395 565 1445 592 ac
1485 549 1683 592 subtilem

134 620 463 677 descriptionem
497 621 707 662 immerito
745 620 787 661 in
821 618 1030 663 Strabone
1068 621 1332 676 requirebat,
1374 637 1525 664 verum
1557 623 1682 665 etiam

133 692 186 734 ab
223 693 388 736 Theod.
414 693 723 742 Mommsenio,
747 692 841 751 „qui
881 708 979 735 cum
1015 694 1157 735 minus
1198 702 1393 736 accurate
1426 695 1518 737 eius
1549 694 1682 736 verba

136 765 462 816 considerasset,
499 765 615 807 aliud
655 781 753 807 eum
790 780 841 808 ac
879 765 988 806 dixit
1026 766 1188 832 diffisse
1222 767 1396 822 putabat
1425 767 1676 823 ineptosque

134 837 172 879 ei
207 852 257 880 ac
295 852 426 894 prope
462 837 650 894 pueriles
688 852 852 879 errores
885 837 1058 880 obiecit.
1124 837 1280 881 Strabo
1320 846 1462 880 autem
1490 838 1588 880 libri
1614 838 1678 881 IV

133 909 252 951 initio
280 908 488 960 Galliam,
517 925 645 965 quam
677 908 885 953 Celticam
915 917 1050 961 vocat,
1081 911 1124 952 in
1156 918 1242 953 tres
1271 918 1412 967 partes
1442 911 1579 953 dividi
1609 911 1680 961 ait,

134 981 386 1036 Aquitanos,
416 983 589 1039 Belgas,
620 980 766 1025 Celtas
797 983 909 1039 (sive
940 981 1124 1037 Gallos),
1156 990 1259 1033 tum,
1291 992 1518 1039 postquam
1548 998 1683 1040 pauca

134 1053 188 1095 de
217 1069 364 1096 eorum
391 1054 541 1111 lingua
567 1069 617 1097 ac
644 1061 794 1097 natura
822 1055 1032 1111 exposuit,
1060 1055 1295 1097 secundum
1324 1054 1523 1098 Caesaris
1547 1056 1682 1098 dicta-

134 1126 238 1168 toris
268 1127 563 1169 auctoritatem
594 1127 707 1184 (eius
735 1127 848 1169 enim
878 1127 1203 1170 commentarios
1234 1127 1353 1182 citat)
1385 1143 1493 1183 quos
1516 1128 1682 1184 quique

135 1212 279 1240 eorum
306 1199 413 1241 fines
440 1199 687 1249 habuerint,
724 1200 962 1242 accuratius
992 1199 1218 1256 significat.
1272 1200 1340 1242 Ac
1371 1200 1425 1242 de
1454 1200 1681 1255 Aquitanis

136 1271 308 1326 quidem
339 1272 400 1314 sic
430 1271 595 1314 scribit:
624 1271 887 1317 Ἀκυϊτανοὺς
916 1273 986 1327 μὲν
1013 1273 1143 1314 τοίνυν
1175 1271 1314 1327 ἔλεγον
1346 1272 1440 1317 τοὺς
1467 1273 1516 1313 τὰ
1542 1272 1683 1329 βόρεια

134 1346 204 1398 τῆς
232 1342 419 1400 Πυρήνης
458 1344 561 1400 μέρη
601 1343 848 1400 κατέχοντας
886 1345 952 1386 καὶ
983 1347 1054 1399 τῆς
1081 1343 1299 1400 Κεμμένης
1333 1344 1452 1400 μέχρι
1481 1346 1582 1399 πρὸς
1614 1346 1681 1385 τὸν

136 1417 316 1458 ὠκεανὸν
345 1416 394 1456 τὰ
422 1416 533 1460 ἐντὸς
554 1415 741 1471 Γαρούνα
768 1420 969 1471 ποταμοῦ,
996 1416 1253 1471 quibuscum
1279 1415 1403 1471 plane
1424 1423 1680 1472 congruunt,

137 1503 246 1543 quae
269 1485 395 1531 Caes.
422 1487 519 1530 bell.
549 1488 647 1544 gall.
676 1488 711 1537 I,
746 1490 758 1530 1
794 1488 940 1530 habet:
978 1491 1182 1542 Aquitani
1209 1505 1234 1528 a
1265 1491 1484 1529 Garumna
1499 1491 1683 1544 flumine

134 1562 192 1601 ad
217 1562 446 1613 Pyrenaeos
470 1567 624 1601 montes
657 1567 696 1600 et
724 1575 813 1601 eam
841 1567 1004 1614 partem
1038 1562 1203 1610 Oceani,
1232 1575 1335 1614 qnae
1363 1566 1421 1600 est
1451 1562 1509 1601 ad
1534 1563 1683 1614 Hispa-

134 1635 264 1681 niam,
286 1635 510 1685 pertinent.
582 1631 694 1673 Tum
734 1632 788 1674 de
819 1631 958 1675 Gallis
999 1632 1062 1674 sic
1093 1631 1270 1674 Strabo:
1316 1630 1474 1676 Κέλτας
1511 1632 1556 1672 δὲ
1590 1632 1684 1677 τοὺς

138 1703 201 1744 ἐπὶ
236 1703 390 1759 θάτερα
423 1703 525 1759 μέρη
563 1704 839 1758 καθήκοντας,
880 1705 946 1745 καὶ
980 1705 1048 1759 τὴν
1079 1705 1182 1746 κατὰ
1213 1703 1456 1746 Μασσαλίαν
1488 1704 1554 1745 καὶ
1580 1703 1682 1760 Νάρ-

138 1777 249 1831 βωνα
288 1776 515 1825 θάλατταν,
557 1776 812 1830 ἁπτομένους
851 1778 896 1818 δὲ
933 1777 1001 1817 καὶ
1034 1779 1112 1817 τῶν
1142 1775 1367 1817 Ἀλπεινῶν
1406 1776 1511 1831 ὀρῶν
1552 1775 1688 1828 ἐνίων,’

136 1861 244 1901 quae
288 1861 490 1903 expressa
532 1855 632 1888 sunt
675 1863 807 1904 prope
846 1848 899 1889 ad
940 1847 1119 1890 verbum
1157 1862 1210 1889 ex
1243 1847 1333 1898 his,
1376 1862 1485 1903 quae
1525 1845 1685 1890 Caesar

136 1918 283 1962 habet:
333 1923 487 1960 Eorum
517 1935 605 1960 una
630 1934 745 1972 pars,
777 1935 900 1972 quam
933 1922 1072 1961 Gallos
1103 1919 1280 1960 obtinere
1309 1921 1464 1960 dictum
1496 1927 1567 1970 est,
1599 1923 1682 1961 ini—

126 1994 240 2032 -tium
274 1994 387 2046 capit
430 2007 455 2032 a
479 1994 663 2048 flumine
699 1994 920 2043 Rhodano,
969 1994 1204 2033 continetur
1240 1994 1458 2038 Garumna
1484 1994 1682 2048 flumine,

140 2064 312 2112 Oceano,
338 2064 492 2115 finibus
514 2066 750 2116 Belgarum,
778 2067 955 2116 attingit
982 2066 1106 2104 etiam
1133 2064 1182 2104 ab
1198 2065 1412 2117 *Sequanis
1432 2070 1474 2104 et
1493 2067 1686 2105 Helvetiis

127 2137 292 2190 flumen
327 2137 530 2176 Rhenum.
594 2134 703 2177 Nam
732 2136 847 2190 quod
879 2133 1042 2177 Caesar
1071 2134 1220 2177 Gallos
1250 2136 1309 2178 ait
1337 2136 1506 2178 initium
1534 2151 1684 2193 capere

137 2205 364 2249 a-flumine
391 2207 626 2258 Rhodano,
660 2207 705 2248 id
732 2205 885 2250 Strabo
915 2207 1131 2263 explicans
1158 2208 1280 2262 quasi
1307 2207 1432 2257 dicit,
1473 2210 1685 2264 pertinere

138 2292 211 2320 eos
245 2279 301 2321 ad
341 2294 454 2322 mare
482 2279 592 2321 circa
617 2279 856 2321 Massiliam
882 2287 924 2320 et
947 2280 1207 2330 Narbonem,
1237 2278 1281 2319 in
1307 2279 1423 2334 quod
1452 2279 1685 2322 Rhodanus

137 2350 296 2401 influit,
342 2352 518 2408 parique
556 2352 716 2394 ratione
754 2351 870 2406 quod
907 2351 978 2393 ille
1017 2351 1147 2394 tradit
1187 2365 1260 2393 eos
1297 2351 1351 2393 ab
1392 2351 1604 2407 Sequanis
1645 2360 1687 2393 et

138 2421 351 2465 Helvetiis
382 2423 541 2465 flumen
571 2423 769 2466 Rhenum
796 2423 1029 2478 attingere,
1066 2423 1110 2464 id
1137 2422 1228 2472 hic,
1260 2423 1361 2478 quia
1391 2423 1435 2464 in
1461 2423 1685 2466 Helvetio-

138 2509 234 2535 rum
263 2494 422 2537 finibus
454 2495 587 2551 Alpes
625 2502 746 2545 sunt,
789 2509 862 2537 eos
888 2494 1030 2550 aliqua
1059 2501 1179 2550 parte
1209 2493 1344 2550 Alpes
1375 2494 1584 2550 attingere
1615 2495 1685 2536 ait.

140 2566 389 2621 Eademque
418 2566 541 2621 quasi
566 2566 751 2621 quadam
778 2564 1122 2622 interpretatione
1150 2565 1203 2607 dc
1230 2565 1378 2621 Belgis
1404 2565 1540 2607 utitur
1566 2564 1685 2608 Stra-

139 2636 216 2679 bo:
262 2636 422 2692 Βέλγας
457 2638 492 2678 δ’
535 2636 675 2692 ἔλεγον
715 2638 808 2683 τοὺς
838 2639 1006 2683 λοιπούς
1036 2653 1079 2678 τε
1109 2642 1186 2678 τῶν
1217 2640 1532 2691 παρωκεανιτῶν
1567 2638 1686 2694 μέχρι

140 2711 218 2749 τῶν
257 2708 438 2764 ἐκβολῶν
476 2713 547 2752 τοῦ
577 2707 730 2764 Ῥήνου
764 2710 835 2751 καί
865 2724 973 2754 τινας
1001 2711 1079 2750 τῶν
1113 2709 1417 2764 παροικούντων
1445 2709 1511 2749 τὸν
1534 2706 1685 2763 Ῥῆνον

142 2781 209 2821 καὶ
234 2780 304 2825 τὰς
322 2779 504 2825 Ἄλπεις.
553 2780 826 2834 Quibuscum
851 2779 1050 2824 Caesaris
1081 2780 1214 2824 verba
1241 2783 1391 2833 Belgae
1420 2780 1470 2821 ab
1496 2782 1687 2821 extremis

145 2854 307 2893 Galliae
323 2854 486 2905 finibus
512 2855 721 2902 oriuntur,
740 2857 954 2906 pertinent
981 2856 1039 2894 ad
1061 2856 1302 2907 inferiorem
1317 2855 1687 2908 partemflumim's

1393 2923 1416 2965 7
