1846 3100
564 146 618 179 De
643 143 890 187 propagatione
915 143 1060 177 civitatis
1085 143 1272 176 Romanae.
1606 139 1686 183 369

142 262 269 312 atque
297 256 352 298 ad
373 253 567 298 Sabellos
597 254 642 295 in
667 252 842 310 patriam
865 251 1024 301 sedem,
1053 250 1170 293 unde
1189 251 1398 294 oriundus
1418 258 1520 302 erat,
1547 251 1687 294 redire

142 335 316 371 coactus
348 335 425 371 est.
478 327 567 381 Qui
597 341 682 382 qua
711 331 799 368 arte
827 324 946 380 leges
978 323 1152 365 eluserit
1177 324 1407 374 nescimus,
1438 324 1515 367 sed
1544 324 1688 380 priva-

141 409 228 444 tam
268 401 452 445 civitatis
481 400 696 442 Romanae
734 403 898 454 partem
940 402 1052 438 certe
1088 402 1315 452 antequam
1352 396 1395 438 in
1426 396 1578 439 urbem
1608 396 1688 438 mi-

141 474 305 531 gravit,
342 473 494 516 habuit
528 473 688 528 (neque
726 469 839 512 enim
875 484 928 511 ex
964 468 1114 510 humili
1147 468 1262 524 apud
1292 483 1390 515 sues
1418 475 1544 524 atque
1571 468 1688 524 inopi

142 561 299 604 genere
338 545 510 588 videtur
545 543 720 598 fuisse),
761 542 972 584 honorum
1008 547 1173 583 tantum
1215 541 1284 583 ius
1323 541 1442 583 nullo
1473 555 1607 583 censu
1645 540 1689 582 in

140 618 280 662 tribus
305 623 503 674 receptus
532 623 679 659 contra
705 614 823 668 leges
854 621 1151 670 usurpaverat.

253 689 588 734 Percensuimus
619 687 840 731 civitatum
866 701 1046 743 genera,
1089 700 1198 741 quae
1235 691 1331 728 ante
1360 685 1501 742 legem
1535 685 1691 727 Iuliam

141 765 186 807 in
211 764 336 807 Italia
373 763 548 806 fuerunt
583 776 634 803 ac
664 775 760 802 cum
789 759 958 815 privata
991 758 1175 801 civitatis
1206 758 1424 800 Romanae
1454 772 1554 814 pars
1582 757 1690 799 libe-

143 836 354 880 ralissime
384 840 719 892 propagaretur,
753 831 968 888 publicam
999 838 1177 888 partem,
1209 845 1294 886 qua
1322 830 1389 871 ius
1422 830 1615 886 suffragii
1650 837 1691 871 et

117 909 354 952 -honorum
383 907 693 956 contineretur,
735 920 830 947 cum
863 905 915 946 iis
949 904 1071 954 solis,
1116 918 1224 959 quae
1256 903 1489 959 municipia
1518 902 1690 959 proprie

142 981 424 1038 appellantur,
458 977 813 1022 communicatam
843 992 936 1020 esse
966 976 1267 1018 intelleximus.
1325 975 1449 1028 Quae
1479 975 1551 1030 qui
1588 989 1690 1017 con-

143 1052 362 1103 siderabit,
394 1052 592 1094 dubitare
621 1066 707 1092 non
730 1050 898 1107 poterit,
934 1049 1038 1105 quin
1068 1049 1121 1090 de
1151 1048 1248 1105 lege
1278 1048 1390 1090 Iulia
1420 1055 1461 1090 et
1491 1047 1545 1089 de
1575 1047 1690 1089 omni

142 1124 254 1168 bello
271 1125 460 1168 Marsico
487 1130 528 1166 et
556 1123 609 1165 de
637 1123 783 1165 multis
813 1122 985 1178 legibus
1008 1119 1234 1170 Corneliis,
1264 1120 1422 1176 quibus
1446 1119 1692 1176 respublica

142 1205 237 1254 post
267 1197 473 1253 plurimas
505 1211 555 1239 ac
581 1195 787 1237 maximas
815 1193 1157 1251 perturbationes
1184 1193 1325 1234 denuo
1355 1192 1584 1235 constituta
1612 1197 1690 1241 est,

141 1271 270 1326 longe
301 1269 423 1312 aliter
449 1267 602 1311 debeat
627 1267 809 1309 iudicari
843 1281 892 1309 ac
920 1265 1002 1308 viri
1029 1265 1144 1307 docti
1175 1281 1291 1308 nunc
1320 1265 1456 1307 solent
1484 1264 1690 1307 iudicare.

147 1342 250 1397 Quo
279 1343 372 1385 loeo
399 1341 553 1384 breves
582 1340 740 1382 erimus
768 1346 894 1394 atque
918 1338 1014 1395 ipsa
1039 1339 1178 1394 capita
1206 1345 1369 1380 tantum
1398 1353 1543 1380 rerum
1574 1352 1690 1379 com-

142 1415 486 1458 memorabimus.
540 1413 733 1455 Primum
765 1412 868 1455 socii
898 1411 1037 1453 Italici
1066 1411 1170 1466 quid
1198 1410 1380 1452 maxime
1412 1410 1691 1465 concupisce-

143 1487 275 1530 bant?
334 1486 499 1529 Eorum
528 1486 764 1542 principes,
799 1499 885 1526 non
917 1482 1045 1525 modo
1074 1482 1351 1532 Latinorum,
1383 1496 1535 1524 verum
1563 1481 1690 1524 etiam

142 1560 403 1616 reliquorum
432 1559 644 1601 civitatem
663 1557 899 1599 Romanam
926 1555 1140 1598 habebant
1169 1570 1307 1610 neque
1340 1555 1375 1596 si
1399 1554 1473 1610 qui
1497 1554 1567 1596 alii
1589 1568 1691 1595 con-

142 1633 386 1689 cupissent,
429 1629 613 1687 populus
644 1630 981 1693 Romanusxnon
1009 1627 1242 1670 liberaliter
1272 1642 1364 1670 eam
1390 1633 1691 1683 propagasset3

143 1704 393 1746 humiliores
440 1710 583 1745 autem
624 1701 818 1743 homines
864 1716 941 1743 cur
983 1707 1142 1743 tantam
1189 1700 1372 1742 civitatis
1414 1699 1693 1755 cupiditatem

143 1776 380 1819 haberent?
436 1773 713 1817 Connubium
740 1788 892 1829 parum
921 1788 1069 1815 curare
1096 1779 1305 1828 poterant,
1334 1787 1412 1828 pro
1439 1771 1692 1814 commercio

144 1848 270 1898 alias,
319 1862 444 1904 saepe
481 1847 608 1889 etiam
644 1846 955 1889 commodiores
995 1845 1102 1887 iuris
1142 1846 1301 1887 formas
1333 1843 1558 1887 habebant.
1623 1844 1693 1886 Ac

143 1927 369 1977 postquam
399 1920 549 1962 civitas
580 1918 777 1961 omnibus
804 1918 961 1975 patuit,
992 1917 1037 1958 in
1065 1917 1210 1958 multis
1240 1924 1379 1959 tamen
1409 1915 1577 1972 oppidis
1610 1915 1692 1957 du-

145 1993 325 2036 bitatum
353 2007 447 2034 esse
474 1991 646 2040 scimus,
673 2006 777 2032 num
799 2006 847 2032 ea
868 1989 1087 2033 veteribus
1108 1989 1315 2031 institutis
1339 2003 1389 2031 ac
1410 1987 1544 2031 veteri
1562 1987 1692 2029 liber-

145 2065 220 2108 tati
261 2071 374 2107 esset
410 2063 702 2120 praeferenda.
769 2063 857 2105 Sed
901 2062 1002 2118 quia
1041 2069 1082 2104 et
1126 2061 1369 2118 principum
1408 2060 1558 2102 civitas
1598 2060 1692 2101 iure

142 2137 351 2179 honorum
384 2135 556 2178 carebat
585 2149 664 2177 nec
697 2135 787 2176 sine
815 2134 998 2176 civitatis
1025 2134 1184 2190 optimo
1214 2133 1306 2175 iure
1339 2132 1545 2187 suffragia
1573 2138 1693 2187 pate-

145 2209 268 2259 bant,
310 2207 408 2250 ideo
450 2207 555 2250 socii
593 2222 740 2249 omnes
780 2221 825 2248 se
864 2220 1010 2262 parere
1051 2211 1214 2247 tantum
1252 2203 1567 2261 intelligebant,
1610 2219 1695 2246 non

147 2281 355 2337 imperare
386 2279 598 2330 vicissim,
629 2279 843 2321 neminem
870 2293 1047 2320 suorum
1076 2277 1120 2318 in
1148 2283 1364 2326 senatum,
1395 2276 1609 2318 neminem
1640 2276 1696 2317 ad

149 2367 338 2394 summos
374 2350 636 2407 reipublicae
673 2351 853 2393 honores
893 2349 1071 2392 admitti.
1131 2349 1194 2391 Ut
1223 2349 1356 2405 igitur
1385 2348 1486 2390 olim
1516 2348 1695 2390 Latinos

149 2425 337 2468 vidimus
363 2422 430 2465 bis
458 2424 710 2479 postulasse,
746 2431 794 2465 ut
826 2438 879 2465 ex
910 2437 988 2465 suo
1010 2427 1197 2463 'numero
1230 2426 1446 2463 senatores
1474 2420 1625 2463 fierent
1655 2427 1696 2462 et

150 2496 369 2545 consules,
410 2495 469 2537 ita
497 2502 601 2538 tunc
628 2510 775 2539 omnes
809 2495 912 2538 socii
942 2493 1165 2551 petebant,
1207 2500 1256 2534 ut
1287 2493 1342 2535 ad
1371 2491 1696 2548 gubernandam

149 2583 243 2610 eam
267 2567 588 2622 rempublicam,
618 2568 741 2610 cuius
774 2567 1006 2624 potentiam
1037 2564 1324 2622 peperissent,
1357 2552 1694 2605 admitterentur.

151 2639 276 2694 Quae
316 2638 576 2696 reipublicae
611 2638 863 2694 gubernatio
895 2654 994 2681 cum
1023 2652 1140 2680 more
1168 2637 1362 2679 Romano
1394 2650 1492 2678 cum
1525 2635 1696 2677 civitate

151 2711 343 2754 Romana
373 2711 598 2753 coniuncta
623 2718 748 2761 esset,
775 2712 1003 2767 scriptores
1033 2710 1245 2752 civitatem
1271 2724 1296 2749 a
1319 2706 1444 2749 sociis
1468 2707 1697 2763 expetitam

152 2797 246 2826 esse
278 2783 417 2825 solent
447 2782 610 2833 dicere,
653 2783 770 2826 velut
799 2783 912 2826 Vell.
944 2783 1010 2833 II,
1046 2782 1118 2831 15;
1158 2780 1271 2836 App.
1301 2778 1399 2821 bell.
1432 2779 1513 2822 civ.
1542 2779 1587 2829 I,
1618 2779 1695 2829 383

152 2853 251 2896 Liv.
279 2853 443 2896 LXXI
472 2853 648 2909 aliique,
688 2854 891 2911 optimam
916 2854 1033 2896 illam
1064 2853 1278 2896 civitatem
1309 2852 1544 2894 Romanam
1571 2851 1696 2893 intel—

1373 2923 1426 2966 24
