1846 3100
554 130 607 163 De
630 130 877 172 propagatione
905 129 1048 162 civitatis
1077 129 1264 161 Romanae.
1597 124 1677 168 379

129 240 280 291 fuisse,
307 241 488 283 alterum
509 238 838 283 Germaniarum
869 252 1094 280 commune
1122 237 1166 279 in
1185 238 1352 280 colonia
1368 237 1679 295 Agrippinensi

130 312 246 369 apud
260 311 397 355 Ubios
424 312 509 354 iam
529 311 610 354 sub
626 311 830 366 Augusto
846 309 1068 352 conditum
1085 309 1209 362 (Tac.
1226 308 1382 353 Annal.
1401 310 1436 360 I,
1459 310 1511 353 39
1531 317 1573 352 et
1588 311 1678 364 57),

131 384 316 440 denique
333 384 557 440 Lugduni,
583 383 700 439 quod
719 382 900 424 maxime
922 389 1011 424 erat
1038 382 1226 424 omnium
1254 381 1434 433 celebre,
1461 383 1562 438 quia
1591 390 1678 424 tres

129 457 375 514 provinciae
404 456 591 506 Galliae,
627 455 824 511 Belgica,
865 454 1198 510 Lugdunensis,
1235 454 1470 509 Aquitania
1497 469 1547 497 eo
1577 469 1678 496 con-

129 528 447 578 tribuebantur‚
491 528 545 571 de
591 543 676 583 quo
716 527 924 583 imprimis
965 541 1074 582 quae
1115 526 1246 583 Alph.
1290 527 1502 570 Boissiev.
1541 527 1678 569 Inscr.

130 601 277 658 Lugd.
305 617 346 657 p.
373 601 426 643 78
455 615 516 655 sq.
547 599 796 656 disputavit,
833 599 1090 641 conserenda
1122 606 1234 641 sunt.

243 671 402 715 Omnia
443 673 578 728 igitur
620 672 725 714 haec
765 672 1068 727 Augustorum
1110 672 1267 727 templa
1310 687 1431 714 suam
1474 672 1678 728 quodque

128 744 342 788 habebant
376 746 497 800 quasi
524 745 810 801 provinciam,
855 744 979 786 cuius
1005 744 1218 800 principes
1248 745 1484 787 sacerdotia
1512 744 1679 787 obirent

127 818 440 874 pecuniamque
478 818 740 868 conferrent,
784 817 1000 873 multaque
1037 816 1160 859 nobis
1199 818 1447 866 traduntur,
1489 826 1530 859 et
1569 832 1678 873 quae

129 890 339 946 cuiusque
367 890 589 947 provincia
616 891 746 932 fuerit
776 897 817 932 et
846 904 954 945 quae
987 889 1222 932 sacerdotia
1250 897 1291 932 et
1316 890 1390 946 qui
1419 889 1511 931 ludi
1538 896 1579 932 et
1605 889 1678 945 qui

126 962 281 1019 reliqui
311 963 507 1005 honores.
557 963 646 1005 Sed
675 978 761 1005 non
791 962 836 1003 id
863 962 1032 1019 agimus
1062 962 1144 1004 hoc
1172 962 1280 1013 loco,
1307 970 1355 1004 ut
1375 962 1676 1019 imperatorum

129 1035 290 1078 cultum
321 1035 518 1078 divinum
546 1035 831 1084 illustremus,
870 1035 923 1076 de
953 1050 1038 1090 quo
1065 1041 1317 1091 argumento
1345 1049 1443 1077 cum
1473 1034 1545 1076 alii
1573 1034 1678 1077 scri-

128 1115 327 1163 pserunt,
367 1115 458 1150 tum
493 1107 682 1150 breviter
715 1123 764 1150 ac
803 1108 892 1149 fere
926 1114 1039 1149 recte
1070 1107 1307 1163 disputavit
1334 1106 1601 1162 Marquardt.
1634 1107 1678 1148 in

128 1180 350 1236 compend.
380 1180 510 1236 antiq.
541 1180 665 1222 Rom.
692 1179 774 1230 III,
811 1182 822 1221 1
859 1195 901 1235 p.
920 1180 1000 1222 268
1025 1187 1066 1221 et
1088 1179 1149 1221 IV
1181 1195 1220 1235 p.
1242 1179 1338 1222 424.
1383 1179 1474 1221 Nos
1503 1179 1678 1235 quidem

128 1252 326 1294 videmur
357 1252 572 1303 docuisse,
603 1252 875 1309 Lugdunum
906 1251 1040 1294 fuisse
1073 1252 1341 1308 metropolim
1369 1267 1461 1294 eam
1491 1252 1545 1294 ob
1576 1267 1678 1294 cau-

128 1339 241 1375 sam,
282 1326 400 1381 quod
438 1324 498 1367 ibi
534 1325 663 1366 trium
700 1324 1014 1381 provinciarum
1056 1340 1280 1367 commune
1319 1332 1433 1367 esset
1472 1325 1678 1380 templum

126 1396 455 1453 imperatoribus
482 1397 688 1439 Romanis
718 1404 1026 1439 consecratum.
1079 1396 1296 1439 Tenemus
1325 1398 1458 1454 igitur
1486 1413 1677 1440 commu-

126 1469 298 1512 nionem
325 1469 532 1525 aliquam,
563 1484 673 1525 quae
703 1469 814 1511 inter
843 1470 1058 1526 principes
1092 1469 1314 1512 civitatum
1345 1470 1676 1521 foederatarum,

127 1541 201 1597 qui
239 1541 309 1584 ius
349 1541 560 1584 honorum
601 1541 654 1584 ab
694 1542 947 1598 imperatore
981 1540 1167 1584 Claudio
1206 1542 1442 1599 petierunt,
1490 1551 1531 1584 et
1567 1543 1678 1586 inter

128 1613 337 1657 coloniam
363 1614 705 1671 Lugdunensem
731 1614 1035 1664 intercesserit,
1064 1630 1149 1656 non
1177 1630 1230 1657 ex
1256 1614 1490 1671 republica,
1519 1615 1596 1657 sed
1624 1630 1677 1657 ex

127 1686 294 1742 privata
323 1687 447 1742 quasi
477 1686 793 1743 provinciarum
822 1686 1028 1740 religione
1057 1687 1344 1742 repetendam.
1403 1688 1548 1743 Atque
1576 1687 1679 1730 haec

128 1759 370 1801 communio
399 1758 490 1800 sine
521 1758 655 1800 dubio
678 1758 838 1808 effecit,
869 1766 917 1800 ut
946 1759 1051 1801 haec
1084 1757 1258 1802 Claudii
1288 1760 1435 1809 oratio,
1477 1760 1674 1815 quamvis

126 1830 232 1872 nihil
271 1830 324 1872 ad
363 1830 685 1887 Lugdunenses
728 1830 846 1886 ipsos
894 1831 1146 1887 pertineret,
1186 1839 1328 1874 tamen
1363 1832 1479 1888 apud
1521 1846 1593 1874 eos
1633 1832 1677 1874 in

126 1903 283 1960 templo
321 1902 622 1959 Augustorum
664 1904 957 1946 collocaretur.
1022 1904 1193 1946 Etenim
1229 1912 1349 1947 erant
1383 1905 1427 1946 in
1467 1920 1536 1954 ec,
1580 1919 1678 1947 cum

128 1973 340 2018 Claudius
374 1975 622 2031 imperaret,
661 1982 830 2032 praeter
861 1976 1041 2018 Romam
1071 1977 1209 2032 ipsam
1240 1984 1325 2019 tres
1362 1985 1546 2028 statuae,
1588 1977 1677 2020 divi

127 2047 227 2090 Iulii
259 2051 373 2100 (nam
405 2047 514 2090 hanc
540 2047 650 2090 etin
681 2047 879 2090 omnibus
910 2055 1056 2104 postea
1083 2048 1326 2106 Augusteis
1356 2051 1491 2093 fuisse
1523 2065 1677 2093 censeo

128 2127 169 2163 et
211 2120 255 2161 in
292 2118 469 2162 Gallicis
515 2126 630 2162 certe
673 2119 826 2162 abesse
867 2121 985 2162 nullo
1023 2122 1152 2163 modo
1190 2122 1426 2179 potuisse),
1468 2121 1677 2179 Augusti,

129 2190 322 2242 Claudii3
371 2191 534 2234 Tiberii
578 2192 690 2234 enim
737 2200 778 2233 et
817 2190 1039 2247 Caligulae
1083 2194 1288 2236 memoria
1331 2202 1422 2236 erat
1464 2194 1675 2236 damnata.

128 2263 295 2317 Quare,
335 2279 432 2307 cum
462 2265 639 2307 nuntius
670 2265 724 2306 de
755 2264 962 2307 beneficio
990 2265 1255 2322 imperatoris
1287 2266 1341 2308 ad
1372 2266 1549 2309 Aeduos
1577 2281 1675 2323 per-

127 2336 313 2378 venisset
353 2351 535 2392 eumque
576 2338 731 2380 eximio
767 2338 925 2379 honore
963 2338 1226 2380 remunerari
1266 2338 1473 2394 placeret,
1520 2338 1676 2380 oratio-

126 2423 224 2450 nem
254 2408 391 2464 ipsius
420 2416 679 2465 senatusque
709 2410 953 2452 consultum
984 2425 1032 2451 co
1057 2417 1229 2452 auctore
1262 2411 1422 2452 factum
1449 2410 1492 2451 in
1518 2410 1675 2466 templo

126 2480 199 2522 illo
229 2479 350 2522 iuxta
378 2479 552 2523 Claudii
578 2490 774 2532 statuam,
805 2482 873 2524 cui
903 2481 1142 2524 sacrificare
1168 2481 1373 2531 solebant,
1402 2483 1675 2532 collocarunt,

128 2551 520 2608 conferendumque
553 2562 616 2595 est
645 2553 958 2596 nobilissimum
989 2554 1097 2595 illud
1127 2563 1450 2596 monumentum
1480 2555 1676 2610 Ancyra-

127 2638 254 2674 num,
285 2624 425 2678 quod,
464 2634 559 2666 cum
591 2640 728 2680 neque
753 2626 892 2680 legem
918 2641 1057 2681 neque
1086 2625 1222 2666 ullum
1252 2625 1507 2668 beneficium
1539 2626 1674 2668 conti·

127 2702 266 2745 neret,
305 2695 361 2737 ad
388 2697 797 2740 commendationem
825 2698 1086 2754 posteritatis
1115 2697 1158 2738 in
1184 2698 1376 2753 Augusti
1402 2698 1559 2754 templo
1587 2699 1675 2741 col-

126 2767 313 2809 locatum
354 2782 448 2810 esse
487 2768 660 2811 scimus.
722 2770 803 2812 Illo
842 2770 954 2820 eius,
998 2785 1023 2811 a
1060 2784 1144 2824 quo
1174 2769 1402 2826 imperium
1432 2771 1674 2813 Romanum

128 2838 434 2896 amplificatum
464 2855 513 2883 ac
542 2841 785 2883 restitutum
817 2856 911 2886 esse
940 2841 1191 2892 videbatur,
1230 2857 1299 2885 res
1335 2842 1450 2885 domi
1487 2857 1534 2885 ac
1562 2842 1675 2886 bello
