1846 3100
555 151 608 182 Dc
634 149 806 183 dictatoris
831 148 988 181 Caesaris
1015 147 1214 179 honoribus.
1575 141 1656 184 253

117 262 247 304 citum
289 266 398 310 erat,
440 258 624 315 primum
663 271 716 298 ne
763 255 935 312 quando
976 270 1061 296 non
1107 259 1364 303 crearentur,
1409 252 1565 294 deinde
1606 265 1660 292 ne

116 338 360 375 crearentur
395 325 478 373 nisi
513 330 568 373 ab
602 328 787 371 tribunis
827 327 1008 370 comitiis
1048 326 1232 369 tributis.
1291 325 1410 367 Huic
1444 324 1506 366 rei
1546 337 1658 365 nova

117 406 188 448 lex
218 411 406 447 veterem
444 402 696 458 religionem
725 416 808 442 non
841 400 1005 442 violans
1041 398 1270 455 dupliciter
1299 396 1496 440 occurrit.
1552 395 1662 437 Nam

119 477 282 521 Caesar
306 477 392 519 iam
423 482 478 525 et,
505 474 540 516 si
571 474 645 529 qui
670 472 831 515 inimici
861 472 916 514 ad
946 471 1209 514 tribunatum
1225 469 1535 527 pervenissent,
1554 482 1662 523 quo-

119 551 234 592 niam
262 548 354 605 pari
384 563 483 591 cum
515 546 600 588 illis
629 551 838 601 potestate
868 551 977 594 erat,
1010 543 1133 586 facile
1169 558 1315 585 eorum
1351 548 1527 584 conatus
1560 554 1660 596 pro-

118 621 292 664 hibebat
321 627 376 670 et,
413 619 515 675 quia
542 618 636 674 ipse
668 617 791 659 etiam
822 616 1088 673 plebeiorum
1117 606 1446 672 magistratuum
1482 611 1663 655 comitiis

119 708 319 751 praeesse
353 698 532 748 poterat,
565 705 620 732 ne
649 689 722 746 qui
753 689 902 731 fierent
933 689 1007 743 qui
1041 687 1122 730 sibi
1153 688 1311 730 inimici
1344 694 1498 736 essent,
1530 685 1664 740 impe-

122 765 279 808 diebat.
325 765 476 819 Itaque
511 761 627 817 quod
657 761 744 803 Dio
777 758 900 803 Cass.
927 760 1101 810 XLIII,
1131 760 1183 803 45
1215 775 1325 804 anno
1357 761 1422 810 45,
1462 758 1536 800 ubi
1564 772 1666 799 con-

119 837 296 880 iunctim
328 834 644 891 quodammodo
683 847 791 888 quae
821 847 890 875 res
921 831 1120 875 Caesaris
1149 831 1478 874 dominationem
1513 831 1666 872 effece-

123 910 207 952 rint
247 915 452 956 recenset,
491 907 568 949 ait:
610 907 679 951 τοῖς
709 921 751 946 τε
780 905 855 961 γὰρ
888 906 1017 961 ἀρχὰς
1048 905 1157 961 αὐτῷ
1189 906 1255 946 καὶ
1282 904 1351 949 τὰς
1381 907 1451 945 τοῦ
1483 904 1667 958 πλήθους

123 982 338 1034 ἀνέθεσαν,
365 980 516 1022 dubito
548 994 600 1021 an
632 978 686 1020 ad
715 978 881 1019 nullum
911 992 1071 1020 novum
1109 978 1341 1027 decretum,
1378 976 1454 1019 sed
1485 976 1539 1018 ad
1571 974 1666 1024 hoc,

123 1054 177 1096 de
205 1068 292 1110 quo
320 1052 524 1102 diximus,
555 1050 782 1107 pertineat3
809 1050 892 1092 hoc
916 1057 1028 1092 certe
1049 1050 1189 1099 video,
1211 1050 1375 1092 etiamsi
1396 1049 1503 1091 forte
1519 1055 1670 1104 postea

123 1132 171 1167 ut
209 1125 327 1167 solus
356 1125 429 1180 qui
464 1123 646 1166 comitiis
676 1122 848 1164 tributis
877 1122 1023 1164 fierent
1054 1120 1228 1172 tribuni,
1259 1121 1418 1171 ederet,
1449 1121 1670 1163 decretum

124 1204 202 1248 cst,
238 1197 284 1239 id
324 1203 529 1254 potestate
569 1194 797 1237 tribunicia
839 1207 935 1237 ante
965 1209 1051 1236 non
1080 1194 1233 1237 collata
1260 1209 1345 1235 non
1373 1193 1564 1249 potuisse
1593 1193 1668 1234 de-

128 1270 258 1312 cerni.
315 1270 466 1312 Unum
503 1269 684 1310 fortasse
713 1268 795 1310 hoc
821 1268 866 1308 in
896 1282 1053 1323 genere
1082 1266 1310 1308 nonnullos
1341 1274 1521 1315 moveat,
1552 1265 1670 1322 quod

128 1340 385 1391 Suetonius,
425 1341 500 1397 qui
539 1355 683 1383 omnes
727 1338 926 1382 Caesaris
972 1355 1040 1382 res
1088 1339 1335 1395 singillatim
1375 1346 1669 1394 persequatur,
1708 1377 1712 1380 ,

125 1414 232 1456 nihil
285 1414 340 1456 de
389 1413 471 1455 hoc
517 1413 611 1455 iure
653 1411 883 1454 tribunicio
935 1418 1248 1454 commemorat.
1316 1408 1405 1453 Sed
1452 1425 1538 1466 quo
1575 1411 1670 1452 loco

126 1486 310 1529 maxime
344 1486 528 1528 honores
565 1485 658 1527 eius
694 1493 888 1527 recenset
923 1499 958 1527 c.
988 1484 1056 1534 76,
1087 1484 1287 1540 quoniam
1322 1483 1368 1524 id
1396 1483 1499 1538 agit,
1528 1490 1575 1524 ut
1605 1482 1670 1523 ni-

127 1559 213 1602 mia
243 1574 342 1601 eum
370 1573 605 1615 usurpasse
638 1572 688 1600 ac
716 1557 809 1599 iure
840 1572 1010 1599 caesum
1039 1572 1135 1599 esse
1170 1556 1335 1606 doceat,
1365 1570 1414 1597 ea
1443 1555 1546 1606 sola,
1576 1555 1670 1610 qui-

129 1632 208 1674 bus
247 1645 333 1673 non
374 1631 502 1674 modo
543 1629 673 1687 supra
709 1629 896 1684 reliquos
936 1629 1226 1685 magistratus,
1266 1628 1342 1670 sed
1374 1642 1506 1684 prope
1543 1642 1673 1683 supra

129 1703 357 1746 humanam
386 1704 600 1746 fortunam
635 1702 911 1752 eveheretur,
943 1701 1085 1752 affert,
1120 1701 1164 1742 in
1194 1699 1352 1756 quibus
1390 1700 1469 1742 hoc
1503 1700 1570 1741 ius
1597 1698 1671 1740 tri-

128 1775 362 1827 bunicium,
390 1791 475 1831 quo
494 1775 631 1817 maius
659 1774 712 1816 ab
744 1773 942 1816 omnibus
962 1773 1166 1829 deinceps
1184 1772 1511 1829 imperatoribus
1541 1786 1671 1814 usur-

130 1856 277 1905 patum
305 1863 400 1892 esse
430 1847 696 1897 docebimus,
728 1853 840 1888 certe
871 1861 957 1887 non
985 1853 1086 1887 erat.

240 1921 328 1963 Hic
354 1921 488 1977 igitur
512 1921 676 1977 primus
702 1918 826 1975 quasi
859 1917 1110 1960 tribuniciae
1138 1917 1361 1974 potestatis
1387 1916 1549 1974 gradus
1569 1922 1672 1965 erat,

135 1993 190 2035 ad
226 2007 354 2048 quam
391 1993 570 2035 miretur
612 1993 793 2034 fortasse
840 1990 994 2046 aliquis
1033 1990 1224 2046 potuisse
1264 1990 1493 2046 quicquam
1533 1987 1674 2029 adiici.

131 2064 285 2121 Neque
314 2073 494 2122 poterat,
525 2064 609 2107 nisi
634 2064 680 2105 id
707 2070 920 2119 ageretur,
946 2072 994 2104 ut
1024 2062 1192 2105 sublata
1208 2062 1468 2118 collegarum
1488 2060 1674 2116 aequali-

132 2146 216 2179 tate
243 2153 357 2181 unus
387 2153 516 2194 supra
546 2151 694 2179 omnes
719 2136 951 2191 imperator
978 2135 1265 2177 extolleretur.
1303 2133 1452 2188 Itaque
1484 2147 1594 2175 anno
1624 2132 1675 2174 44

135 2225 233 2253 cum
274 2210 399 2253 victis
442 2209 640 2252 omnibus
690 2207 949 2250 adversariis
989 2206 1073 2248 iam
1121 2221 1220 2248 vere
1261 2204 1422 2247 Caesar
1464 2211 1675 2261 regnaret,

135 2290 328 2324 secutum
357 2289 422 2324 est
452 2282 646 2331 alterum,
676 2279 792 2335 quod
820 2279 908 2321 Dio
935 2278 1105 2328 XLIV,
1137 2279 1160 2320 s)
1193 2284 1515 2320 commemorat:
1550 2275 1610 2317 Τά
1635 2291 1677 2317 τε

134 2357 218 2399 τοῖς
246 2355 472 2410 δημάρχοις
502 2353 705 2409 δεδομένα
733 2352 1005 2408 καρποῦσθαι,
1041 2351 1152 2396 ὅπως
1182 2351 1228 2392 ἄν
1255 2365 1312 2395 τις
1340 2351 1365 2404 ἢ
1398 2349 1545 2404 ἔργῳῆ
1569 2347 1678 2403 λόγῳ

136 2427 256 2468 αὐτὸν
295 2427 453 2482 ὑβρίσῃ,
490 2425 596 2480 ἱερός
633 2441 675 2467 τε
713 2422 741 2480 ᾖ
774 2426 839 2467 καὶ
871 2425 910 2465 ἐν
943 2428 1001 2479 τῷ
1033 2423 1121 2477 ἄγει
1154 2423 1342 2478 ἐνέχηται
1370 2420 1678 2477 (ἐψηφίσαντο).

136 2497 208 2540 Ad
239 2497 503 2553 eandemque
534 2512 624 2540 rem
659 2497 857 2554 pertinet,
898 2494 1015 2551 quod
1046 2494 1133 2536 Dio
1169 2494 1339 2543 XLIV,
1370 2493 1421 2535 49
1449 2493 1511 2534 Μ.
1540 2492 1679 2534 Anto—

134 2569 256 2611 nium
293 2569 338 2610 in
374 2569 524 2612 funere
556 2567 754 2612 Caesaris
791 2569 1003 2610 dicentem
1037 2567 1161 2608 facit:
1199 2566 1316 2610 οὗτος
1345 2567 1365 2607 ὁ
1400 2563 1627 2620 ἀρχιερεὺς,
1657 2565 1678 2605 ὁ

138 2640 291 2686 ἄσυλος
321 2665 375 2672 —
403 2641 611 2696 τέθνηκεν,
654 2650 696 2683 et
732 2641 859 2697 paulo
899 2646 995 2696 post
1032 2642 1111 2680 ποῦ
1145 2638 1190 2679 δὲ
1220 2638 1244 2692 ἦ
1274 2638 1443 2687 ἀσυλίας
1486 2645 1528 2678 et
1558 2651 1594 2678 c.
1627 2636 1679 2677 50

141 2712 352 2768 apertius:
385 2713 428 2753 ὃν
457 2713 497 2759 ἐξ
529 2713 618 2755 ἴσου
643 2716 726 2758 τοῖς
748 2713 975 2768 δημάρχοις
999 2710 1149 2752 ἄσυλον
1172 2710 1483 2764 ἐπεποιήκεσαν,
1505 2715 1546 2749 et
1563 2706 1681 2764 quod

141 2784 368 2840 Appianus
394 2784 493 2827 bell.
524 2785 605 2828 civ.
626 2785 683 2835 ΙΙ,
719 2784 796 2827 106
831 2784 898 2824 καὶ
930 2784 973 2824 τὸ
1006 2786 1125 2837 σῶμα
1154 2783 1260 2836 ἱερὸς
1289 2781 1354 2822 καὶ
1385 2780 1535 2824 ἄσυλος
1565 2780 1682 2830 εἶναι,

139 2856 256 2910 quod
284 2856 386 2899 item
412 2871 523 2899 anno
550 2857 601 2899 44
630 2857 851 2898 decretum
883 2870 978 2898 esse
1009 2856 1079 2904 ait,
1111 2862 1153 2896 et
1178 2854 1237 2903 H,
1271 2854 1348 2896 108
1379 2852 1554 2896 caedem
1585 2867 1682 2908 per-
