1846 3100
209 154 287 198 164
550 158 604 190 De
629 155 742 189 Gallia
767 155 1003 188 Romanorum
1029 155 1202 196 provincia
1227 157 1409 197 appendix.

204 264 509 315 Decembrem,
549 279 632 320 quo
673 263 852 319 epistola
890 262 988 304 data
1024 269 1109 313 est,
1153 269 1194 304 et
1231 263 1341 306 inter
1378 264 1546 307 initium
1589 264 1749 308 mensis

206 338 415 388 Ianuarii,
438 338 534 393 'quo
565 342 737 378 senatus
766 333 937 377 habitus
966 341 1044 384 est,
1073 335 1366 378 intercedunt:
1406 338 1648 381 referantur
1675 335 1750 380 Ci-

207 411 372 452 ceronis
418 409 550 451 verba
592 408 646 450 ad
693 414 862 464 tempus
908 413 1079 450 senatus
1115 407 1262 450 habiti.
1334 409 1552 465 Numquid
1590 409 1750 452 rectius

206 480 368 524 Caesar
397 482 545 524 decem
574 495 705 523 annos
735 480 930 536 explesse
959 479 1144 521 dicitur?
1190 479 1348 523 Nostra
1374 481 1548 537 quidem
1573 481 1751 531 ratione,

204 554 279 610 qui
307 568 393 595 non
421 554 623 610 vulgares
650 567 799 601 annos,
832 551 909 594 sed
938 550 1024 592 duo
1053 551 1358 607 quinquennia,
1387 568 1570 610 quorum
1597 553 1751 610 prioris

206 642 282 670 sex
308 641 442 683 prope
472 640 641 668 menses
669 624 893 680 perierint,
928 623 1240 680 intelligamus,
1279 632 1320 667 et
1348 633 1530 668 exeunte
1561 641 1672 668 anno
1699 627 1752 667 50

205 706 247 740 et
282 699 456 741 ineunte
486 698 537 740 49
577 697 725 740 decem
757 696 856 738 anni
885 696 1211 752 praeterierant,
1248 697 1568 740 Hofmanniana
1596 705 1751 747 autem,

204 771 279 826 qui
313 769 405 813 Cal.
442 770 570 812 Mart.
607 769 706 811 anni
747 769 800 810 49
840 768 1020 810 alterum
1059 769 1407 824 quinquennium*
1438 770 1578 820 finiat,
1625 770 1658 813 si
1697 769 1751 811 de

207 849 379 885 senatus
411 842 480 884 die
506 849 632 896 atque
659 842 833 883 ineunte
861 855 1006 883 mense
1032 841 1232 884 Ianuario
1264 842 1363 884 anni
1390 842 1441 884 49
1472 841 1748 897 intelligatur,

205 922 346 957 tamen
378 915 466 957 duo
500 929 668 957 menses
695 914 751 955 ad
781 913 930 956 decem
958 928 1092 956 annos
1122 914 1275 956 desint.
1332 913 1452 966 Quid
1472 913 1606 970 igitur
1632 914 1751 956 iuvat

204 995 288 1029 tam
328 994 521 1029 contorta
561 994 602 1029 et
638 985 822 1028 obscura
858 986 1206 1042 interpretatione
1249 986 1335 1036 uti,
1381 986 1416 1028 si
1457 994 1597 1029 tamen
1635 986 1751 1041 quod

205 1059 312 1101 velis
354 1074 440 1101 non
482 1059 740 1114 assequare?
804 1058 894 1100 Sed
939 1066 1003 1101 est
1046 1058 1173 1101 etiam
1217 1058 1300 1101 hoc
1341 1059 1456 1115 apud
1498 1057 1751 1101 Ciceronem

197 1134 424 1184 praeteriit
450 1138 606 1184 tempus
633 1134 753 1184 legis,
785 1131 902 1186 quod
933 1131 968 1172 si
996 1130 1051 1172 ad
1078 1146 1267 1173 mensem
1292 1132 1540 1174 Ianuarium
1569 1132 1668 1174 anni
1698 1132 1751 1174 49

205 1204 438 1254 referatur,
485 1205 714 1259 quicquam
760 1202 1092 1245 confirmationis
1135 1203 1290 1246 Dionis
1338 1204 1570 1246 sententiae
1610 1204 1752 1246 afferri

204 1275 480 1318 Hofmannus
517 1283 657 1332 negat.
722 1275 780 1317 Et
810 1282 924 1318 recte
953 1282 1103 1331 negat,
1144 1275 1218 1317 sed
1250 1275 1287 1317 ei
1318 1275 1473 1318 Dionis
1506 1277 1751 1326 sententiae,

205 1362 334 1402 quam
371 1347 463 1404 ipse
505 1347 586 1391 sibi
625 1348 769 1399 finxit,
810 1363 894 1390 non
930 1363 982 1390 ex
1025 1348 1279 1390 testimoniis
1311 1348 1555 1405 incorrupte
1586 1349 1752 1392 traditis

204 1419 366 1470 effecit,
411 1420 487 1462 sed
515 1420 594 1470 ita,
637 1421 672 1462 si
702 1420 1091 1476 interpretationem
1122 1420 1258 1470 illam,
1292 1435 1419 1475 quam
1450 1421 1576 1463 modo
1605 1421 1752 1464 redar-

204 1491 393 1547 guimus,
423 1491 670 1547 probemus.
725 1492 816 1534 Nos
845 1507 946 1534 vero
974 1492 1056 1534 hoc
1085 1492 1139 1534 de
1169 1507 1252 1547 quo
1282 1492 1596 1548 disputavimus
1627 1491 1751 1536 Cice-

203 1564 320 1606 ronis
351 1565 444 1606 loco
476 1564 550 1605 vix
581 1564 716 1606 ullum
748 1579 973 1606 censemus
1001 1579 1095 1606 esse
1119 1580 1246 1620 posse
1269 1564 1426 1606 certius
1449 1565 1752 1614 testimonium,

203 1643 252 1677 ut
281 1651 428 1678 mense
455 1636 687 1678 Decembri
717 1636 817 1678 anni
848 1636 923 1685 50,
955 1651 1038 1691 quo
1064 1636 1245 1692 epistola
1272 1637 1428 1694 scripta
1453 1645 1537 1687 est,
1572 1637 1751 1679 alterum

205 1706 404 1750 Caesaris
420 1708 758 1764 quinquennium
774 1709 858 1751 iam
875 1709 1090 1765 expletum
1106 1708 1241 1750 fuisse
1260 1708 1562 1765 intelligamus.
1593 1709 1750 1752 Postu-

202 1780 288 1822 lata
317 1777 517 1823 Caesaris
558 1781 732 1836 exponit
762 1778 929 1823 Cicero.
991 1780 1150 1822 Tenuit
1192 1781 1452 1836 provinciam
1493 1796 1568 1838 per
1602 1781 1748 1823 decem

204 1867 352 1895 annos.
408 1852 529 1906 Quid
556 1860 695 1909 potest
724 1867 819 1895 esse
846 1852 988 1894 minus
1015 1852 1278 1895 obscurum?
1330 1853 1556 1895 Praeteriit
1581 1860 1751 1909 tempus

203 1925 314 1981 legis
335 1925 563 1981 Pompeiae
582 1924 790 1974 Liciniae,
821 1939 928 1979 quae
954 1932 1003 1965 ut
1023 1923 1199 1967 Caesari
1220 1925 1545 1980 gratificaretur,
1573 1925 1753 1968 alterum

203 1997 542 2052 quinquennium
581 1996 818 2038 addiderat.
883 1997 1033 2038 Potest
1075 2011 1300 2038 successor
1339 1996 1448 2037 mitti
1487 2003 1529 2037 et
1559 1996 1751 2038 mittitur.

203 2067 424 2123 Numquid
455 2075 596 2124 potest
625 2083 719 2110 esse
748 2067 967 2124 apertius?
1020 2065 1181 2109 Contra
1211 2066 1372 2110 Caesar
1397 2067 1636 2124 impediens
1664 2083 1748 2110 non

204 2140 345 2182 exisse
376 2147 546 2196 tempus
578 2155 703 2182 suum
735 2149 876 2196 negat,
910 2139 985 2182 sed
1017 2140 1100 2182 ait:
1149 2140 1275 2182 Habe
1306 2140 1387 2182 mei
1419 2140 1624 2182 rationem
1657 2140 1685 2181 i.
1714 2155 1750 2182 e.

203 2211 392 2254 absentis
424 2212 604 2254 comitiis
635 2213 934 2256 consularibus
965 2212 1064 2255 anni
1092 2212 1157 2253 49.
1213 2212 1332 2265 Quid
1370 2218 1511 2268 potest
1539 2213 1751 2268 expectari

205 2284 378 2334 certius,
409 2299 507 2327 cum
536 2299 681 2326 mense
702 2283 935 2326 Decembri
966 2284 1064 2326 anni
1086 2284 1153 2333 50,
1181 2299 1278 2326 cum
1301 2283 1528 2339 imperium
1550 2283 1750 2328 Caesaris

204 2356 384 2406 exisset,
428 2356 510 2399 hoc
541 2364 705 2398 tantum
732 2363 874 2399 actum
903 2372 997 2399 esse
1027 2356 1336 2411 intelligamus,
1374 2364 1518 2398 utrum
1549 2357 1642 2399 eius
1673 2356 1750 2398 ab·

205 2428 336 2470 sentis
372 2443 424 2469 ex
455 2429 551 2485 lege
587 2429 815 2472 tribunicia
849 2430 892 2470 in
926 2429 1150 2471 consulatu
1188 2429 1371 2484 petendo
1409 2429 1516 2470 ratio
1554 2428 1752 2471 habenda

204 2507 317 2542 esset
353 2516 500 2543 necne.
558 2496 849 2543 Veruntamen
890 2500 1133 2543 desciscens
1170 2500 1483 2555 quodammodo
1520 2516 1545 2543 a
1581 2515 1626 2544 se
1655 2500 1750 2556 ipso

205 2587 255 2614 ac
285 2572 456 2614 rediens
485 2587 548 2622 eo,
579 2580 627 2614 ut
656 2572 876 2628 epistolam
908 2572 962 2614 de
991 2587 1041 2614 eo
1070 2587 1154 2627 quo
1183 2572 1341 2628 scripta
1370 2580 1435 2614 est
1463 2580 1653 2629 tempore
1685 2573 1750 2615 in-

203 2642 380 2699 telligat,
405 2643 694 2699 Hofmannus,
719 2659 828 2699 quae
847 2651 1099 2699 sequuntur,
1124 2644 1275 2699 inquit,
1301 2648 1523 2685 exercitum
1544 2651 1591 2685 tu
1607 2645 1750 2686 habeas

204 2717 360 2756 diutius
388 2731 512 2769 quam
538 2719 716 2770 populus
746 2719 866 2756 iussit
893 2719 1023 2756 invito
1054 2723 1214 2764 senatu,
1249 2717 1476 2772 perspicue
1509 2715 1750 2771 significant

206 2793 396 2829 extremo
422 2802 533 2830 anno
553 2788 606 2830 50
632 2787 798 2843 imperii
826 2794 996 2842 tempus
1031 2787 1223 2830 nondum
1259 2788 1395 2830 fuisse
1433 2787 1748 2830 circumactum.

204 2858 316 2900 Aliis
342 2858 396 2899 sit
419 2858 501 2901 hoc
524 2859 813 2915 perspicuum,
842 2859 966 2900 nobis
985 2859 1158 2914 quidem
1180 2874 1261 2901 non
1285 2867 1360 2902 est.
1406 2860 1457 2902 In
1479 2859 1749 2901 coniunctivo
