1846 3100
12 2248 19 2258 γ
0 2131 21 2235 ἐκ-*ν’*
0 2085 12 2116 ‘-·
4 2029 19 2050 ψ’

582 135 636 166 De
663 132 779 165 Gallia
802 133 1036 165 Romanorum
1068 131 1251 174 provincia.
1635 128 1688 171 87

141 252 330 291 iussisset.
386 244 518 299 Quod
547 243 655 286 illud
686 248 750 284 est
777 239 1034 283 beneficium
1062 240 1210 296 populi
1237 240 1437 290 Romani,
1476 240 1594 296 quod
1624 255 1690 282 se-

142 327 328 364 menstre
357 317 608 374 imperium,
640 314 758 370 quod
788 320 982 369 ereptum
1013 312 1095 354 sibi
1125 327 1220 355 esse
1252 313 1338 355 ait?
1391 312 1538 354 Huius
1569 313 1690 369 origo

142 408 196 436 ex
231 392 304 434 illo
342 398 534 446 tempore
566 386 800 443 repetenda
828 392 914 435 est,
953 398 1039 439 quo
1070 382 1150 426 Cn.
1175 384 1382 441 Pompeio
1410 385 1527 440 quod
1555 385 1691 441 impe-

142 466 254 508 rium
281 464 379 519 lege
403 460 621 503 Trebonia
648 464 884 514 acceperat,
915 462 1194 513 prorogatum
1223 463 1299 499 est.
1349 458 1417 500 Ita
1439 472 1539 500 oum
1561 458 1692 499 Pom-

142 537 227 594 peii
254 541 441 592 potestas
471 531 644 588 longius
675 530 998 579 extenderetur,
1028 545 1155 584 quam
1186 544 1256 580 ea,
1293 545 1421 585 quam
1448 530 1542 586 ipse
1571 528 1692 571 habi-

141 618 266 651 turus
295 614 405 656 erat,
437 603 599 647 Caesar
625 602 811 651 veritus,
841 616 894 643 ne
922 601 1116 657 privatus
1146 601 1417 643 inimieorum
1445 599 1556 642 odiis
1585 598 1692 641 obii-

144 687 331 727 ceretur,
361 692 460 721 eum
493 675 677 718 tribunis
702 673 841 730 plebis
870 673 980 729 egit,
1020 671 1068 715 ut
1095 673 1127 714 ii
1157 672 1430 729 plebiscitum
1462 671 1693 721 efficerent,

142 767 228 808 quo
267 750 349 794 sibi
390 747 557 792 absenti
595 746 863 789 consulatum
901 752 1043 801 petere
1085 745 1411 801 permitteretur.
1470 745 1541 787 De
1571 760 1621 787 ea
1648 760 1693 787 re

144 825 206 868 sie
233 830 376 866 narrat
405 819 638 864 Suetonius
668 817 794 861 Caes.
825 833 862 860 e.
884 818 946 860 -26
978 820 1061 870 egit
1092 832 1184 857 cum
1215 818 1392 858 tribunis
1416 818 1545 871 plebis
1578 819 1694 859 colle-

140 912 239 951 gam
265 911 305 937 se
337 895 524 946 Pompeio
554 891 864 941 destinantibus,
896 892 943 931 z'd
963 892 1102 943 potius
1130 889 1187 930 ad
1206 892 1407 942 populum
1425 892 1614 943 ferrent,
1649 896 1697 929 ut

143 969 302 1010 ahtana·
334 966 428 1013 sibi,
470 965 711 1018 quandoque
741 965 906 1016 imperii
937 969 1092 1014 tempus
1122 963 1282 1014 expleri
1307 965 1514 1014 coepisset,
1550 964 1695 1015 petitio

145 1041 315 1082 secundi
337 1040 574 1079 consulatus
601 1037 794 1084 daretur,
833 1050 883 1075 ne
917 1049 965 1075 ea
993 1049 1120 1075 causa
1150 1036 1358 1074 maturius
1387 1039 1428 1074 et
1454 1034 1695 1087 imperfecto

146 1114 282 1154 adhuc
312 1111 412 1151 bello
441 1111 655 1158 decederet,
689 1115 730 1149 et
757 1106 844 1148 Dio
870 1106 974 1155 XL,
1006 1106 1080 1148 51:
1128 1105 1412 1160 παρεσκεύασε
1444 1105 1696 1160 (Πομπήϊος)

146 1185 213 1226 διὰ
247 1186 324 1224 τῶν
365 1183 588 1237 δημάρχων
629 1181 895 1233 ἐπιτραπῆναι
930 1179 997 1219 καὶ
1034 1177 1176 1219 ἀπόντι
1210 1177 1280 1231 τὴν
1322 1178 1478 1232 ἀρχὴν,
1525 1177 1617 1217 ὅταν
1652 1177 1697 1218 ἐκ

145 1260 224 1298 τῶν
255 1255 391 1310 νόμων
422 1254 601 1307 καθήκῃ,
634 1253 809 1305 αἰτῆσαι,
841 1258 883 1292 et
902 1249 1087 1304 denique
1104 1249 1196 1304 ipse
1216 1247 1368 1291 Cicero
1387 1249 1442 1291 ad
1464 1249 1554 1290 Att.
1570 1248 1696 1299 VIII,

146 1329 195 1378 3,
226 1328 274 1370 3:
323 1328 428 1368 idem
468 1324 743 1380 (Pompeius)
784 1325 908 1363 etiam
950 1325 1069 1362 tertio
1107 1324 1327 1362 consulatu
1362 1328 1578 1375 postquam
1620 1336 1699 1362 esse

145 1401 336 1453 defensor
360 1399 607 1452 reipublicae
631 1399 773 1448 coepit,
802 1396 1023 1444 contendit,
1051 1400 1100 1434 ut
1123 1395 1253 1434 decem
1273 1393 1434 1434 tribum·
1446 1396 1504 1447 pl.
1514 1396 1699 1448 ferrent,

146 1479 194 1514 nt
231 1473 406 1512 absentis
445 1473 556 1510 ratio
593 1469 821 1510 haberetur.
893 1467 945 1507 In
980 1481 1066 1521 quo
1103 1465 1327 1521 plebiscito
1368 1465 1455 1507 duo
1489 1465 1698 1522 imprimis

146 1536 524 1587 animadvertenda
565 1547 677 1583 sunt.
740 1538 839 1592 Quo
868 1538 1053 1594 primum
1086 1552 1173 1579 non
1202 1537 1283 1579 hoo
1316 1537 1607 1587 sanciebatur,
1651 1546 1699 1580 ut

146 1614 410 1673 quibuslibet
447 1612 629 1656 comitiis
659 1610 857 1654 Caesaris
895 1610 1002 1652 ratio
1043 1608 1284 1652 haberetur.
1334 1608 1456 1662 Quid
1486 1610 1598 1651 enim
1626 1611 1698 1652 ille

147 1687 331 1744 agebat?
350 1736 354 1739 Ι
371 1686 483 1734 Hoc,
511 1684 676 1741 opinor,
705 1691 753 1724 ut
781 1683 945 1725 tamdiu
971 1682 1148 1724 haberet
1167 1681 1395 1738 imperium
1417 1696 1545 1736 quam
1566 1683 1696 1724 Pom—

146 1760 292 1817 peius,
330 1759 405 1814 qui
442 1758 477 1800 si
512 1756 695 1799 habebat
734 1770 872 1810 usque
916 1755 971 1797 ad
1007 1752 1099 1796 Cal.
1126 1754 1217 1796 Ian.
1256 1753 1355 1795 anni
1383 1754 1450 1802 47,
1491 1761 1540 1795 ut
1575 1754 1699 1796 nobis

146 1831 365 1889 probabile
402 1830 596 1878 videtur,
637 1827 943 1884 postulandum
982 1827 1020 1868 ei
1057 1833 1166 1876 erat,
1207 1833 1256 1866 ut
1290 1826 1391 1868 anni
1423 1826 1475 1868 49
1516 1826 1699 1868 comitiis

149 1902 449 1946 consularibus
484 1902 551 1943 sui
576 1901 681 1942 ratio
711 1899 962 1941 haberetur:
1005 1899 1067 1941 sio
1097 1896 1337 1940 Galliarum
1365 1898 1593 1955 imperium
1623 1899 1700 1941 ha-

148 1975 318 2018 biturus
343 1982 432 2017 erat
454 1988 592 2029 usque
610 1973 665 2015 ad
685 1972 870 2022 comitia,
897 1971 1053 2013 deinde
1073 1972 1243 2013 futurus
1264 1970 1517 2027 designatus
1536 1971 1699 2021 consul,

149 2055 243 2090 tum
268 2047 418 2090 consul
442 2060 580 2101 usque
597 2045 653 2086 ad
668 2045 784 2086 idem
801 2051 984 2099 tempus,
1012 2058 1098 2098 quo
1114 2043 1348 2098 Pompeius
1364 2043 1609 2099 provincias
1625 2043 1700 2084 de-

150 2119 368 2177 positurus
400 2126 501 2161 erat.
547 2118 697 2173 Itaque
724 2132 833 2173 quae
860 2115 976 2172 apud
996 2113 1224 2157 Caesarem
1251 2115 1348 2158 bell.
1380 2115 1512 2165 oiv.I‚
1533 2115 1557 2158 9
1587 2130 1700 2157 com-

150 2198 439 2234 memorantur
471 2190 664 2246 proxima
687 2189 871 2238 comitia,
903 2187 1003 2243 quia
1027 2202 1138 2229 anno
1164 2187 1216 2229 49
1242 2188 1416 2230 ineunte
1444 2201 1701 2230 commemo-

151 2271 300 2307 rantur
318 2278 456 2318 neque
477 2263 531 2305 ad
554 2262 760 2319 proxima,
785 2275 894 2317 quae
917 2266 1240 2302 antecesserunt
1259 2259 1442 2309 comitia,
1467 2259 1522 2301 de
1542 2257 1701 2314 quibus

153 2335 382 2379 Caesarem
415 2350 499 2377 non
526 2334 745 2377 laborasse
777 2338 962 2381 constat,
999 2331 1149 2374 referri
1179 2338 1382 2387 possunt,
1425 2345 1601 2372 neeesse
1638 2337 1703 2372 est

152 2408 448 2464 intelligantur
482 2407 675 2463 proxima
713 2404 1001 2460 insequentia,
1045 2418 1154 2459 quae
1184 2418 1296 2444 anno
1326 2403 1377 2445 49
1407 2403 1556 2445 futura
1585 2409 1704 2444 erant

155 2479 380 2522 consulum
417 2479 517 2520 anni
544 2479 610 2522 48.
667 2478 818 2533 Itaque
851 2477 946 2533 ipso
981 2476 1026 2518 in
1062 2475 1286 2532 plebiscito
1324 2475 1460 2516 fuisse
1492 2473 1702 2522 existimo,

153 2550 271 2606 quod
300 2550 388 2592 Dio
417 2549 544 2592 habet
577 2551 669 2591 ὅταν
704 2551 748 2591 ἐκ
779 2553 857 2590 τῶν
890 2548 1026 2603 νόμων
1056 2549 1242 2602 καθήκῃ,
1274 2546 1447 2602 quando
1479 2561 1555 2601 per
1581 2545 1702 2600 leges

153 2623 334 2664 alterum
372 2621 411 2663 ei
451 2622 719 2664 consulatum
758 2636 906 2678 gerere
940 2619 1088 2662 liceret
1123 2618 1151 2661 i.
1183 2634 1219 2661 e.
1257 2619 1408 2661 decem
1445 2617 1567 2660 annis
1608 2623 1705 2672 post
1733 2630 1736 2635 ’

156 2694 354 2750 primum,
383 2693 459 2748 qui
488 2693 587 2735 anni
612 2693 695 2749 ipsi
714 2707 825 2734 anno
843 2692 895 2735 49
916 2691 1209 2748 explebantur,
1240 2699 1331 2732 tum
1349 2696 1397 2732 ut
1413 2687 1610 2732 Caesaris
1628 2686 1703 2730 ab·

157 2766 290 2808 sentis
316 2765 424 2807 ratio
448 2764 689 2807 haberetur.
733 2764 928 2807 Alterum
952 2763 1065 2806 enim
1086 2771 1164 2813 est,
1189 2762 1306 2818 quod
1324 2759 1524 2803 Caesaris
1543 2759 1611 2802 sui
1627 2759 1704 2802 ab·

159 2837 292 2880 sentis
318 2836 525 2879 rationem
552 2836 700 2879 haberi
729 2835 912 2887 volebat,
939 2836 984 2878 in
1013 2850 1098 2890 quo
1119 2849 1203 2876 non
1222 2834 1304 2876 hoo
1321 2839 1486 2874 tantum
1501 2831 1626 2882 inest,
1656 2838 1706 2874 ut
