1846 3100
186 122 268 166 328
605 125 660 157 De
686 125 932 167 propagatione
955 124 1100 157 civitatis
1123 124 1310 158 Romanae.

187 235 385 279 extiterit.
449 233 717 277 Libertatem
762 232 832 276 vel
875 232 1188 275 immunitatem
1233 233 1302 275 vel
1348 233 1625 279 Latinitatem
1665 235 1735 279 vel

183 307 321 364 ipsam
352 307 538 363 denique
574 305 789 349 civitatem
818 304 1095 362 accipiebant,
1125 305 1200 360 qui
1229 305 1274 348 in
1311 306 1406 363 ipso
1434 306 1614 364 imperio
1645 306 1734 350 Ro-

187 394 312 423 mano
343 378 552 423 beneficio
580 378 723 434 aliquo
754 377 876 433 digni
907 391 1002 420 esse
1035 376 1299 430 viderentur,
1328 378 1515 423 foederis
1545 379 1734 436 quidem,

183 443 270 508 quo
301 452 532 509 praecipua
558 451 698 507 aliqua
724 451 820 494 iura
845 449 1023 493 concedi
1054 450 1205 502 solent,
1236 451 1332 508 ipsa
1360 458 1512 496 natura
1533 452 1639 495 haec
1656 458 1735 502 est,

184 531 232 567 ut
258 524 342 567 nisi
370 524 438 575 iis,
469 524 545 580 qui
573 523 629 567 ad
658 522 884 580 imperium
913 522 1132 574 accedant,
1163 538 1248 566 non
1278 524 1419 567 detur.
1469 523 1616 579 Quare
1643 524 1736 566 fieri

184 604 340 654 potest,
369 604 418 639 ut
447 611 593 640 earum
624 610 734 652 quae
762 595 805 637 in
837 594 1072 652 provinciis
1101 602 1215 647 sunt,
1246 596 1467 640 civitatum
1488 595 1677 647 foedera,
1699 596 1736 639 si

186 684 295 725 quae
336 684 475 726 poena
511 669 668 726 dignae
701 683 796 711 esse
827 667 1069 718 videantur,
1109 668 1335 720 tollantur3
1372 677 1419 711 ut
1455 683 1564 725 quae
1593 668 1735 712 minus

183 741 285 784 boni
303 741 387 784 sint
402 741 521 792 iuris,
540 740 728 798 praemio
744 740 931 783 foederis
952 739 1178 791 donentur,
1192 741 1284 784 fieri
1301 756 1387 784 non
1402 747 1556 798 potest.
1585 740 1737 797 Itaque

184 813 302 870 quod
331 813 510 857 Tacitus
541 813 758 870 principes
789 813 886 855 illos
917 813 976 856 ait
998 814 1159 867 pridem
1188 813 1362 856 foedere
1386 812 1522 856 fuisse
1542 813 1736 864 donatos,

183 886 253 928 vel
292 886 348 928 ad
387 886 637 929 dictatorem
682 883 926 936 Caesarem,
961 886 1035 942 qui
1075 884 1262 928 Galliam
1291 883 1514 929 Comatam
1551 885 1736 943 subegit,

184 959 253 1001 vel
288 959 342 1002 ad
377 958 646 1015 Augustum,
679 958 752 1014 qui
784 959 902 1015 quod
940 959 1011 1001 ille
1042 959 1185 1001 facere
1221 965 1357 1000 morte
1387 957 1625 1014 prohibitus
1655 965 1736 1010 cst,

184 1032 364 1088 perfecit
404 1030 716 1087 Gallorumque
755 1031 851 1074 iura
890 1031 1120 1087 diligenter
1159 1030 1422 1087 composuit,
1462 1030 1736 1073 referendum

184 1113 261 1147 est.
321 1104 450 1147 Unde
481 1105 616 1161 igitur
645 1104 915 1160 populorum,
944 1119 1053 1160 quos
1082 1101 1244 1146 Caesar
1271 1103 1340 1146 vel
1367 1103 1596 1159 Augustus
1630 1102 1736 1146 civi-

182 1184 266 1220 tate
296 1177 487 1228 donarat,
517 1176 705 1233 cognitio
739 1176 924 1233 petenda
954 1176 1045 1219 est?
1093 1176 1163 1218 Ex
1192 1175 1335 1226 Plinii,
1362 1175 1526 1232 opinor,
1554 1174 1737 1217 naturali

183 1249 376 1300 historia,
415 1249 490 1306 qui
526 1264 624 1292 cum
662 1249 707 1291 in
747 1249 925 1305 reliquis
961 1248 1194 1304 provinciis
1229 1247 1478 1291 enarrandis
1516 1262 1602 1290 non
1633 1262 1737 1290 suae

182 1322 332 1365 aetatis
371 1322 571 1371 rationes,
610 1321 687 1364 sed
724 1321 920 1378 Augusti
958 1321 1028 1364 vel
1065 1321 1128 1362 M.
1157 1320 1380 1377 Agrippae
1411 1318 1736 1363 commentarios

183 1401 360 1451 repetat,
398 1403 489 1436 tum
524 1394 569 1436 in
607 1393 748 1437 Gallia
782 1392 963 1436 Comata
994 1393 1203 1450 quicquid
1232 1401 1329 1450 post
1369 1392 1621 1450 Augustum
1647 1398 1738 1434 erat

180 1467 438 1517 institutum,
464 1474 609 1524 aperte
632 1467 845 1523 neglexit:
878 1466 1092 1523 siquidem
1114 1465 1369 1508 Germanias
1387 1465 1473 1515 ille,
1506 1479 1616 1521 quae
1637 1471 1738 1507 tunc

183 1540 390 1583 maximae
407 1555 457 1583 ac
476 1540 794 1596 potentissimae
813 1539 1060 1596 provinciae
1079 1545 1211 1588 erant,
1233 1553 1412 1594 prorsus
1430 1537 1596 1580 silentio
1612 1551 1736 1593 prae-

182 1612 281 1654 terit
302 1627 435 1668 eaque
459 1612 561 1662 sola,
584 1627 694 1668 quae
719 1611 772 1654 ab
788 1611 995 1669 Augusto
1017 1612 1129 1654 facta
1156 1625 1251 1653 esse
1279 1616 1458 1661 constat,
1480 1624 1736 1652 commemo-

183 1692 260 1728 rat.
294 1683 363 1728 Cf.
385 1700 515 1741 supra
539 1700 580 1741 p.
615 1685 702 1727 107.
734 1685 779 1726 Is
805 1691 948 1727 autem
975 1684 1091 1738 (libr.
1110 1684 1194 1734 111,
1219 1683 1282 1734 17,
1304 1682 1378 1737 20)
1403 1681 1448 1723 in
1467 1680 1610 1725 Gallia
1635 1681 1736 1724 Bel-

184 1757 282 1812 gica
326 1764 368 1799 et
419 1757 711 1813 Lugdunensi
766 1764 968 1812 quattuor
1020 1756 1209 1799 nominat
1254 1755 1437 1812 populos
1482 1753 1736 1803 foederatos,

187 1830 424 1887 Lingones,
453 1831 627 1880 Remos,
656 1830 853 1881 Aeduos,
882 1828 1114 1880 Carnutos,
1145 1830 1190 1871 in
1220 1826 1456 1883 Aquitania
1485 1826 1626 1869 nullos
1659 1825 1735 1868 ha-

185 1904 268 1946 bet.
326 1903 388 1945 Hi
427 1904 561 1960 igitur
596 1910 696 1945 sunt
733 1902 817 1959 ipsi
858 1902 932 1952 illi,
964 1917 1148 1958 quorum
1185 1901 1400 1959 principes
1437 1899 1736 1957 imperatorem

186 1974 419 2019 Claudium
449 1977 669 2026 adierunt3
698 1991 797 2017 nam
824 1990 905 2017 nec
932 1975 1038 2017 alios
1063 1974 1174 2017 ullos
1198 1981 1297 2031 post
1316 1974 1569 2030 Augustum
1587 1975 1736 2018 foede-

183 2057 299 2092 ratos
326 2049 419 2091 fieri
450 2048 641 2105 potuisse
674 2048 864 2090 diximus
896 2054 938 2090 et
959 2047 1207 2104 Lingonum
1223 2046 1541 2102 Remorumque
1562 2047 1738 2092 foedera

183 2122 419 2178 imperante
453 2120 723 2176 Vespasiano
756 2127 1143 2163 commemorantur
1170 2119 1223 2162 ab
1256 2119 1406 2161 Tacito
1435 2118 1551 2162 Hist.
1567 2120 1647 2171 IV,
1667 2121 1735 2173 67,

185 2194 258 2249 qui
300 2194 335 2236 si
374 2192 537 2236 tamdiu
575 2192 621 2234 in
658 2199 801 2235 vetere
838 2192 1013 2234 foedere
1049 2199 1310 2242 manserunt,
1347 2199 1460 2234 certe
1498 2207 1551 2234 ne
1589 2191 1735 2235 Aedui

185 2265 359 2322 quidem
403 2272 444 2308 et
486 2263 667 2307 Carnuti
708 2265 777 2306 ius
821 2279 947 2306 suum
986 2270 1223 2306 mutarunt:
1262 2263 1308 2305 id
1345 2263 1462 2319 quod
1503 2279 1553 2308 eo
1590 2264 1734 2307 minus

186 2337 316 2380 statui
353 2337 522 2394 poterit,
559 2336 676 2393 quod
715 2335 937 2386 foederati,
970 2335 1007 2378 si
1046 2335 1101 2378 ad
1129 2335 1247 2378 aliud
1283 2336 1352 2378 ius
1391 2336 1734 2387 transferrentur,

183 2410 399 2452 civitatem
418 2410 654 2452 Romanam
680 2408 870 2465 accipere
897 2407 1101 2458 solebant,
1123 2423 1208 2464 qua
1232 2409 1286 2450 dc
1310 2424 1355 2451 re
1377 2424 1508 2465 supra
1522 2424 1564 2465 p.
1581 2409 1662 2452 316
1688 2408 1734 2451 in

185 2482 488 2526 commentario
520 2482 574 2524 de
610 2480 767 2524 tabulis
797 2480 1048 2537 Hispanicis
1085 2481 1415 2537 disputavimus,
1446 2481 1626 2524 Aeduos
1655 2495 1733 2523 au-

183 2563 268 2598 tem
300 2563 341 2597 et
375 2553 589 2596 Carnutos
627 2552 800 2595 Claudii
830 2559 966 2595 aetate
995 2568 1080 2595 non
1120 2568 1267 2596 omnes
1304 2554 1473 2596 civitate
1502 2568 1606 2596 usos
1638 2567 1733 2595 esse

183 2628 275 2683 ipse
303 2627 495 2676 Tacitus,
528 2625 602 2680 qui
633 2625 840 2681 primores
870 2625 924 2687 ab
955 2624 1077 2681 plebe
1109 2625 1361 2682 distinguat,
1392 2625 1617 2682 significat.

296 2699 589 2742 Veruntamen
631 2697 815 2740 civitatis
855 2697 1087 2747 Romanae,
1126 2712 1255 2752 quam
1285 2698 1463 2741 Tacitus
1504 2712 1603 2740 cum
1640 2697 1732 2739 foe·-

184 2770 287 2812 dere
320 2771 556 2826 coniungit,
586 2770 669 2813 alia
703 2770 831 2826 longe
861 2775 951 2811 erat
977 2769 1043 2811 vis
1077 2784 1127 2812 ac
1163 2776 1328 2812 natura.
1389 2770 1456 2812 Ea
1483 2784 1569 2811 non
1603 2769 1732 2811 modo

183 2842 355 2898 populis
386 2842 615 2893 universis,
642 2856 791 2884 verum
823 2840 949 2883 etiam
980 2841 1141 2897 passim
1173 2842 1356 2899 singulis
1383 2840 1628 2884 hominibus
1654 2841 1730 2883 da·-
