1846 3100
154 149 208 192 26
586 154 637 186 De
665 153 781 186 Gallia
808 154 1040 187 Romanorum
1068 157 1252 198 provincia.

266 261 373 304 Nam
403 278 513 306 anno
544 264 598 306 99
616 280 653 306 a.
675 262 778 306 Chr.
804 279 910 319 quas
941 265 1183 320 provincias
1213 266 1456 310 habuerunt
1484 268 1696 318 consules,

153 333 216 375 Μ.
247 334 460 378 Antonius
495 345 634 379 orator
673 344 712 379 et
740 336 795 378 A.
826 336 1075 380 Postumius
1108 338 1324 383 Albinus?
1376 341 1532 391 Illum,
1572 340 1697 383 cuius

153 407 356 449 memoria
385 408 440 450 sit
469 408 825 458 celebratissima,
863 424 915 450 ex
953 410 1210 466 scriptorum
1251 413 1417 455 silentio
1453 413 1696 468 colligimus

151 478 196 520 in
226 479 350 522 Italia
379 481 602 531 mansisse,
643 495 722 523 nec
747 481 904 537 piratas
932 481 975 523 in
1007 480 1160 526 Cilicia
1185 499 1237 526 ex
1269 485 1493 527 consulatu
1521 484 1697 534 domuit,

152 551 229 593 sed.
259 567 312 593 ex
342 561 555 609 praetura,
594 553 887 610 proconsulari
929 561 1070 597 tamen
1114 556 1291 612 imperio
1327 564 1515 599 ornatus.
1584 554 1698 598 Cum

153 624 265 666 enim
293 641 319 668 a
350 623 442 667 Cic.
475 626 528 668 de
559 633 664 668 orat.
690 625 734 675 Ι,
770 627 818 668 18
846 641 921 682 pro
949 629 1122 670 consule
1154 629 1408 685 appelletur,
1449 629 1565 685 apud
1595 627 1697 670 Liv.

152 697 251 753 epit.
272 697 474 741 LXVIII
502 706 671 754 praetor
700 706 888 740 vocatur.
926 699 995 742 De
1026 700 1157 743 altero
1179 716 1265 744 cos.
1295 716 1392 743 cum
1419 700 1526 743 nihil
1550 708 1698 743 notum

153 768 220 819 sit,
254 769 436 826 Pighius
466 771 623 813 Annal.
643 771 712 812 III
740 787 780 827 p.
801 772 878 814 178
907 786 1004 814 eum
1024 772 1306 816 Macedoniae
1333 773 1570 830 praefuisse
1596 787 1698 815 con-

150 841 252 883 iicit.
293 842 508 898 Equidem
539 858 619 885 nec
646 842 810 886 affirmo
828 844 1058 900 quicquam
1077 853 1117 887 et
1146 853 1362 888 externam
1389 846 1573 901 aliquam
1599 859 1698 902 pro-

152 914 336 957 vinciam
367 931 465 957 eum
495 915 733 958 obtinuisse
761 915 977 973 probabile
995 932 1090 959 esse
1108 917 1249 960 video.
1289 916 1540 973 Insequenti
1555 923 1699 959 autem

151 1002 262 1028 anno
291 986 343 1030 Τ.
372 988 556 1030 Didium
600 996 765 1031 constat
794 989 1046 1045 Hispaniam
1083 990 1322 1032 citeriorem
1358 989 1521 1032 rexisse
1551 990 1569 1045 (
1579 988 1614 1030 F
1617 995 1696 1030 ast.

149 1059 366 1115 triumph„
389 1059 500 1103 Gell.
518 1061 577 1111 Π,
596 1062 647 1105 ‘27
662 1078 673 1112 3
691 1062 804 1103 Plut.
825 1062 935 1103 Sert.
951 1076 987 1103 c.
1004 1062 1049 1111 33
1076 1061 1176 1104 Liv.
1197 1063 1295 1119 epit.
1313 1062 1425 1112 LX3
1458 1059 1697 1104 Comment.

151 1132 370 1188 epigraph.
398 1132 494 1175 Vol.
525 1133 572 1175 II
605 1150 643 1189 p.
682 1133 808 1187 171),
850 1134 964 1175 unde
999 1134 1207 1191 collegam
1248 1135 1340 1177 eius
1373 1134 1428 1188 Q.
1459 1132 1697 1176 Caecilium

151 1203 375 1246 Metellum
393 1204 617 1261 Nepotem,
646 1206 699 1247 de
730 1220 815 1261 quo
847 1212 1023 1256 tacetur,
1051 1206 1198 1249 Italiae
1229 1207 1466 1263 praefuisse
1493 1204 1697 1259 intelligi·
1737 1241 1746 1245 .,

154 1291 263 1318 mus.
317 1277 512 1333 Itemque
549 1277 741 1333 proximo
778 1277 948 1320 biennio
987 1278 1151 1321 divisae
1184 1279 1387 1321 videntur
1424 1278 1560 1320 fuisse
1601 1291 1697 1332 pro-

153 1349 332 1399 vinciae,
363 1358 410 1391 ut
444 1366 554 1392 anno
586 1352 637 1394 97
664 1351 715 1393 P.
744 1350 942 1392 Licinius
961 1350 1147 1393 Crassus
1170 1351 1425 1408 Hispaniam
1454 1349 1698 1409 ulteriorem

154 1420 329 1463 haberet
358 1422 495 1475 (Fast.
523 1423 738 1479 triumph„
767 1423 926 1465 Ascon.
957 1423 1001 1464 in
1019 1423 1166 1465 Pison.
1197 1439 1237 1479 p.
1258 1423 1306 1465 14
1330 1421 1584 1476 ed.Orell.),
1617 1414 1713 1462 Cn.-

153 1492 380 1536 Cornelius
409 1494 624 1537 Lentulus
652 1495 832 1544 Italiam,
861 1510 970 1537 anno
1002 1496 1056 1538 96
1088 1493 1169 1537 Cn.
1200 1495 1418 1537 Domitius
1443 1493 1698 1537 Ahenobar-

152 1565 233 1608 bus
265 1574 306 1607 et
336 1565 389 1608 L.
420 1565 600 1610 Cassius
632 1567 872 1624 Longinus,
905 1568 958 1609 de
984 1567 1142 1622 quibus
1173 1576 1349 1617 tacetur,
1383 1566 1577 1609 similiter
1604 1579 1695 1607 sor-

152 1639 345 1680 tirentur.
421 1640 481 1681 At
523 1640 575 1682 de
616 1641 715 1683 anni
753 1641 805 1683 95
845 1639 1095 1682 consulibus
1133 1639 1297 1695 plenior
1328 1638 1453 1681 nobis
1496 1637 1700 1680 memoria

153 1719 361 1766 superest.
438 1711 545 1753 Nam
587 1712 642 1766 Q.
687 1713 886 1754 Mucium
929 1711 1182 1754 Scaevolam
1227 1711 1356 1754 tradit
1395 1710 1612 1752 Asconius
1654 1709 1700 1751 in

150 1783 295 1825 Pison.
324 1799 366 1839 p.
389 1784 434 1824 15
451 1782 584 1825 Orell.
610 1785 887 1840 provinciam,
906 1799 959 1826 ne
977 1784 1094 1826 oneri
1112 1790 1224 1826 esset
1241 1783 1416 1832 aerario,
1433 1781 1698 1838 deposuisse,

151 1856 267 1897 unde
299 1856 335 1898 ei
367 1871 419 1898 ex
449 1872 566 1898 more
604 1865 821 1899 externam
853 1857 1038 1911 aliquam
1067 1855 1327 1912 provinciam
1360 1855 1428 1896 vel
1467 1853 1698 1896 decernen-

151 1927 250 1969 dam
278 1928 413 1970 fuisse
445 1929 512 1971 vel
544 1929 760 1971 decretam
788 1943 883 1972 esse
911 1929 1205 1983 intelligimus,
1238 1927 1328 1977 sed,
1357 1941 1455 1968 cum
1485 1924 1699 1968 consulari

152 2000 343 2042 exercitu
371 2000 415 2041 in
440 2000 557 2042 nulla
586 2016 694 2056 opus
726 2017 820 2044 esse
852 2001 1015 2043 videret
1056 2004 1180 2054 (nam
1220 1998 1334 2041 domi
1365 1998 1556 2053 forisque
1595 2003 1698 2038 tunc

151 2073 473 2128 pacem,fuisse
512 2073 570 2115 ait
605 2071 768 2129 Obseq.
808 2088 844 2115 c.
884 2073 990 2129 110)
1027 2073 1188 2114 Romae
1226 2071 1448 2113 mansisse.
1522 2067 1699 2111 Diversi

98 2160 100 2162 ’
150 2145 315 2200 ingenii
345 2153 435 2187 erat
461 2146 624 2202 collega
641 2146 733 2188 eius
751 2145 805 2187 L.
822 2145 1021 2187 Licinius
1040 2142 1242 2193 Crassus,
1275 2142 1350 2198 qui
1374 2157 1471 2184 cum
1496 2139 1699 2196 triumphi

152 2217 384 2272 cupiditate
409 2216 622 2273 flagraret,
649 2217 693 2258 in
719 2217 912 2258 citeriore
928 2216 1081 2266 Gallia,
1107 2230 1234 2270 quam
1264 2213 1453 2270 regebat,
1488 2211 1699 2267 quosdam

153 2289 330 2345 Alpium
357 2289 531 2339 incolas,
558 2289 633 2345 qui
660 2289 946 2331 Romanorum
975 2303 1103 2344 agros
1128 2286 1399 2335 infestabant,
1428 2291 1697 2328 consectatus

152 2361 338 2402 domuit:
385 2369 476 2403 tum
515 2362 642 2403 rediit
682 2361 1032 2416 triumphumque
1072 2360 1125 2402 ab
1158 2367 1307 2401 senatu
1347 2358 1466 2414 petiit
1499 2353 1611 2412 (Cic.
1641 2355 1696 2397 de

150 2434 310 2475 invent.
338 2433 407 2483 ΙΙ,
443 2434 492 2476 37
507 2434 537 2488 ).
613 2433 679 2474 Ex
714 2433 780 2475 his
813 2448 915 2475 cave
956 2432 1154 2487 colligas,
1198 2430 1383 2473 Galliam
1422 2429 1555 2472 solam
1596 2437 1699 2471 tunc

153 2503 302 2548 Crassi
331 2507 467 2548 fuisse
494 2505 771 2561 provinciam,
799 2505 995 2560 quamvis
1024 2503 1119 2546 Val.
1151 2502 1269 2545 Max.
1299 2501 1381 2551 III,
1411 2502 1451 2551 7,
1477 2502 1503 2544 6
1529 2516 1629 2543 eum
1658 2509 1700 2544 et

153 2577 338 2620 Galliam
376 2578 613 2620 obtinuisse
653 2586 694 2619 et
723 2593 775 2619 ex
806 2576 1030 2619 consulatu
1061 2574 1300 2617 obtinuisse
1343 2574 1510 2616 referat.
1568 2572 1700 2627 Quod

151 2657 382 2706 utrumque
429 2650 588 2692 falsum
629 2658 705 2692 est.
776 2649 948 2690 Etenim
992 2647 1238 2702 ademptum
1279 2646 1317 2689 ei
1355 2660 1450 2687 esse
1495 2644 1699 2700 triumphi

152 2722 356 2764 honorem
383 2738 408 2764 a
438 2722 604 2778 collega
633 2730 775 2763 narrat
806 2719 898 2763 Cic.
928 2721 971 2762 in
996 2720 1084 2762 Pis.
1116 2719 1182 2767 26,
1218 2718 1263 2760 id
1291 2717 1408 2773 quod
1434 2717 1493 2759 ita
1519 2716 1700 2772 explicat

152 2794 396 2844 Asconius,
441 2809 541 2837 cum
570 2794 623 2836 L.
654 2792 840 2836 Crassus
881 2793 1112 2849 plurimum
1151 2792 1193 2833 in
1239 2799 1389 2833 senatu
1426 2790 1584 2832 valeret
1620 2803 1699 2830 nec

153 2865 336 2908 dubium
369 2866 601 2917 videretur,
631 2866 734 2922 quin
767 2875 907 2923 patres
938 2865 975 2908 ei
1006 2864 1271 2920 triumphum
1301 2870 1444 2906 essent
1473 2860 1699 2910 decreturi,
