1846 3100
163 132 217 174 88
602 132 655 164 De
683 131 797 165 Gallia
822 133 1056 165 Romanorum
1087 133 1273 175 provincia.

162 242 329 286 absenti
359 249 504 299 petere
527 242 688 292 liceret,
719 255 870 284 verum
901 240 1028 283 etiam
1055 247 1103 282 ut
1122 242 1381 298 reipublicae
1397 258 1527 286 causa
1544 244 1713 287 absenti

162 322 205 358 et
226 314 454 371 imperium
475 314 675 356 retinenti
696 321 738 356 et
754 313 996 370 provincias
1014 314 1193 369 regenti.
1233 314 1382 371 Neque
1403 316 1529 366 enim,
1547 317 1713 373 opinor,

161 387 231 430 lex
263 394 528 442 praesentem
559 386 747 442 profiteri
771 385 950 428 iubebat
982 392 1151 442 propter
1178 389 1392 442 quandam
1421 389 1489 431 vel
1515 389 1714 431 consula·

163 467 234 502 tus
277 459 346 502 vel
382 459 531 516 populi
565 459 747 502 Romani
783 459 1044 501 maiestatem
1085 449 1212 514 atque
1249 460 1595 516 amplitudinem,
1637 461 1714 503 sed

163 546 256 574 eam
285 531 340 574 ob
369 546 556 582 causam,
588 546 641 574 ne
673 531 1024 574 continuarentur
1052 538 1296 587 potestates.
1346 532 1547 588 Ineptum
1573 539 1716 575 autem

163 611 265 654 erat,
295 601 486 653 Caesari,
517 604 641 647 cuius
666 603 894 660 imperium
921 618 974 646 ex
996 603 1094 659 lege
1116 604 1328 646 consulari
1353 620 1465 647 anno
1489 604 1543 646 50
1564 604 1715 654 exiret,

161 676 244 718 hoc
284 675 402 726 dari,
442 682 491 717 ut
530 676 749 718 absentem
788 683 930 731 petere
968 675 1116 718 liceret
1155 679 1314 732 (neque
1346 677 1392 719 id
1424 677 1460 719 si
1488 676 1716 732 imperium

164 747 435 804 deposuisset
469 754 543 790 aut
576 747 720 804 magni
760 747 934 790 fecisset
960 755 1034 790 aut
1062 761 1148 789 non
1177 748 1270 805 ipse
1300 763 1504 804 praesens
1533 748 1716 805 gratiam

163 820 301 876 plebis
339 819 544 876 colligere
582 819 848 874 maluisset),
891 819 974 862 nisi
1016 820 1261 877 prorogatio
1301 820 1429 863 simul
1468 820 1715 877 provinciae

163 892 482 935 concederetur.
528 892 648 934 Haec
677 892 813 948 igitur
838 893 1083 948 prorogatio
1109 893 1153 934 in
1179 892 1402 949 plebiscito
1427 892 1498 934 illo
1527 893 1594 935 vel
1620 893 1715 949 ipsa

164 964 400 1022 perscripta
441 971 530 1007 erat
569 964 638 1006 vel
677 971 791 1006 certe
828 964 887 1006 ita
924 964 1267 1021 intelligebatur,
1314 972 1362 1007 ut
1401 964 1589 1007 dubitari
1627 980 1711 1007 non

162 1043 323 1093 posset.
380 1035 527 1092 Atque
564 1036 647 1078 hoc
684 1043 749 1078 est
787 1037 1024 1090 beneficium
1061 1037 1169 1079 illud
1194 1041 1362 1091 populi,
1410 1037 1527 1092 quod
1566 1037 1712 1087 adimi,

163 1109 247 1151 hoc
280 1115 496 1150 semenstre
533 1112 773 1162 imperium,
814 1109 932 1164 quod
966 1124 1020 1151 ex
1054 1109 1233 1166 imperio
1263 1125 1342 1152 suo
1372 1109 1478 1165 eripi
1506 1109 1713 1164 queritur,

163 1182 366 1224 nimirum
395 1181 455 1230 id,
485 1181 602 1236 quod
629 1180 683 1223 ab
711 1181 885 1223 ineunte
914 1182 1004 1225 Ian.
1035 1182 1134 1223 anni
1165 1182 1231 1232 49,
1263 1197 1361 1224 cum
1387 1181 1559 1224 tandem
1587 1181 1716 1224 dece-

165 1254 267 1296 dere
295 1254 443 1296 iussus
474 1260 559 1304 est,
600 1253 796 1295 futurum
836 1261 926 1296 erat
967 1253 1022 1296 ad
1052 1254 1223 1296 comitia
1251 1254 1493 1296 consularia
1521 1253 1716 1296 eiusdem

165 1327 286 1377 anni,
328 1341 437 1382 quae
479 1325 650 1368 comitia
686 1333 790 1367 tunc
825 1325 967 1368 medio
1003 1326 1092 1368 fere
1124 1341 1235 1368 anno
1265 1325 1412 1368 haberi
1443 1325 1718 1368 consuevisse

167 1414 296 1455 supra
335 1396 555 1440 Ciceronis
594 1397 835 1440 testimonio
875 1397 1117 1440 docuimus.
1189 1398 1259 1440 De
1299 1413 1384 1454 quo
1423 1398 1600 1454 imperio
1639 1413 1719 1440 nec

165 1472 262 1527 lege
287 1470 501 1513 consulari
529 1470 885 1526 comprehensum
913 1470 1049 1512 fuisse
1078 1470 1268 1512 omnium
1291 1478 1514 1513 auctorum
1537 1485 1718 1513 consen-

167 1559 242 1585 sus
272 1542 459 1585 ostendit
488 1557 569 1585 nec
596 1542 715 1599 loqui
746 1550 887 1585 tamen
917 1549 1065 1599 posset
1097 1540 1271 1592 Caesar,
1302 1542 1387 1584 nisi
1419 1542 1560 1598 aliquo
1590 1542 1719 1584 modo

167 1616 387 1659 decretum
425 1614 660 1657 habuisset.
715 1614 854 1670 quue
895 1614 1022 1657 etiam
1061 1614 1229 1670 planius
1270 1629 1323 1656 ex
1358 1614 1412 1656 iis
1447 1614 1718 1671 perspicitur,

166 1703 275 1743 quae
302 1686 457 1729 deinde
481 1687 535 1729 de
561 1701 611 1729 eo
637 1686 862 1743 plebiscito
890 1693 985 1729 acta
1010 1693 1123 1736 sunt,
1151 1701 1260 1742 quae
1286 1685 1423 1728 omnis
1450 1685 1550 1728 belli
1579 1686 1719 1729 civilis

167 1760 435 1802 occasionem
474 1758 775 1815 praebuerunt.
845 1758 956 1800 Nam
999 1773 1098 1801 cum
1141 1765 1323 1801 exeunte
1368 1758 1595 1801 consulatu
1638 1773 1718 1800 suo

166 1832 401 1889 Pompeius
435 1831 488 1873 de
516 1831 610 1874 iure
640 1831 968 1888 magistratuum
999 1831 1140 1887 legem
1172 1831 1362 1881 tulisset,
1395 1845 1502 1886 qua,
1532 1845 1585 1873 ne
1615 1845 1719 1872 con-

167 1905 437 1948 tinuarentur
464 1911 716 1961 potestates,
756 1912 798 1946 et
826 1910 1071 1959 praesentes
1100 1917 1271 1953 omnes,
1307 1903 1335 1944 i.
1361 1918 1399 1946 e.
1427 1909 1554 1945 exuto
1582 1902 1720 1959 magi-

169 1986 320 2028 stratu,
362 1978 552 2034 privatos
591 1983 736 2032 petere
779 1975 1051 2018 consulatum
1092 1983 1133 2017 et
1171 1975 1462 2031 quinquennio
1493 1981 1592 2031 post
1622 1989 1720 2017 eum

169 2050 412 2107 provincias
442 2048 584 2092 sortiri
610 2048 757 2099 iussit,
798 2063 900 2090 casu
931 2047 1106 2098 accidit,
1140 2055 1189 2090 ut
1217 2045 1445 2090 Caesarem
1474 2047 1718 2090 nominatim

170 2123 367 2178 excipere
405 2120 754 2169 oblivisceretur,
795 2134 975 2175 seroque
1005 2135 1050 2162 re
1081 2119 1380 2162 animadversa
1406 2126 1533 2174 atque
1562 2133 1586 2160 a
1610 2116 1720 2162 Cae-

171 2195 278 2237 saris
307 2193 454 2236 amicis
484 2192 755 2249 reprehensa,
783 2199 1010 2248 postquam
1036 2192 1106 2234 lex
1133 2191 1217 2234 iam
1245 2192 1288 2233 in
1317 2194 1530 2236 aerarium
1551 2189 1722 2232 condita

171 2273 274 2316 erat,
306 2280 494 2308 errorem
521 2265 754 2320 corrigeret
786 2261 926 2319 (Suet.
950 2261 1075 2306 Caes.
1099 2279 1134 2305 c.
1154 2263 1228 2313 ‘283
1258 2263 1346 2306 Dio
1364 2261 1488 2305 Cass.
1506 2262 1611 2312 XL,
1633 2261 1719 2317 56).

170 2338 319 2392 Quare
349 2336 559 2380 dubitatio
590 2335 800 2392 quaedam
829 2335 1012 2378 existere
1043 2342 1220 2392 poterat,
1251 2351 1304 2377 an
1320 2334 1595 2390 plebiscitum
1612 2334 1720 2376 illud

171 2410 355 2467 amplius
396 2424 474 2466 pro
509 2415 600 2451 rato
638 2407 885 2450 habendum
924 2414 1059 2458 esset,
1101 2422 1227 2462 quam
1259 2405 1420 2450 Caesar
1455 2413 1503 2447 ut
1541 2406 1720 2456 tolleret,

171 2482 224 2525 ab
263 2490 414 2525 senatu
453 2496 562 2524 anno
591 2481 640 2523 51
673 2480 820 2536 petiit,
857 2489 904 2522 ut
935 2486 1102 2536 praeter
1128 2479 1237 2534 legis
1268 2479 1506 2521 consularis
1537 2478 1719 2535 spatium

171 2570 403 2611 parumper
439 2554 521 2597 sibi
557 2553 785 2611 imperium
821 2553 890 2595 vel
918 2552 1146 2594 universae
1180 2549 1346 2593 Galliae
1379 2550 1448 2592 vel
1476 2550 1610 2606 partis
1641 2549 1719 2592 ali-

173 2628 297 2669 cuius
325 2633 628 2683 prorogaretur
654 2626 790 2682 (App.
808 2623 906 2667 bell.
929 2624 1010 2666 civ.
1027 2624 1086 2673 11,
1112 2624 1200 2678 25),
1228 2622 1429 2665 nimirum
1455 2630 1503 2663 ut
1527 2621 1580 2664 ab
1606 2619 1718 2663 Idib.

172 2698 282 2741 Nov.
311 2699 410 2742 anni
438 2699 492 2742 50
522 2713 661 2754 usque
690 2696 745 2740 ad
773 2696 943 2739 comitia
972 2696 1214 2738 consularia
1243 2695 1342 2737 anni
1374 2694 1426 2736 49
1457 2693 1720 2749 provinciam

172 2771 355 2814 retinere
381 2785 431 2813 ac
460 2777 550 2812 tum
579 2770 798 2813 absentem
827 2774 972 2825 petere
1005 2769 1275 2810 consulatum
1300 2766 1461 2809 liceret.
1520 2762 1609 2806 Sed
1641 2762 1718 2806 ob-

175 2843 281 2886 stitit
302 2841 501 2886 Caesaris
527 2840 763 2885 condicioni
792 2840 853 2883 M.
872 2839 1103 2882 Marcellus
1130 2839 1294 2889 consul,
1324 2838 1398 2895 qui
1421 2851 1516 2880 cum
1535 2835 1718 2878 maximo
