1846 3100
212 154 294 198 336
631 156 685 188 De
709 156 958 198 propagatione
982 155 1130 188 civitatis
1154 155 1340 190 Romanae.

215 264 444 322 significat,
486 278 584 306 cum
623 261 843 319 propagati
885 268 1002 305 extra
1043 261 1366 307 Narbonensem
1407 264 1514 307 iuris
1550 264 1760 308 honorum

211 352 348 379 unum
379 336 462 378 hoc
492 335 735 392 exemplum
764 334 972 385 nominat3
1003 335 1160 391 quodsi
1185 335 1310 392 plura
1328 336 1526 388 fuissent,
1559 344 1602 380 et
1619 338 1758 380 minor

212 409 386 452 omnino
413 409 458 451 in
490 415 639 452 senatu
666 407 877 450 dubitatio
899 407 1082 450 existere
1107 406 1257 450 debuit
1291 415 1333 450 et
1357 416 1472 451 tanta
1493 409 1760 466 imperatoris

213 488 565 538 argumentorum
597 481 842 531 auctoritas,
872 486 1074 536 quantam
1106 480 1229 523 silere
1258 495 1344 523 non
1369 489 1527 538 posset.

328 554 396 597 De
441 554 618 610 reliquis
665 562 807 597 autem
854 552 1086 609 provinciis
1128 552 1234 608 quid
1279 555 1550 597 statuemus?
1599 554 1761 597 Earum

212 626 359 670 Italiae
389 634 430 669 et
458 627 542 669 situ
570 634 612 669 et
635 626 729 669 iure
753 625 946 682 proxima
972 631 1037 668 est
1064 622 1224 675 Sicilia,
1253 626 1377 669 cuius
1403 626 1596 670 condicio
1622 626 1760 683 qualis

214 698 296 742 sub
327 699 656 755 imperatoribus
684 698 812 741 fuerit
840 712 1098 754 magnopere
1125 697 1359 740 dolendum
1378 706 1442 741 est
1465 714 1642 756 prorsus
1666 714 1761 742 esse

212 772 459 815 obscurum.
519 770 604 814 Cui
645 771 763 827 quod
799 770 982 813 dictator
1023 767 1184 813 Caesar
1222 770 1410 813 tribuero
1447 772 1652 823 voluerat,
1690 772 1759 814 ius

211 844 341 894 Latii,
371 859 456 887 non
489 859 583 886 esse
621 843 674 886 ab
706 841 910 900 Augusto
940 850 1240 885 conservatum
1271 844 1457 886 ostendit
1489 843 1660 887 Plinius
1692 859 1759 887 se-

213 917 390 973 paratim
427 916 583 959 Latina
622 915 781 972 oppida
819 923 859 958 et
899 915 1175 972 stipendiaria
1212 931 1480 959 enumerans.
1540 914 1628 960 Sed
1661 931 1760 959 cum

213 989 363 1031 civitas
390 988 622 1031 liberaliter
648 988 853 1045 paulatim
884 994 1003 1030 extra
1029 988 1197 1031 Italiam
1230 995 1548 1046 propagaretur,
1577 988 1758 1032 dubium

211 1077 298 1104 non
330 1069 408 1111 est,
448 1061 550 1116 quin
586 1060 797 1118 imprimis
830 1058 1000 1103 Siciliae
1029 1061 1136 1103 ratio
1177 1062 1230 1104 sit
1260 1061 1417 1104 habita.
1477 1061 1575 1104 Hoc
1605 1069 1761 1111 autem,

214 1135 268 1177 de
299 1150 383 1189 quo
414 1134 700 1190 disputamus,
730 1134 941 1176 honorum
970 1134 1037 1176 ius
1066 1134 1120 1176 iis
1155 1134 1323 1177 civibus
1354 1133 1678 1190 Romanis‚,qui
1709 1148 1761 1176 ex

215 1205 362 1250 Sicilia
400 1207 570 1249 oriundi
607 1214 763 1257 essent,
805 1221 891 1248 non
926 1207 1059 1249 multo
1096 1213 1195 1263 post
1223 1206 1474 1263 Augustum
1511 1221 1759 1249 concessum

172 1285 174 1287 ’
213 1295 308 1322 esse
337 1280 631 1336 intelligimus.
674 1279 845 1322 Etenim
879 1279 966 1321 Dio
995 1279 1095 1330 LII,
1128 1279 1181 1322 42
1211 1279 1265 1321 de
1297 1286 1469 1322 senatus
1498 1278 1760 1330 recensione,

212 1367 339 1407 quam
366 1352 596 1408 Augustus
626 1352 823 1403 instituit,
854 1353 1043 1395 referens
1073 1352 1227 1394 vetitos
1256 1367 1350 1394 esse
1379 1350 1527 1394 scribit
1545 1357 1761 1394 senatores

212 1425 336 1467 Italia
368 1425 574 1468 excedere
603 1425 772 1468 iniussu
803 1425 1086 1481 imperatoris,
1125 1432 1217 1466 tum
1257 1424 1318 1467 sic
1348 1423 1511 1480 pergit:
1545 1425 1612 1466 καὶ
1642 1427 1760 1466 τοῦτο

213 1500 280 1539 καὶ
311 1500 435 1554 δεῦρο.
464 1500 528 1539 ἀεὶ
561 1500 822 1554 φυλάσσεται.
880 1497 989 1552 [Ιλὴν
1024 1498 1099 1553 γὰρ
1133 1498 1193 1538 ὅτι
1225 1498 1266 1542 ἐς
1306 1513 1349 1538 τε
1378 1497 1448 1552 τὴν
1479 1496 1665 1538 Σικελίαν
1695 1497 1762 1539 καὶ

215 1571 255 1615 ἐς
294 1571 362 1625 τὴν
405 1569 607 1611 Γαλατίαν
650 1571 720 1624 τὴν
759 1572 850 1626 περὶ
888 1569 1093 1626 Νάρβωνα
1133 1569 1343 1624 οὐδαμόσε
1376 1570 1526 1612 ἄλλοσε
1558 1571 1762 1625 βουλευτῇ

214 1643 481 1698 ἀποδημῆσαι
512 1643 674 1689 ἔξεστιν.
721 1641 845 1696 Quae
872 1643 945 1698 qui
968 1650 1166 1685 accurate
1189 1641 1550 1699 interpretabitur,
1568 1640 1762 1698 Augusti

213 1722 402 1771 tempore
436 1713 626 1757 Siciliam
657 1715 849 1757 nondum
883 1714 1151 1757 senatoribus
1182 1716 1428 1771 permissam
1461 1729 1554 1757 esse
1584 1712 1770 1763 videbit„

213 1795 256 1830 at
293 1787 484 1844 patuisse
527 1802 638 1830 anno
679 1788 762 1837 49,
787 1802 884 1830 cum
921 1787 1213 1830 Narbonensis
1244 1787 1464 1844 provincia
1493 1787 1761 1836 adficeretur,

214 1859 391 1903 Tacitus
433 1875 497 1911 ρο,
536 1860 610 1916 qui
650 1875 780 1917 supra
821 1860 975 1902 citatus
1018 1867 1095 1911 est,
1133 1861 1227 1903 loco
1266 1866 1421 1902 narrat.
1476 1860 1588 1902 Uter
1629 1858 1763 1915 igitur

215 1933 403 1975 Siciliam
436 1933 623 1983 admisit,
656 1933 857 1975 Tiberius
897 1949 949 1976 an
989 1931 1218 1989 Caligula?
1270 1932 1378 1975 Nam
1417 1947 1497 1975 nec
1527 1930 1760 1974 Claudium

217 2006 415 2047 existimo
442 2013 615 2062 propter
645 2021 737 2048 eam
767 2020 953 2056 causam,
981 2020 1110 2061 quam
1134 2011 1229 2047 ante
1255 2005 1391 2055 attuli,
1411 2019 1490 2046 nec
1507 2001 1760 2059 Augustum

216 2093 294 2120 sua
321 2078 462 2134 ipsum
490 2079 684 2121 instituta
713 2086 900 2121 mutasse
931 2076 1151 2134 probabile
1189 2084 1265 2118 est.
1318 2076 1468 2133 Neque
1502 2076 1557 2118 de
1584 2075 1758 2118 Tiberio

215 2150 358 2207 credo,
392 2150 464 2205 qui
506 2151 540 2192 si
576 2151 804 2206 quiequam
845 2150 1055 2192 eiusmodi
1087 2149 1272 2198 fecisset,
1305 2154 1708 2191 commemoraretur
1735 2161 1761 2189 a

215 2221 380 2264 Tacito.
433 2223 707 2278 Relinquitur
743 2221 955 2279 Caligula,
994 2222 1068 2278 qui
1104 2222 1232 2272 idem,
1269 2236 1367 2264 eum
1397 2220 1759 2278 peregrinationes

215 2294 256 2335 in
291 2295 482 2338 Siciliam
514 2295 788 2352 permitteret,
818 2295 934 2351 ipsos
964 2292 1132 2336 Siculos
1168 2294 1222 2335 ab
1256 2301 1404 2336 senatu
1433 2292 1660 2350 prohibere
1686 2291 1760 2334 vix

214 2374 392 2423 poterat.
449 2366 550 2410 Scio
593 2367 790 2423 equidem
835 2367 993 2409 liberae
1032 2366 1388 2422 peregrinationis
1427 2371 1678 2422 potestatem
1719 2370 1761 2405 et

213 2440 282 2482 ius
313 2440 522 2482 honorum
556 2455 641 2482 non
669 2454 764 2482 esse
790 2439 1032 2482 necessario
1061 2439 1173 2480 inter
1192 2454 1237 2481 se
1261 2438 1485 2480 coniuncta
1506 2451 1643 2493 neque
1664 2450 1759 2479 esse

215 2513 402 2554 ostendit
431 2513 529 2564 Dio,
560 2513 633 2568 qui
664 2513 746 2555 hoc
779 2512 846 2554 vel
884 2511 1052 2554 sublato
1083 2511 1150 2553 vel
1177 2510 1374 2553 omnibus
1403 2509 1570 2553 civibus
1600 2509 1759 2565 imper-

214 2585 291 2627 tito
316 2585 431 2627 illam
464 2593 603 2627 tamen
632 2585 787 2627 iisdem
811 2583 983 2627 Siciliae
1009 2591 1050 2626 et
1079 2583 1373 2626 Narbonensis
1398 2582 1556 2625 finibus
1575 2582 1759 2624 circum-

215 2657 415 2713 scriptam
446 2658 582 2700 fuisse
612 2658 763 2700 refert:
798 2657 873 2699 sed
896 2663 996 2698 sunt
1022 2663 1161 2698 tamen
1189 2664 1302 2698 certe
1322 2655 1395 2698 illa
1415 2655 1526 2697 inter
1551 2669 1595 2697 se
1615 2653 1759 2696 affinia

214 2744 293 2771 nec
322 2730 357 2771 si
383 2730 660 2786 imperatores
689 2730 811 2771 etiam
832 2735 979 2785 postea
1000 2728 1173 2783 reliquis
1193 2728 1423 2784 provinciis
1449 2727 1760 2769 interdixerunt

216 2803 485 2845 senatoribus
523 2810 693 2858 propter
731 2817 824 2844 eam
862 2815 1058 2851 causam,
1107 2801 1221 2856 quod
1263 2808 1304 2842 et
1343 2814 1445 2842 suae
1485 2807 1526 2842 et
1563 2798 1759 2855 publicae

216 2875 455 2917 securitatis
488 2874 624 2931 gratia
650 2874 733 2917 nisi
762 2887 870 2929 quae
904 2888 1078 2929 prorsus
1101 2879 1250 2929 pacata
1283 2878 1440 2923 essent,
1478 2871 1533 2914 ab
1564 2871 1617 2914 iis
1650 2869 1759 2913 obiri
