1846 3100
6 2674 24 2754 2:oe

566 150 620 182 De
646 149 761 182 Gallia
789 149 1023 182 Romanorum
1053 151 1238 193 provincia.
1596 149 1670 192 131

129 270 260 312 supra
288 255 492 306 diximus,
523 269 652 312 quem
679 256 762 298 hoc
788 256 881 298 loco
909 256 1101 313 legatum
1129 257 1291 300 Tiberii
1319 257 1574 301 Germaniae
1603 274 1676 301 su-

131 327 311 384 perioris
342 328 546 384 appellari
576 335 750 385 apparet
760 345 770 377 ;
808 343 906 370 nam
937 335 979 370 et
1005 337 1237 384 utrumque
1269 330 1518 381 exercitum,
1549 347 1677 387 quem

129 399 306 442 Tacitus
336 400 439 442 dicit
461 400 655 443 adversis
685 400 910 442 itineribus
936 415 1034 443 esse
1063 401 1294 452 obiectum,
1321 410 1486 444 certum
1510 411 1677 446 estnon

129 487 256 528 posse
289 486 384 514 esse
411 472 495 514 nisi
524 487 648 524 eum,
690 473 765 529 qui
794 474 838 515 in
866 473 1063 516 inferiore
1095 481 1136 515 et
1166 473 1347 516 alterum
1376 475 1450 530 qui
1475 475 1521 517 in
1549 491 1677 532 supe-

127 544 240 587 riore
269 543 501 587 Germania
527 551 629 594 erat,
659 550 701 587 et
723 544 952 587 Visellium
979 546 1154 601 quidem
1177 546 1435 590 Germaniae
1463 548 1677 591 inferioris

127 616 319 672 legatum
348 616 484 659 fuisse
516 616 645 659 modo
677 616 880 659 vidimus.
933 617 1053 660 [dem
1078 625 1221 661 autem
1251 617 1301 661 C.
1323 617 1458 662 Silius
1486 635 1597 662 anno
1624 621 1677 663 24

127 704 170 744 p.
200 686 324 739 Chr„
362 689 480 744 quod
519 704 571 730 ex
607 689 756 731 amicis
796 687 1043 732 Germanici
1079 691 1261 732 maxime
1298 690 1471 733 Tiberio
1509 692 1676 735 invisus

131 767 243 811 erat,
278 760 511 803 maiestatis
548 769 776 803 accusatus
817 768 894 803 est.
949 762 1019 804 De
1049 777 1099 804 eo
1131 763 1194 805 sic
1220 763 1351 805 refert
1378 762 1555 806 Tacitus
1583 764 1677 806 An-

125 832 208 874 nal.
234 832 313 883 IV,
349 833 396 876 18
427 835 617 874 amicitia
643 825 888 885 Germanici
905 836 1137 886 perniciosa
1164 838 1330 888 utrique
1360 833 1489 890 (Silio
1505 843 1547 878 et
1562 835 1677 878 Titio

128 903 333 960 Sabino),
373 907 476 946 Silio
505 912 543 946 et
573 907 681 959 quod
710 908 889 959 ingentis
919 908 1121 947 ezercitus
1153 914 1298 959 septem
1324 921 1400 960 per
1425 922 1557 950 annos
1589 923 1676 949 mo-

127 978 292 1018 derator
323 980 538 1030 partisque
575 979 690 1030 apud
721 981 990 1019 Germaniam
1030 981 1351 1032 triumphalibus
1389 983 1681 1022 Sacroviriani

127 1049 221 1090 belli
268 1052 398 1090 victor
434 1049 580 1105 (erat)
617 1074 672 1079 -——
709 1049 935 1091 Credebant
970 1053 1155 1103 plerique
1203 1059 1370 1093 auctam
1407 1054 1675 1106 offensionem

126 1123 253 1174 ipsius
286 1123 626 1175 intemperantia,
668 1123 880 1162 immodice
916 1125 1113 1163 iactantis
1144 1139 1263 1164 suum
1294 1127 1467 1167 militem
1498 1128 1543 1166 in
1572 1125 1676 1166 obse-

127 1196 221 1245 quio
249 1195 469 1244 duravisse,
503 1209 595 1235 cum
627 1196 707 1236 aliz·
731 1195 791 1234 cul
817 1195 1030 1235 seditiones
1054 1196 1381 1248 prolaberentur,
1409 1211 1537 1250 neque
1561 1211 1677 1236 man-

127 1279 270 1306 surum
303 1266 465 1307 Tiberio
493 1268 725 1319 imperium,
754 1269 793 1306 sz‘
814 1269 864 1306 iis
887 1281 1042 1319 quoque
1071 1268 1296 1320 legionibus
1322 1271 1470 1322 cupido
1493 1270 1680 1310 novandi

115 1338 288 1390 fuisset.
343 1337 517 1380 Invisus
546 1338 682 1394 igitur
711 1346 800 1380 erat
832 1337 966 1380 Silius
997 1337 1192 1389 Tiberio,
1228 1340 1345 1395 quod
1375 1341 1487 1383 inter
1516 1341 1676 1383 amicos

131 1407 378 1451 Germanici
409 1417 530 1452 sexto
557 1424 667 1452 anno
687 1417 784 1452 ante
806 1410 998 1452 defuncti
1016 1411 1169 1462 fuerat,
1203 1411 1360 1454 deinde
1384 1414 1501 1468 quod
1524 1414 1677 1470 ingen—

127 1489 214 1523 tem
251 1482 483 1523 exercitum
521 1489 712 1532 rexerat,
753 1482 956 1524 nimirum
992 1482 1248 1526 Germaniae
1292 1485 1524 1540 superioris
1540 1516 1550 1535 ,
1591 1499 1677 1540 quo

128 1553 287 1596 bellum
314 1552 531 1596 Sacroviri
561 1555 814 1597 confecerat.
871 1554 961 1597 Sed
989 1562 1152 1611 septem
1177 1556 1240 1597 illi
1260 1556 1360 1598 anni
1380 1558 1456 1612 qui
1473 1557 1676 1599 fuerunt?

127 1625 355 1668 Nescimus
395 1625 508 1668 enim
547 1627 720 1682 quando
762 1625 896 1669 Silius
940 1642 993 1669 ex
1023 1628 1247 1683 provincia
1275 1628 1457 1671 Romam
1488 1629 1676 1672 redierit.

129 1697 400 1754 Quamquam
443 1697 664 1754 probabile
711 1706 776 1741 est
817 1714 916 1741 eum
953 1700 1082 1756 paulo
1125 1707 1222 1743 ante
1267 1700 1506 1743 decessisse
1548 1715 1677 1755 quam

128 1778 357 1813 accusatus
395 1778 460 1812 est
498 1785 548 1812 ac
578 1771 641 1812 sic
671 1770 857 1813 solemus
886 1771 940 1813 de
971 1772 1161 1814 omnium
1191 1787 1362 1815 reorum
1391 1772 1533 1815 causis
1561 1771 1676 1813 iudi-

128 1858 247 1894 care3
293 1843 370 1886 sed
406 1842 614 1885 faciamus
653 1843 699 1884 id
736 1858 822 1885 non
861 1858 954 1886 esse
997 1845 1190 1896 solitum,
1231 1845 1335 1900 quid
1369 1845 1455 1886 iam
1485 1844 1539 1886 de
1571 1842 1677 1885 Silio

128 1915 365 1972 reperitur?
418 1915 470 1957 In
500 1915 661 1972 duplici
689 1915 812 1971 quasi
843 1916 1088 1971 provinciae
1119 1933 1276 1974 genere
1307 1917 1675 1966 commemoratur,

128 1987 312 2044 primum
339 2002 450 2030 anno
480 1988 543 2038 14,
573 2003 671 2031 cum
694 1987 979 2031 Germanicus
1001 1989 1229 2033 universae
1252 1989 1418 2033 Galliae
1446 1996 1675 2046 praeesset,

128 2074 215 2114 quo
253 2067 441 2116 tempore
471 2075 570 2102 eum
598 2060 805 2102 exercitui
836 2061 1045 2116 superiori
1076 2070 1278 2118 quattuor
1302 2063 1522 2119 legionum
1551 2076 1675 2118 prae-

128 2131 262 2173 fuisse
301 2132 568 2175 ostendimus
612 2131 734 2187 (Τέω.
761 2131 876 2174 Ann.
904 2133 947 2183 I,
985 2133 1079 2188 31),
1120 2150 1200 2178 nec
1227 2142 1340 2177 certe
1367 2135 1462 2191 ipso
1487 2141 1676 2189 tempore

128 2217 214 2258 quo
252 2203 485 2259 Augustus
522 2203 648 2255 obiit,
687 2205 731 2247 in
770 2204 1035 2261 provinciam
1068 2207 1284 2262 pervenit,
1327 2206 1404 2249 sed
1443 2206 1675 2262 superiore,

129 2275 294 2330 opinor,
323 2290 449 2326 anno,
474 2283 702 2332 postquam
730 2276 775 2318 in
805 2277 1030 2319 consulatu
1057 2276 1150 2321 Cal.
1175 2278 1258 2320 Iul.
1289 2278 1388 2321 anni
1419 2278 1469 2321 13
1500 2278 1562 2320 Μ.
1586 2278 1675 2319 Ae-

128 2346 272 2388 milius
300 2346 545 2390 Mamercus
568 2349 762 2390 Scaurus
788 2354 830 2390 et
849 2346 929 2390 Cn.
949 2349 1124 2392 Firmus
1151 2350 1319 2392 suffecti
1345 2356 1458 2392 sunt.
1503 2349 1675 2392 Deinde

127 2418 372 2460 nominatur
398 2420 442 2461 in
469 2419 582 2463 bello
614 2418 852 2471 Sacroviri,
887 2421 1004 2476 quod
1033 2436 1144 2463 anno
1177 2422 1227 2464 21
1264 2429 1435 2477 gestum
1464 2429 1550 2472 est,
1588 2436 1675 2477 quo

129 2491 322 2533 confecto
355 2491 392 2534 si
422 2492 624 2534 continuo
652 2493 698 2534 in
725 2493 876 2535 urbem
907 2493 1104 2544 redisset,
1135 2494 1232 2551 plus
1260 2508 1389 2549 quam
1416 2501 1511 2536 octo
1541 2509 1674 2536 annos

128 2562 180 2604 in¹
201 2563 424 2619 provincia
451 2564 686 2621 explesset,
717 2580 803 2607 non
834 2573 1016 2622 septem,
1049 2567 1123 2622 qui
1153 2582 1178 2608 a
1207 2565 1354 2608 Tacito
1383 2573 1675 2608 numerantur.

128 2634 316 2677 Necesse
358 2635 493 2692 igitur
523 2643 609 2687 est,
653 2636 698 2678 hi
728 2644 890 2693 septem
920 2637 1021 2680 anni
1047 2638 1169 2680 aliter
1196 2637 1437 2680 efficiantur
1466 2637 1675 2680 deducto-

128 2720 211 2761 que
245 2706 319 2749 illo
357 2714 570 2764 tempore,
611 2723 696 2764 quo
728 2708 1014 2753 Germanicus
1046 2709 1200 2752 Galliis
1229 2716 1424 2765 praeerat
1455 2709 1675 2765 Siliusque

129 2778 230 2832 quia
254 2793 339 2820 non
364 2779 539 2830 Tiberii,
568 2781 644 2823 sed
664 2780 911 2824 Germanici
938 2782 1108 2838 legatus
1135 2790 1237 2832 erat,
1268 2781 1532 2836 superiorem
1551 2788 1676 2838 quat-

130 2856 228 2890 tuor
263 2850 481 2906 legionum
517 2852 751 2895 exercitum
786 2869 937 2909 regere
973 2854 1115 2895 minus
1146 2860 1258 2895 recte
1291 2853 1376 2895 dici
1403 2859 1590 2909 poterat,
1631 2853 1675 2894 hi

1348 2924 1409 2967 9*
