1846 3100
171 143 225 187 46
610 145 665 177 De
690 143 804 178 Gallia
828 145 1063 178 Romanorum
1095 147 1279 188 provincia.

170 255 498 312 Transalpinam
534 271 644 299 anno
686 255 740 299 82
777 256 1069 299 Marianarum
1106 257 1288 312 partium
1329 256 1456 299 alicui
1503 256 1605 300 duci
1638 272 1715 313 pa-

170 328 310 370 ruisse
349 328 629 385 intelligimus
666 343 719 370 ex
759 326 939 371 Sertorii
975 328 1130 380 rebus,
1166 343 1295 385 quem
1332 343 1431 370 eum
1468 328 1583 371 Plut.
1625 343 1661 370 c.
1690 329 1715 372 7

169 401 472 457 praetermisso
508 401 658 443 itinere
683 400 852 443 Gallico
880 408 1023 443 narret
1050 417 1103 443 ex
1128 401 1254 443 Italia
1277 401 1322 442 in
1350 400 1606 457 Hispaniam
1635 401 1717 443 iter

169 472 396 515 facientem
439 473 484 514 in
522 473 758 529 Pyrenaeis
805 479 971 514 tantum
1008 471 1225 515 montibus
1259 473 1422 528 aliquas
1465 488 1491 514 a
1524 471 1717 515 barbaris

170 544 372 602 gentibus
402 545 676 588 difficultates
695 559 936 601 superasse,
961 544 1090 586 nullis
1109 544 1239 587 armis
1257 544 1300 586 in
1321 543 1462 587 Gallia
1478 545 1717 587 occurrisse

170 618 478 660 existimamus.
521 617 672 673 Neque
703 617 859 658 mirum
892 623 957 658 est
985 614 1248 672 Cisalpinam
1275 614 1460 659 Galliam
1487 631 1573 659 non
1601 631 1717 659 com-

169 690 395 733 memorari
430 705 508 746 per
546 689 802 731 dictaturam
843 688 1008 730 Sullae:
1057 688 1154 743 qui,
1202 688 1238 730 si
1274 703 1424 730 verum
1467 696 1553 739 est,
1599 688 1717 743 quod

170 763 368 805 videmur
403 763 628 812 docuisse,
670 761 833 803 nullam
876 775 969 802 eam
1009 759 1145 802 fuisse
1183 760 1396 816 propriam
1438 761 1715 817 provinciam,

168 835 370 891 quoniam
403 850 612 877 summam
639 833 831 875 omnium
856 847 1000 874 rerum
1028 831 1072 873 in
1089 832 1212 873 Italia
1242 839 1492 887 potestatem
1519 832 1716 882 habebat,

169 907 292 949 facile
321 907 366 948 in
395 922 444 949 ea
473 906 681 962 quicquid
710 903 918 962 placebat,
947 904 1245 946 administrare
1271 911 1450 960 poterat.
1502 905 1718 948 Videntur

169 979 296 1021 etiam
339 979 544 1020 nonnulla
585 979 630 1020 in
668 993 714 1020 re
752 976 920 1033 agraria
955 990 1033 1032 per
1063 974 1324 1032 Cisalpinam
1362 991 1456 1019 esse
1492 977 1715 1027 innovata3

169 1066 267 1092 nam
287 1051 388 1107 quia
404 1051 484 1093 hoc
500 1051 708 1108 imprimis
727 1049 950 1106 agebatur,
980 1055 1029 1089 ut
1057 1047 1161 1090 urbs
1181 1048 1275 1104 ipsa
1301 1063 1496 1104 quaeque
1516 1049 1715 1106 regiones

169 1124 283 1165 circa
311 1139 403 1165 eam
436 1131 575 1173 erant,
615 1124 797 1165 militum
827 1120 1053 1176 praesidiis
1083 1120 1375 1170 munirentur,
1411 1121 1565 1164 multas
1594 1122 1639 1163 in
1667 1137 1717 1164 ea

171 1196 359 1238 colonias
388 1193 546 1237 deduci
575 1195 725 1236 inutile
756 1200 857 1235 erat.
903 1192 1015 1235 Vide
1039 1194 1439 1234 commentationum
1470 1193 1715 1250 epigraphi-

168 1282 315 1310 carum
347 1268 443 1310 Vol.
470 1268 493 1310 I
522 1283 562 1323 p.
589 1266 671 1309 250
699 1281 761 1322 sq.
811 1265 899 1307 Sed
930 1272 1154 1321 postquam
1182 1265 1234 1306 L.
1255 1263 1375 1307 Sulla
1400 1265 1574 1308 ineunte
1604 1281 1714 1308 anno

168 1340 221 1383 79
252 1340 463 1382 dictatura
493 1354 586 1381 sese
619 1338 856 1387 abdicavit,
898 1338 998 1393 quia
1029 1337 1203 1379 libertas
1229 1337 1488 1393 reipublicae
1518 1338 1716 1380 restituta

167 1419 258 1454 erat
288 1412 605 1467 seditionesque
623 1411 715 1453 eius
743 1410 930 1466 potentia
961 1424 1188 1465 oppressae
1221 1410 1482 1459 revixerunt,
1513 1410 1715 1452 continuo

167 1485 390 1539 utriusque
426 1483 592 1527 Galliae
620 1483 778 1526 mentio
807 1482 868 1524 fit.
927 1482 1098 1524 Etenim
1128 1496 1226 1523 cum
1255 1496 1366 1524 anno
1396 1482 1449 1525 78
1478 1497 1504 1523 a
1530 1482 1712 1525 factione

165 1556 363 1598 Mariana
399 1557 454 1598 ad
493 1556 763 1598 consulatum
804 1561 980 1597 evectus
1019 1561 1132 1596 esset
1169 1553 1231 1595 M.
1263 1553 1476 1596 Aemilius
1515 1553 1711 1610 Lepidus

167 1628 334 1685 collega
346 1628 401 1682 Q.
418 1628 594 1671 Lutatio
614 1627 781 1678 Catulo,
806 1642 934 1683 quem
958 1626 1182 1682 optimates
1202 1624 1444 1675 tuebantur,
1461 1625 1711 1668 consulibus

166 1701 324 1743 futuris
359 1716 412 1743 ex
441 1716 554 1743 nova
582 1701 679 1757 lege
709 1699 909 1742 Cornelia
935 1698 1179 1755 provinciae
1215 1697 1411 1740 decretae
1441 1704 1541 1740 sunt
1570 1697 1714 1741 Gallia

165 1772 448 1830 Transalpina
481 1783 523 1815 et
546 1773 689 1822 Italia,
730 1788 783 1815 ex
823 1771 982 1827 quibus
1015 1770 1089 1812 illa
1129 1776 1241 1812 sorte
1277 1768 1420 1811 evenit
1450 1769 1512 1811 M.
1542 1769 1712 1826 Lepido

165 1846 300 1902 (App.
327 1845 425 1888 bell.
454 1846 535 1888 civ.
562 1846 598 1893 I,
633 1845 744 1899 107),
776 1845 881 1887 haec
907 1842 963 1897 Ω.
988 1840 1156 1884 Catulo.
1199 1841 1288 1895 Qui
1314 1856 1412 1883 cum
1438 1841 1712 1884 vehementer

166 1917 219 1959 de
255 1917 476 1973 republica
511 1916 794 1966 dissiderent,
835 1922 1008 1958 senatus
1046 1929 1118 1956 eos
1155 1913 1432 1956 iureiurando
1470 1913 1710 1963 obstrinxit,

165 1989 256 2031 fore
285 1996 332 2030 ut
360 1989 499 2031 nullas
528 2004 597 2030 res
627 2003 761 2030 novas
790 1988 1052 2035 molirentur,
1086 2001 1172 2041 qua
1196 1984 1282 2027 fide
1310 1985 1412 2040 quia
1439 1984 1635 2040 Lepidus
1666 1999 1711 2027 se

166 2061 330 2102 tamdiu
369 2061 503 2103 teneri
549 2059 838 2110 existimabat,
884 2059 988 2100 dum
1036 2057 1260 2100 consulatu
1298 2058 1572 2114 fungeretur,
1615 2063 1711 2098 ante

166 2139 363 2175 exactum
393 2133 669 2188 magistratus
709 2132 777 2174 sui
804 2147 963 2173 annum
997 2130 1104 2172 urbe
1142 2129 1268 2179 exiit,
1314 2136 1362 2170 ut
1390 2136 1431 2171 et
1469 2129 1638 2172 comitia
1666 2129 1711 2170 in

165 2219 324 2246 annum
352 2204 645 2259 insequentem
674 2203 870 2246 facienda
895 2202 1140 2259 prohiberet
1167 2215 1431 2256 vacuamque
1453 2200 1710 2257 magistrati-

165 2275 247 2317 bus
264 2276 442 2318 Romam
466 2276 803 2332 deprehenderet
827 2277 978 2332 (quare
992 2288 1103 2316 anno
1120 2274 1171 2316 77
1192 2288 1269 2329 per
1283 2273 1518 2329 interreges
1537 2272 1709 2315 demum

165 2348 364 2391 consules
403 2354 567 2390 creatos
603 2362 699 2389 esse
738 2355 792 2389 ex
832 2346 935 2389 Sall.
973 2347 1070 2388 hist.
1110 2353 1214 2387 orat.
1244 2345 1356 2387 Phil.
1389 2344 1484 2387 libr.
1514 2344 1537 2386 I
1573 2345 1625 2386 fr.
1656 2345 1705 2387 51

165 2426 271 2462 extr.
302 2419 530 2472 discimus)
573 2426 613 2461 et
652 2434 763 2474 quae
800 2419 856 2461 ad.
898 2419 1059 2462 bellum
1087 2432 1196 2473 opus
1225 2423 1392 2466 essent,
1433 2422 1710 2471 compararet.

166 2489 405 2547 Optimates
445 2498 588 2533 autem
626 2506 725 2533 cum
763 2491 818 2544 Ω.
849 2489 1051 2533 Catulum
1086 2489 1286 2532 resistere
1332 2488 1576 2538 iusserunt,
1620 2495 1711 2530 tum

166 2569 286 2605 extra
314 2563 508 2605 ordinem
536 2561 617 2605 Cn.
641 2562 870 2619 Pompeio,
908 2562 982 2617 qui
1012 2561 1202 2604 nondum
1229 2561 1318 2603 ullo
1347 2560 1508 2602 honore
1534 2566 1709 2602 ornatus

164 2634 371 2677 maximas
397 2642 538 2677 tamen
558 2650 627 2677 res
647 2642 853 2690 gesserat,
879 2634 1107 2690 imperium
1128 2633 1375 2676 detulerunt
1405 2632 1539 2686 (Plut.
1556 2631 1711 2686 Pomp.

165 2721 202 2749 c.
236 2707 339 2761 16).'
382 2707 475 2749 Iam
505 2706 661 2749 Livius
691 2705 791 2761 epit.
817 2703 908 2748 XC
943 2706 1005 2748 sic
1035 2705 1116 2746 ait:
1158 2706 1222 2747 M.
1255 2706 1440 2754 Brutus,
1477 2706 1552 2757 qui
1580 2704 1711 2745 Cisal-

158 2782 307 2832 pinam
341 2782 523 2821 Galliam
553 2778 768 2828 obtinebat,
798 2793 824 2819 a
864 2778 940 2818 Cn.
970 2779 1154 2830 Pompeio
1179 2780 1311 2818 victus
1336 2783 1405 2827 est,
1441 2774 1557 2818 unde
1586 2773 1710 2816 facile

165 2850 319 2906 aliquis
353 2850 519 2894 Galliae
537 2849 779 2906 Cisalpinae
810 2858 912 2891 tunc
941 2849 1201 2905 peculiarem
1229 2849 1415 2904 aliquam
1446 2846 1711 2904 provinciam
