1846 3100
203 148 284 192 304
337 160 343 167 ·
605 151 660 185 De
685 152 818 193 legibus
845 151 1104 193 municipalibus
1129 150 1334 194 Hispanicis.

204 261 353 304 ficeret.
385 261 626 317 pecuniam,
657 261 710 303 ad
739 260 848 302 hanc
880 259 1133 302 calumniam
1162 266 1360 302 narratur
1385 261 1675 312 descendisse,
1703 268 1752 304 ut

208 331 408 376 Caesaris
450 341 491 375 et
527 333 721 390 Augusti
751 333 983 389 diplomata
1013 332 1066 373 de
1095 331 1264 373 civitate
1291 332 1403 383 data,
1432 340 1646 389 tamquam
1676 349 1751 376 ve-

206 414 298 448 tera
327 413 368 448 et
394 405 598 456 obsoleta,
630 405 791 447 deleret
817 404 959 460 (Suet.
983 402 1122 460 Calig.
1149 419 1184 445 c.
1207 402 1292 459 38),
1324 405 1447 447 cuius
1473 406 1544 448 ille
1571 405 1751 449 iniuriae

201 478 363 520 nullam
392 478 614 521 habuisset
642 478 908 520 occasionem
947 483 1020 518 aut
1050 476 1308 527 facultatem,
1337 478 1371 519 si
1398 478 1570 535 legibus
1601 478 1750 521 civitas

202 551 294 593 dari
317 558 579 594 consuesset.
623 550 676 592 Id
709 557 850 593 autem
879 565 929 592 eo
958 549 1127 591 facilius
1150 549 1477 606 imperatoribus
1500 565 1750 593 concessum

202 631 280 673 est,
309 623 424 678 quod
453 623 676 679 antiquum
707 637 869 665 morem
898 622 1033 664 fuisse
1061 622 1234 670 scimus,
1263 629 1312 663 ut
1342 622 1618 678 imperatores
1652 637 1750 665 cum

201 696 306 738 alios
336 696 529 738 homines
568 696 621 737 de
653 695 874 752 republica
909 695 1018 737 bene
1052 694 1240 744 meritos,
1276 702 1367 736 tum
1408 695 1562 737 milites
1595 695 1751 738 virtute

199 769 393 825 insignes
427 769 597 811 civitate
619 768 827 810 donarent
854 765 1116 822 (Comment.
1140 767 1359 824 epigraph.
1374 768 1397 810 I
1422 782 1464 824 p.
1484 768 1598 822 225),
1617 769 1749 819 unde,

201 856 254 883 ne
283 841 403 892 alios,
444 842 517 897 qui
546 841 718 897 parcius
748 855 798 882 eo
823 839 1030 882 beneficio
1061 840 1129 882 usi
1162 848 1274 889 sunt,
1308 838 1538 891 nominem,
1569 838 1620 883 C.
1648 840 1745 883 Ma-

200 914 290 956 rius
330 914 559 969 aliquando
589 914 704 955 mille
738 910 988 955 Camerinos
1021 912 1155 967 (Plut.
1187 912 1298 954 Mar.
1328 912 1415 967 ⁴28),
1455 910 1616 956 Caesar
1652 914 1749 956 uni-

201 1002 371 1028 versam
399 986 612 1042 legionem
643 985 813 1028 civitate
842 985 1018 1027 donavit
1051 983 1192 1039 (Suet.
1223 982 1348 1028 Caes.
1383 984 1471 1037 24).

322 1058 390 1100 De
428 1058 600 1114 legibus
635 1057 967 1114 municipalibus
998 1064 1184 1099 statuere
1216 1056 1390 1099 difficile
1419 1063 1497 1107 est,
1528 1064 1752 1113 propterea

200 1131 317 1186 quod
351 1131 467 1187 apud
501 1131 729 1186 scriptores
760 1145 923 1187 paucae
956 1136 1120 1172 tantum
1154 1136 1552 1180 commemorantur,
1583 1129 1626 1170 in
1657 1144 1747 1171 mo-

200 1204 415 1245 numentis
446 1211 585 1245 autem
605 1203 723 1246 nulla
740 1210 908 1259 praeter
925 1203 1015 1252 has,
1039 1202 1339 1245 Malacitanam
1365 1209 1407 1244 et
1426 1201 1747 1258 Salpensanam,

200 1277 252 1317 ad
294 1291 372 1318 nos
413 1277 617 1331 pervenit.
675 1276 826 1331 Neque
856 1275 1027 1317 omnino
1059 1290 1184 1331 saepe
1215 1275 1374 1317 factum
1404 1281 1490 1324 est,
1530 1282 1580 1315 ut
1613 1274 1747 1330 leges,

200 1348 357 1404 quibus
387 1349 715 1406 municipiorum
744 1347 1013 1404 respublicae
1041 1348 1295 1389 constitutae
1325 1354 1456 1396 erant,
1482 1353 1749 1388 mutarentur

199 1429 400 1478 tantaque
427 1424 718 1465 Romanorum
748 1421 791 1462 in
821 1420 903 1463 hoc
935 1435 1091 1476 genere
1121 1427 1210 1462 erat
1243 1419 1500 1469 constantia,
1542 1426 1748 1474 ut-quam

199 1509 393 1550 quaeque
420 1495 525 1537 urbs
555 1495 693 1551 legem
726 1509 775 1536 eo
806 1500 996 1549 tempore
1029 1492 1284 1548 accepisset,
1324 1507 1410 1547 quo
1446 1492 1489 1532 in
1521 1491 1746 1548 imperium

199 1567 443 1609 Romanum
481 1567 617 1617 venit,
657 1583 748 1609 eam
787 1580 926 1622 usque
960 1565 1014 1607 ad
1054 1565 1234 1607 alterum
1264 1564 1332 1606 vel
1361 1564 1533 1606 tertium
1569 1579 1611 1620 p.
1644 1562 1746 1606 Chr.

199 1641 416 1682 saeculum
446 1647 623 1682 teneret.
681 1639 953 1694 Argumento
984 1643 1049 1678 est
1075 1637 1145 1679 vel
1174 1637 1297 1687 illud,
1326 1637 1443 1693 quod
1472 1636 1635 1679 IIviros
1663 1635 1747 1678 iuri

198 1712 387 1754 dicundo
417 1720 458 1754 et
488 1712 647 1754 aediles
678 1718 719 1753 et
747 1717 993 1767 quaestores
1032 1710 1105 1765 qui
1143 1710 1259 1751 exitu
1289 1709 1497 1752 libertatis
1529 1710 1572 1751 in
1606 1708 1760 1751 muni-r

199 1785 321 1841 cipiis
349 1785 611 1840 coloniisque
639 1783 973 1840 usurpabantur,
1005 1782 1245 1824 diutissime
1271 1781 1515 1824 conservari
1533 1781 1746 1831 videmus,

200 1857 480 1913 exemploque
510 1857 651 1899 afferri
681 1863 822 1913 potest
850 1855 1074 1911 Bithynia,
1107 1855 1231 1897 cuius
1262 1855 1392 1897 urbes
1424 1869 1522 1896 cum
1552 1867 1664 1895 anno
1690 1852 1744 1896 65

199 1945 239 1971 a.
260 1927 377 1980 Chr„
408 1944 504 1971 cum
533 1930 576 1971 in
602 1928 847 1985 provinciae
874 1929 1053 1970 formam
1080 1928 1391 1983 redigerentur,
1419 1927 1515 1982 lege
1542 1924 1750 1982 Pompeia

199 2001 454 2044 constitutae
489 2010 653 2051 essent,
698 2001 877 2043 eandem
907 2001 1046 2056 legem
1077 1999 1262 2041 Traiano
1294 2000 1528 2054 imperante
1558 1998 1747 2040 tenuisse

197 2074 511 2130 intelliguntur,
525 2090 577 2116 ex
599 2073 772 2115 Traiani
801 2080 842 2114 et
858 2072 987 2114 Plinii
1016 2071 1206 2127 epistolis
1235 2071 1410 2113 mutuis.
1457 2069 1605 2124 Quare
1626 2069 1746 2125 leges

197 2161 334 2189 novae
368 2147 646 2203 municipales
675 2161 759 2188 non
792 2147 880 2188 fere
900 2144 1101 2186 videntur
1120 2159 1214 2186 esse
1238 2144 1360 2193 latae,
1388 2142 1471 2184 nisi
1494 2156 1590 2184 cum
1611 2148 1746 2184 status

197 2218 288 2274 ipse
327 2219 546 2261 hominum
578 2226 817 2260 mutaretur
845 2218 872 2259 i.
902 2231 937 2259 e.
967 2231 1063 2258 cum
1095 2215 1325 2257 Latinitate
1356 2222 1430 2257 aut
1461 2215 1629 2257 civitate
1659 2213 1747 2256 Ro-

197 2306 319 2333 mana
351 2290 624 2341 donarentur,
653 2291 724 2333 vel
755 2305 852 2332 cum
879 2303 989 2344 quae
1018 2288 1249 2343 municipia
1276 2288 1458 2349 fuerant,
1487 2286 1531 2327 in
1559 2285 1747 2328 colonia-

197 2377 292 2404 rum
321 2363 390 2404 ius
420 2364 764 2405 transferrentur.
816 2361 931 2402 Tum
958 2359 1080 2401 novis
1111 2374 1219 2415 opus
1242 2366 1330 2400 erat
1349 2358 1535 2413 legibus,
1565 2371 1747 2413 quarum

197 2451 280 2478 non
310 2451 438 2478 unam
459 2435 665 2476 rationem
691 2435 826 2476 fuisse
850 2432 1058 2475 existimo.
1105 2432 1172 2473 Ac
1191 2430 1372 2473 dictator
1393 2430 1568 2486 quidem
1587 2427 1749 2471 Caesar

197 2523 295 2550 cum
333 2522 443 2550 anno
477 2507 527 2549 49
569 2505 795 2548 Gaditanis
838 2506 892 2547 de
932 2520 1010 2547 sua
1045 2518 1175 2545 causa
1205 2503 1313 2545 bene
1342 2502 1504 2544 meritis
1534 2501 1747 2543 civitatem

196 2581 431 2622 Romanam
469 2580 692 2629 donasset,
731 2592 887 2620 munus
926 2591 1051 2619 suum
1081 2575 1177 2631 lege
1209 2574 1549 2617 confirmandum
1580 2571 1748 2615 curavit

194 2652 301 2707 (Dio
329 2652 462 2702 XLI,
481 2651 591 2710 24),
625 2666 695 2701 ea,
735 2650 905 2706 opinor,
944 2649 998 2690 de
1031 2663 1180 2698 causa,
1212 2648 1328 2703 quod
1359 2654 1462 2689 tunc
1492 2647 1746 2688 dictaturam

193 2724 386 2767 nondum
417 2730 651 2780 acceperat,
682 2721 947 2777 dubiumque
973 2727 1059 2770 est,
1091 2736 1145 2762 an
1173 2720 1289 2762 idem
1317 2718 1468 2762 fecerit
1498 2719 1746 2773 Augustus,

195 2811 294 2839 cum
325 2811 436 2838 anno
467 2795 519 2838 36
552 2794 831 2838 Uticensibus
861 2793 1076 2835 civitatem
1106 2792 1361 2849 impertiret,
1396 2806 1479 2833 non
1511 2789 1629 2845 quod
1659 2803 1745 2831 non

192 2883 270 2925 pro
299 2867 594 2910 triumviratus
624 2872 831 2922 potestate
862 2880 968 2920 quas
999 2865 1126 2907 vellet
1154 2864 1283 2906 urbes
1313 2863 1357 2904 in
1387 2863 1604 2905 civitatem
1637 2861 1746 2903 reci-
