1846 3100
203 128 285 185 312
610 133 664 164 De
690 133 823 174 legibus
850 132 1108 174 municipalibus
1133 133 1341 175 Hispanicis.

202 240 450 297 diligentior
477 247 542 284 est
567 240 751 283 Plinius.
808 239 906 282 Etsi
937 239 1048 282 enim
1080 240 1265 283 colonias
1292 256 1378 284 non
1396 239 1544 286 omnes
1561 244 1751 287 nominat

201 311 463 370 (Comment.
492 314 516 356 I
554 329 595 370 p.
625 312 750 368 366),
795 326 848 354 ex
886 310 1090 354 tredecim
1127 327 1237 368 quae
1276 306 1507 372 municipia
1544 330 1639 359 esse
1677 316 1749 367 ait,

201 386 392 430 nominat
418 385 662 435 duodecim,
694 385 952 441 Saguntum,
979 384 1274 436 Baetulonem,
1297 386 1527 438 Iluronem,
1545 387 1749 438 Blandae,

201 457 442 514 Emporias,
459 458 703 508 Dertosam,
722 456 939 513 Bisgargi,
958 456 1080 506 Belli,
1101 455 1342 514 Calagum-i,
1358 459 1558 520 Ilerdam,
1575 459 1749 511 Oscam,

201 530 509 582 Turiasonem,
548 546 601 573 ex
638 530 809 587 oppidis
837 528 1027 578 Latinis,
1066 543 1174 584 quae
1216 530 1517 587 duodeviginti
1553 547 1648 575 esse
1678 533 1750 584 ait,

200 603 463 659 quindecim,
491 603 750 652 Lucentum,
781 602 959 650 Ansam,
993 600 1227 653 Cerretam,
1255 602 1452 654 Edetam,
1485 603 1749 656 Gerundam,

201 674 466 726 Gessoriam,
495 675 672 725 Tearos,
703 673 986 724 Cascantum,
1017 674 1299 731 Ergavicam,
1332 674 1560 726 Gracurri,
1590 676 1750 719 Leoni-

201 763 307 798 cam,
339 745 609 798 Osicerdam,
638 745 930 797 Castulonem,
963 746 1202 799 Saetabim,
1221 747 1450 799 Valeriam,
1479 755 1528 790 ut
1551 749 1632 792 tria
1657 755 1750 792 tan-

201 827 291 863 tum
323 821 378 862 ad.
407 835 635 862 numerum
664 819 925 876 explendum
955 820 1109 869 desint,
1140 820 1400 862 foederatam
1430 820 1614 876 denique
1644 822 1750 864 civi-

200 900 350 944 tatem,
392 908 519 949 quam
548 907 677 934 unam
709 907 804 934 esse
834 891 961 943 dicit,
998 892 1248 949 Tarragam.
1314 892 1574 936 Accuratam
1608 901 1750 937 autem

200 981 249 1008 ac
274 966 444 1023 plenam
472 964 663 1007 notitiam
693 964 866 1007 exhibet
886 964 1150 1015 Lusitaniae,
1179 965 1224 1006 in
1251 980 1337 1020 qua
1364 981 1450 1008 non
1474 966 1602 1009 modo
1623 967 1750 1022 quin-

199 1054 283 1095 que
313 1038 515 1088 colonias,
552 1037 628 1079 sed
658 1036 785 1079 etiam
815 1052 977 1086 unum,
1007 1036 1125 1092 quod
1153 1037 1196 1078 in
1225 1038 1448 1094 provincia
1473 1039 1577 1089 fuit,
1608 1039 1749 1081 muni-

201 1111 375 1168 cipium,
401 1105 685 1166 Osiliponem,
717 1109 818 1151 item
847 1109 928 1151 tria
956 1110 1114 1166 oppida
1143 1109 1312 1161 Latina,
1339 1110 1542 1162 Eboram‚
1568 1111 1750 1167 Myrtili,

202 1182 414 1226 Salaciam
443 1182 646 1224 nominat.
694 1182 885 1225 Maxima
907 1181 1040 1237 igitur
1065 1182 1204 1225 cautio
1226 1183 1271 1224 in
1295 1198 1346 1226 ea
1364 1183 1597 1240 provincia,
1621 1199 1750 1239 quam

202 1255 247 1298 in
277 1255 357 1297 hac
388 1254 564 1311 quidem
596 1254 885 1310 disputatione
915 1255 1161 1311 plenissime
1193 1256 1395 1312 explicari
1425 1255 1646 1306 vellemus,
1686 1263 1751 1299 est

200 1327 459 1371 adhibenda.
483 1326 668 1371 Accedit
684 1334 826 1370 autem
841 1327 972 1370 aliud.
999 1328 1173 1370 Etenim
1194 1328 1383 1371 Plinium
1400 1328 1443 1370 in
1465 1328 1750 1372 describendo

201 1401 381 1457 imperio
410 1400 598 1457 pendere
626 1415 679 1442 ex
707 1400 929 1457 Agrippae
951 1401 1021 1443 vel
1040 1400 1234 1456 Augusti
1253 1400 1567 1443 commentariis
1585 1407 1750 1444 constat

201 1471 464 1531 (Comment.
490 1473 513 1516 I
542 1489 582 1529 p.
613 1472 737 1528 198),
783 1488 890 1528 quos
926 1474 986 1516 ita
1025 1473 1240 1529 sequitur,
1281 1480 1329 1516 ut
1354 1489 1463 1529 quae
1493 1473 1548 1516 ab
1577 1473 1750 1516 illorum

205 1553 341 1589 aetate
372 1546 426 1589 ad
454 1561 575 1589 suam
605 1552 769 1589 mutata
794 1553 936 1597 erant,
975 1546 1142 1589 silentio
1172 1545 1498 1602 praetermittat,
1528 1546 1628 1589 ideo
1657 1547 1750 1604 opi-

199 1634 302 1669 nor,
346 1619 463 1674 quod
510 1618 791 1675 scriptoribus
839 1626 1003 1661 tantum
1048 1618 1271 1668 utebatur,
1313 1625 1585 1662 monumenta
1622 1626 1749 1676 atque

200 1698 293 1734 acta
318 1691 511 1748 publica,
547 1690 705 1746 quibus
736 1691 838 1733 solis
868 1691 974 1733 iuris
1006 1690 1259 1733 mutationes
1289 1690 1636 1742 continebantur,
1673 1706 1749 1734 ne-

200 1764 405 1821 gligebat.
466 1763 533 1806 Ita
569 1763 638 1813 fit,
679 1771 726 1805 ut
765 1778 875 1819 quae
915 1763 968 1806 de
1003 1763 1096 1805 iure
1127 1762 1385 1819 oppidorum
1414 1762 1750 1819 Hispanicorum

199 1837 352 1888 tradit,
395 1836 450 1880 ad
484 1836 604 1878 initia
631 1834 850 1892 Augusti,
897 1851 995 1879 cum
1026 1835 1262 1892 Hispaniae
1305 1835 1359 1878 ab
1400 1849 1451 1877 eo
1491 1835 1749 1892 compositae

201 1917 322 1960 sunt,
361 1909 617 1967 pertineant,
650 1908 704 1951 de
734 1908 998 1965 reliquorum
1027 1908 1332 1964 imperatorum
1363 1914 1498 1950 aetate
1529 1922 1615 1950 non
1649 1922 1751 1950 vera

203 1983 298 2026 sint.
344 1983 397 2026 Id
423 1982 629 2038 exemplis
657 1981 906 2024 certissimis
929 1988 1071 2038 potest
1088 1981 1379 2024 demonstrari.
1420 1980 1529 2024 Nam
1559 1979 1749 2024 Cascan-

199 2062 305 2106 tum,
336 2054 566 2111 Ergavica,
597 2053 810 2097 Osicerda
836 2070 861 2096 a
884 2054 1024 2096 Plinio
1053 2054 1150 2096 libr.
1176 2054 1265 2104 III,
1303 2054 1351 2097 18
1377 2069 1438 2110 sq.
1469 2060 1748 2096 recensentur

199 2128 309 2170 inter
336 2127 490 2169 Latina
517 2127 687 2184 oppida,
717 2133 760 2169 at
787 2126 952 2169 nummi
980 2126 1143 2169 Tiberii
1169 2133 1210 2169 et
1227 2126 1544 2183 Ergavicenses
1573 2125 1749 2182 quidem

200 2200 309 2243 adeo
336 2200 528 2256 Augusti
554 2199 755 2256 (Eckhel.
785 2199 936 2241 Doctr.
964 2214 1123 2241 numm.
1148 2199 1171 2241 I
1202 2215 1241 2255 p.
1271 2199 1323 2242 44
1350 2206 1391 2241 et
1415 2199 1487 2251 50)
1517 2198 1749 2255 municipia

201 2288 250 2315 ea
278 2272 414 2315 fuisse
442 2271 688 2322 ostendunt,
719 2278 768 2313 ut
785 2271 1017 2327 Augustus
1048 2271 1141 2327 ipse
1169 2286 1218 2313 ea
1243 2277 1342 2326 post
1371 2271 1416 2313 id
1447 2278 1632 2328 tempus,
1661 2286 1748 2328 quo

198 2344 421 2401 Agrippae
452 2343 744 2386 commentarii
774 2342 957 2385 confecti
990 2350 1111 2392 sunt,
1144 2343 1313 2385 civitate
1341 2343 1536 2386 Romana
1564 2343 1748 2386 donasse

199 2416 419 2466 videatur-3
452 2422 616 2458 certum
642 2416 754 2458 enim
782 2430 877 2458 esse
901 2414 1142 2464 statuimus,
1172 2415 1287 2470 quod
1307 2416 1511 2458 universa
1529 2415 1610 2458 hac
1632 2429 1748 2458 com-

198 2489 454 2531 mentatione
497 2488 828 2531 demonstraturi
869 2502 1043 2537 sumus‚
1082 2487 1363 2544 municipium
1404 2502 1489 2529 non
1532 2502 1628 2530 esse
1664 2488 1748 2531 nisi

199 2561 358 2604 civium
388 2562 690 2604 Romanorum.
755 2561 984 2602 Praeterea
1020 2566 1162 2601 autern
1192 2559 1237 2601 in
1266 2561 1452 2602 nummis
1483 2560 1563 2602 tria
1592 2559 1747 2603 Tarra-

199 2634 396 2676 conensis
424 2634 661 2690 Hispaniae
690 2631 921 2688 municipia
948 2638 1334 2674 commemorantur
1374 2631 1575 2686 (Eckhel.
1606 2632 1663 2674 D.
1693 2632 1746 2674 N.

197 2705 263 2749 IV
291 2721 334 2762 p.
364 2705 488 2760 466),
530 2720 640 2761 quae
675 2704 775 2760 quia
809 2703 995 2746 nummis
1034 2703 1299 2760 produntur,
1343 2718 1519 2746 necesse
1557 2710 1622 2746 est
1649 2710 1746 2746 ante

200 2775 443 2834 Caligulam
471 2792 566 2820 esse
591 2778 721 2828 facta3
759 2792 858 2819 nam
887 2776 1017 2819 huius
1045 2783 1181 2819 aetate
1211 2776 1372 2818 nummi
1403 2775 1639 2832 Hispaniae
1669 2775 1746 2818 de-

202 2849 389 2900 sierunt,
430 2850 621 2900 Bilbilis,
666 2848 948 2899 Ilercavonia,
992 2848 1250 2891 Visontium.
1320 2847 1483 2890 Eorum
1525 2847 1592 2890 vel
1629 2847 1747 2890 nulla
