1846 3100
178 155 232 198 68
618 157 672 188 De
700 155 813 188 Gallia
837 155 1073 188 Romanorum
1098 155 1282 197 provincia.

179 267 271 309 tulo
304 266 523 323 Spintheri
553 280 606 307 ex
637 271 837 320 praetura
868 269 1079 305 evenerat.
1135 263 1186 304 In
1219 262 1347 319 Syria
1378 263 1605 320 imperium
1635 263 1722 306 Ro-

181 355 356 382 manum
385 338 576 380 victoriis
594 336 675 379 Cn.
696 336 888 391 Pompeii
915 335 1017 377 satis
1049 335 1278 378 videbatur
1304 350 1398 378 esse
1430 336 1723 386 constitutum,

180 413 254 468 qui
296 412 389 467 ipse
431 425 485 452 ne
525 425 576 451 ea
611 410 766 450 iterum
805 407 1116 463 triumphorum
1158 408 1323 464 copiam
1361 407 1562 450 exhibere
1598 423 1724 464 posse

180 483 401 525 videretur
429 481 598 524 obstare
626 480 824 522 debebat.
884 479 1030 533 Quare
1058 487 1278 536 supererat
1302 480 1571 530 Macedonia,
1601 493 1725 535 prae—

181 556 306 612 cipua
331 554 569 598 consularis
599 553 821 609 provincia
851 559 978 607 atque
1009 552 1300 608 amplissimus
1315 552 1585 594 victoriarum
1611 567 1726 595 cam-

179 643 285 684 pus,
333 643 461 683 quam
502 634 604 668 tuno
635 623 686 667 C.
715 623 927 667 Octavius
967 624 1147 666 alterum
1187 639 1346 666 annum
1386 631 1584 666 recturus
1625 633 1726 667 erat.

180 700 290 742 Eam
322 700 416 741 iure
447 697 609 745 Caesar
646 698 860 754 postulare
900 704 1064 753 poterat
1103 712 1236 752 eaque
1269 696 1493 752 impetrata
1522 696 1726 751 quiesset,

182 787 281 815 cum
306 786 390 813 non
421 772 704 827 impetrasset,
734 769 915 811 miscere
947 769 1089 811 omnia
1119 769 1270 824 coepit.

291 844 412 887 Haec
443 858 552 898 quae
581 843 635 884 ab
667 841 944 898 optimatibus
965 849 1111 883 eontra
1132 839 1363 883 Caesarem
1394 841 1573 896 eiusque
1605 842 1726 898 cupi-

183 917 357 958 ditatem
386 916 580 957 instituta
603 923 715 964 sunt,
748 914 827 956 etsi
854 913 1002 971 populi
1020 907 1176 956 'studio
1198 928 1283 954 non
1300 914 1434 955 multo
1452 921 1550 969 post
1569 921 1729 957 mutata

183 995 296 1038 sunt,
326 988 430 1030 utile
458 995 597 1028 tamen
629 1001 724 1028 esse
751 985 980 1028 videbatur
1009 986 1136 1042 paulo
1167 985 1343 1028 uberius
1374 999 1600 1041 exponere,
1642 1001 1728 1028 non

181 1060 308 1102 modo
325 1060 440 1115 quod
458 1059 513 1100 ad
527 1058 732 1100 rationem
753 1058 996 1114 provinciae
1014 1056 1180 1100 Galliae
1201 1057 1524 1113 cognoscendae
1546 1058 1729 1101 maxime

181 1133 408 1189 pertinent,
438 1146 589 1173 verum
619 1131 745 1172 etiam
774 1138 822 1172 ut
853 1129 1053 1172 Caesaris
1079 1145 1148 1172 res
1177 1130 1449 1171 illustrarem.
1504 1129 1593 1183 Qui
1623 1130 1727 1185 quid

183 1204 477 1260 concupisset,
516 1204 621 1259 quid
647 1211 864 1259 postremo
899 1203 1081 1257 adeptus
1114 1208 1251 1251 esset,
1284 1217 1410 1244 nemo
1440 1209 1606 1258 poterat
1634 1217 1728 1244 esse

182 1277 292 1319 inter
322 1276 437 1319 viros
468 1276 616 1332 doctos
648 1275 721 1331 qui
752 1275 957 1324 nesciret3
993 1274 1099 1316 haec
1119 1267 1239 1316 'enim
1272 1281 1357 1316 tam
1388 1281 1531 1330 aperte
1561 1281 1728 1315 veteres

184 1349 412 1405 scriptores
438 1355 624 1398 narrant,
652 1354 701 1388 ut
719 1347 864 1388 nullus
884 1346 1142 1389 dubitationi
1171 1347 1293 1388 locus
1320 1346 1598 1402 relinquatur.
1639 1346 1727 1388 Sed

184 1422 220 1463 si
239 1436 417 1476 quaeras
443 1419 659 1476 quomodo
689 1419 868 1471 adeptus
901 1419 968 1468 sit,
998 1418 1214 1474 quomodo
1235 1418 1459 1474 optimates
1487 1419 1579 1461 eius
1609 1419 1729 1475 cupi-

183 1494 360 1536 ditatem
391 1493 467 1534 diu
497 1493 715 1542 eluserint,
745 1491 961 1547 quomodo
993 1491 1118 1532 amici
1134 1490 1226 1532 eius
1246 1505 1418 1532 causam
1450 1490 1729 1547 susceperint,

182 1565 383 1621 quoniam
418 1572 585 1607 veteres
627 1564 670 1605 in
701 1564 796 1620 ipsa
834 1562 1054 1619 republica
1081 1563 1274 1605 Romana
1309 1563 1503 1605 viventes
1542 1570 1730 1619 praeter-

183 1636 326 1679 missis
356 1636 630 1679 interioribus
661 1636 784 1691 quasi
825 1634 1088 1685 rationibus,
1129 1650 1240 1690 quae
1278 1635 1359 1677 sibi
1394 1634 1729 1691 aequalibusque

186 1709 276 1751 suis
317 1710 442 1751 facile
482 1717 694 1766 paterent,
740 1708 878 1765 capita
913 1715 1128 1762 tamquam
1167 1714 1349 1763 tangunt
1386 1722 1580 1763 quaeque
1620 1708 1732 1749 facta

189 1788 290 1824 sunt
319 1781 410 1823 sola
439 1787 784 1831 commemorant,
817 1795 865 1821 ea
896 1779 1057 1822 narrari
1089 1778 1237 1823 videas
1262 1795 1287 1822 a
1305 1779 1409 1822 viris
1441 1779 1593 1829 doctis,
1621 1794 1730 1835 quae

186 1869 272 1896 non
303 1854 444 1896 dicam
477 1854 519 1895 in
540 1853 746 1903 Romana,
781 1868 931 1895 verum
961 1853 1004 1893 in
1023 1851 1141 1894 nulla
1170 1866 1358 1908 unquam
1377 1851 1595 1908 republica
1622 1851 1730 1908 legi-

187 1926 269 1969 bus
308 1941 358 1968 ae
394 1926 487 1968 iure
525 1933 757 1981 temperata
788 1925 983 1967 accidere
1024 1931 1265 1980 potuerunt.
1325 1924 1506 1965 Insanos
1542 1923 1604 1965 illi
1639 1924 1730 1965 fere

187 1998 348 2040 faciunt
375 1998 512 2040 fuisse
542 1997 737 2039 inimicos
757 1995 968 2047 Caesaris,
999 1997 1072 2052 qui
1103 1996 1193 2038 sine
1219 1996 1308 2038 ulla
1335 1994 1569 2037 honestatis
1590 1995 1730 2051 specie

187 2070 329 2112 virum
362 2069 541 2111 summis
570 2068 806 2110 honoribus
834 2068 1076 2124 praeditum
1106 2067 1374 2110 contumeliis
1402 2066 1598 2108 maximis
1626 2067 1730 2109 affe-

188 2141 334 2190 cerint,
367 2141 519 2183 stultos
549 2140 708 2182 amicos
736 2140 843 2189 eius,
881 2140 953 2194 qui
981 2140 1148 2182 violatis
1179 2139 1372 2180 moribus
1400 2153 1449 2179 ac
1478 2138 1649 2194 legibus
1681 2154 1731 2181 ea

186 2213 344 2269 populo
374 2212 567 2254 Romano
598 2226 833 2268 proponere
862 2212 955 2254 ausi
994 2212 1099 2261 sint,
1136 2225 1245 2266 quae
1275 2225 1426 2252 eversa
1454 2210 1622 2252 civitate
1654 2211 1730 2252 uni

185 2284 347 2327 homini
374 2284 641 2340 prodessent,
669 2283 811 2338 ipsum
842 2284 1064 2333 audacem,
1091 2282 1377 2332 temerarium,
1416 2282 1622 2324 latronem
1653 2297 1729 2338 po-

185 2357 272 2400 tius
292 2372 420 2413 quam
443 2364 484 2398 et
503 2355 758 2412 prudentem
774 2362 828 2405 et,
859 2356 964 2410 quid
990 2354 1034 2396 in
1053 2353 1271 2410 republica
1298 2354 1390 2396 fieri
1410 2361 1567 2410 posset,
1598 2354 1728 2409 longo

185 2444 270 2471 usu
300 2428 520 2478 edoctum,
561 2427 703 2469 omnia
734 2427 918 2483 denique
950 2428 1010 2469 ita
1041 2427 1266 2483 permista,
1294 2426 1522 2476 convulsa,
1561 2435 1746 2476 eversa,¹

185 2507 234 2543 ut
263 2515 347 2542 non
378 2495 686 2555 rempublicam
714 2499 842 2548 illam,
883 2499 959 2541 sed
988 2499 1255 2554 praedonum
1285 2498 1459 2553 aliquod
1499 2498 1728 2540 concilium

185 2572 320 2614 fuisse
348 2573 519 2622 credas,
559 2587 584 2614 a
610 2586 696 2627 quo
725 2570 871 2612 orbem
909 2578 1119 2613 terrarum
1159 2585 1245 2612 non
1277 2571 1405 2612 armis
1435 2570 1564 2612 modo
1593 2584 1729 2625 expu-

185 2650 387 2700 gnatum,
427 2644 505 2686 sed
535 2642 707 2699 legibus
747 2642 873 2683 etiam
906 2642 1263 2698 comprehensum
1302 2657 1397 2684 esse
1435 2642 1528 2683 iure
1561 2631 1726 2683 mirere.

186 2713 325 2758 Cuius
352 2715 507 2758 erroris
535 2729 663 2756 causa
702 2713 805 2755 mihi
843 2714 887 2755 in
930 2729 980 2756 eo
1019 2714 1201 2755 maxime
1232 2714 1406 2756 videtur
1445 2727 1540 2755 esse
1572 2712 1726 2768 posita,

184 2787 299 2842 quod
329 2787 479 2828 harum
514 2801 657 2829 rerum
699 2786 843 2827 nullus
875 2792 988 2827 extat
1027 2786 1210 2841 scriptor
1249 2786 1350 2828 satis
1391 2785 1613 2841 copiosus,
1653 2784 1727 2839 qui

184 2873 282 2899 oum
312 2859 449 2913 magis
484 2859 663 2914 posteris
692 2857 961 2912 externisque
991 2873 1116 2913 quam
1148 2857 1398 2913 aequalibus
1428 2872 1478 2898 ac
1507 2856 1726 2912 populari-
