1846 3100
190 146 246 190 62
634 152 686 184 De
714 149 827 184 Gallia
852 151 1088 184 Romanorum
1121 152 1304 193 provincia.

192 273 245 300 ex
282 258 469 300 nummis
513 259 551 301 ei
593 258 839 316 provinciae
877 273 953 314 per
990 257 1212 301 biennium
1251 262 1489 316 praefuisse
1532 262 1740 306 discimus

190 329 389 382 (Eckhel.
400 331 549 373 Doctr.
559 330 776 373 numm.II
783 346 824 386 p.
836 330 952 383 369),
962 345 1094 386 quare
1112 331 1166 374 de
1181 332 1356 388 Illyrico
1375 334 1465 377 solo
1481 335 1744 377 credendum

196 417 291 444 esse
323 402 513 458 putabat.
553 402 685 456 Quod
711 417 802 452 nos,
834 402 908 458 qui
938 417 1077 458 usque
1095 403 1151 445 ad
1176 404 1473 461 imperatorem
1490 408 1742 464 Augustum

191 473 352 515 nullam
403 475 618 531 propriam
661 474 923 530 provinciam
968 474 1188 530 Illyricum
1232 477 1367 520 fuisse
1406 478 1741 521 intellexerimus

193 543 455 599 (Comment.
494 546 715 603 epigraph.
743 546 789 588 II
814 562 856 603 p.
885 546 1008 600 221),
1045 561 1128 588 non
1157 548 1431 604 accipiemus.
1484 551 1572 593 Sed
1613 566 1742 607 quam

193 618 457 673 provinciam
489 619 673 661 habebat
707 618 913 660 Silanus?
949 618 1059 661 Nam
1077 617 1249 662 Siciliae
1278 637 1388 664 anno
1419 621 1468 665 61
1504 622 1742 678 praefuisse

191 690 352 732 scimus
381 688 432 732 C.
458 690 726 746 Vergilium,
767 690 1022 746 Hispaniam
1053 691 1299 735 ulteriorem
1327 693 1498 736 tenebat
1524 692 1575 736 C.
1603 694 1741 738 Iulius

193 762 369 812 Caesar,
402 762 596 804 Africam
621 761 676 815 Q.
693 762 928 819 Pompeius
947 761 1105 812 Rufus,
1123 762 1424 807 Macedoniam
1442 764 1492 807 C.
1510 765 1741 817 Antonius,

193 835 345 877 Asiam
373 834 429 887 Q.
457 832 630 885 Cicero,
674 832 861 877 Galliam
892 833 1214 878 Narbonensem
1251 834 1302 878 C.
1332 837 1628 894 Pomptinius3
1670 853 1741 881 eas

191 914 333 949 autem
383 906 645 963 provincias,
691 921 799 962 quas
842 920 917 962 per
954 904 1174 949 Orientem
1217 909 1346 951 modo
1385 908 1466 952 Cn.
1508 909 1740 967 Pompeius

189 986 359 1035 pacarat
388 979 646 1035 legibusque
676 979 797 1021 novis
832 978 1124 1030 constituerat,
1151 996 1236 1022 non
1261 981 1525 1037 probabilius
1544 989 1609 1024 est
1638 989 1741 1024 tunc

190 1051 332 1093 denuo
364 1051 579 1093 consulari
623 1051 714 1093 vir'o
744 1059 870 1106 atque
902 1052 1108 1093 exercitui
1147 1067 1241 1095 esse
1272 1053 1449 1096 traditas
1477 1068 1605 1108 quam
1637 1053 1740 1097 Sar—

193 1123 352 1165 diniam
391 1131 465 1166 aut
502 1122 716 1180 Cyrenas,
764 1138 872 1178 quas
912 1124 985 1178 qui
1023 1125 1210 1166 rexerint
1250 1126 1480 1168 nescimus.
1545 1125 1613 1168 Ita
1655 1141 1741 1169 una

192 1196 448 1251 relinquitur
486 1196 700 1251 Hispania
737 1196 925 1245 citerior,
972 1211 1082 1251 quae
1125 1205 1166 1238 et
1207 1212 1332 1254 saepe
1373 1198 1610 1240 consularis
1644 1213 1739 1241 esse

193 1267 356 1310 solebat
391 1275 432 1309 et
465 1268 634 1310 facilem
664 1267 867 1324 triumphi
898 1268 1116 1310 materiem
1150 1268 1393 1324 praebebat.
1462 1271 1608 1326 Atque
1646 1271 1738 1314 eius

189 1339 250 1382 rei
282 1339 390 1381 adeo
421 1340 646 1395 quaedam,
676 1340 873 1395 quamvis
902 1340 1101 1392 obscura,
1134 1350 1329 1397 superest
1359 1343 1576 1385 memoria.
1617 1342 1738 1396 Quid

187 1413 300 1454 enim
331 1411 574 1468 significant
608 1427 718 1467 quae
751 1410 872 1454 Sexti
908 1412 1010 1455 Rufi
1043 1412 1300 1456 breviarium
1332 1430 1368 1456 c.
1401 1415 1426 1456 ὃ
1455 1414 1606 1457 habet:
1658 1419 1739 1456 lee-

187 1485 381 1525 bellantes
397 1486 624 1525 Lusitanos
643 1487 688 1524 in
714 1487 920 1538 Hispania
947 1500 1022 1538 pet·
1045 1489 1253 1527 Decimum
1280 1491 1458 1528 Brutum
1489 1488 1739 1528 obtinuimus

186 1563 227 1597 et
257 1571 383 1609 usque
413 1558 546 1597 Gades
572 1558 630 1598 ad
648 1558 854 1598 Oceanum
883 1572 999 1598 mare
1023 1562 1285 1610 pervenimus
1315 1559 1451 1616 (unde
1477 1558 1640 1601 Brutus
1667 1559 1737 1602 ille

170 1638 303 1670 'anno
342 1628 419 1671 136
458 1644 495 1670 a.
534 1627 638 1671 Chr.
670 1629 989 1685 triumphavit).
1057 1631 1199 1672 Postea
1238 1634 1298 1673 ad
1336 1635 1542 1685 Hispanos
1579 1634 1736 1673 tumul-

186 1708 350 1741 tuantes
390 1704 578 1742 Decimus
610 1704 752 1742 lunius
780 1705 952 1743 Silanus
994 1718 1086 1744 cum
1113 1707 1296 1745 exercitu
1335 1706 1480 1745 missus
1507 1718 1571 1745 eos
1609 1706 1738 1746 vicit?

187 1771 330 1826 Quem
358 1773 502 1815 locum
523 1788 599 1815 cur
621 1773 675 1815 ad
705 1773 820 1815 hunc
840 1774 1058 1816 consulem
1077 1775 1235 1817 referre
1255 1776 1440 1818 noluerit
1453 1775 1734 1832 Borghesius,

185 1859 270 1886 non
295 1845 504 1901 intelligo,
532 1845 606 1901 qui
627 1860 726 1887 cum
756 1846 837 1888 alio
866 1847 1056 1897 referret,
1081 1862 1243 1890 novum
1274 1848 1458 1903 aliquem
1483 1848 1542 1890 D.
1558 1847 1733 1890 Iunium

187 1916 382 1959 Silanum
412 1918 598 1960 incertae
634 1925 676 1960 et
704 1919 853 1960 aetatis
891 1926 932 1960 et
962 1919 1141 1975 originis
1171 1920 1414 1976 excogitare
1448 1926 1621 1962 coactus
1653 1926 1732 1970 est,

191 1989 315 2031 cuius
334 1990 452 2031 nulla
476 1989 557 2032 alia
576 1998 690 2032 extat
708 1991 922 2032 memoria.
952 1988 1266 2033 Successerunt
1284 2006 1399 2044 ‚anno
1415 1992 1464 2034 61
1485 1991 1547 2033 Μ.
1563 1991 1732 2047 Pupius

184 2060 289 2102 Piso
311 2058 629 2117 Calpurnianus
661 2070 702 2104 et
718 2062 780 2104 M.
797 2062 998 2105 Valerius
1029 2062 1218 2105 Messala
1242 2062 1378 2119 Niger
1406 2063 1617 2106 consules.
1663 2063 1733 2106 De

184 2147 371 2187 quorum
397 2133 631 2189 provinciis
663 2149 762 2176 cum
792 2133 898 2175 nihil
924 2134 1130 2185 tradatur,
1158 2149 1237 2176 nec
1263 2134 1468 2190 Pighium
1487 2136 1645 2178 Annal.
1664 2135 1734 2178 111

185 2220 230 2260 p.
266 2205 347 2246 349
374 2212 489 2247 recte
525 2205 578 2247 iis
607 2206 829 2260 Illyricum
871 2216 911 2248 et
941 2206 1186 2262 Bithyniam
1217 2207 1462 2263 assignasse
1492 2207 1642 2258 video,
1678 2207 1733 2250 dc

183 2276 343 2332 quibus
374 2278 502 2319 modo
534 2277 744 2328 diximus,
785 2293 862 2320 nec
902 2286 1132 2334 utrumque
1160 2287 1233 2320 aut
1264 2280 1424 2322 nullam
1455 2280 1627 2322 omnino
1656 2294 1731 2322 ex·

183 2356 347 2391 ternam
376 2349 638 2406 provinciam
683 2357 757 2392 aut
792 2350 900 2392 duas
939 2358 1133 2392 externas
1173 2352 1389 2407 accepisse
1425 2352 1596 2400 iudico,
1639 2351 1730 2401 sed,

185 2422 301 2476 quod
335 2420 628 2478 superioribus
655 2422 776 2465 annis
796 2423 926 2464 moris
956 2423 1108 2472 fuerat,
1140 2430 1187 2464 ut
1217 2439 1330 2466 unus
1346 2424 1512 2466 Italiam
1541 2424 1730 2474 haberet,

183 2493 289 2536 alter
311 2502 528 2537 externam
548 2494 825 2551 provinciam,
853 2494 966 2537 idem
989 2494 1070 2536 hoc
1090 2510 1201 2538 anno
1221 2497 1382 2538 factum
1402 2511 1496 2539 esse
1518 2496 1729 2539 existimo.

182 2566 233 2607 In
261 2566 386 2609 Italia
415 2575 558 2609 autem
594 2567 803 2610 mansisse
839 2581 992 2609 censeo
1023 2566 1086 2608 Μ.
1118 2566 1362 2617 Valerium,
1405 2568 1563 2625 quippe
1602 2583 1730 2624 quem

184 2651 308 2681 anno'
338 2640 391 2682 53
422 2639 607 2682 sciamus
644 2654 743 2682 cum
781 2639 829 2680 P.
861 2637 1045 2681 Servilio
1075 2639 1269 2682 Isaurico
1312 2655 1494 2683 censura
1533 2641 1729 2683 functum

182 2724 291 2760 esse,
320 2711 394 2766 qui
424 2711 559 2754 honos
590 2711 760 2766 saepius
794 2710 861 2760 iis,
888 2711 962 2766 qui
996 2711 1110 2752 civili
1137 2711 1267 2753 laude
1299 2712 1485 2754 contenti
1513 2711 1728 2754 bellicosis

181 2783 414 2838 provinciis
445 2783 777 2832 abstinuissent,
813 2782 905 2824 dari
935 2782 1110 2825 solebat.
1166 2782 1236 2824 De
1266 2783 1431 2839 collega
1463 2790 1605 2826 autem
1634 2783 1726 2826 eius

183 2850 274 2895 Cic.
304 2854 358 2895 ad
387 2853 478 2896 Att.
508 2855 552 2905 I,
588 2855 659 2904 16,
691 2855 716 2898 8
747 2854 808 2896 sic
839 2853 1006 2896 scribit:
1063 2857 1250 2896 Pisonem
1288 2858 1491 2896 consulem
1529 2858 1650 2896 nulla
1681 2858 1726 2895 in
