1846 3100
0 515 9 638 v‘ban-⁶.»
0 500 1 504 Α

482 116 536 148 De
564 115 677 148 Gallia
701 116 932 148 Romanorum
957 116 1131 158 provincia
1155 117 1335 158 appendix.
1605 115 1682 158 195

136 238 219 279 que
245 224 300 267 de
320 223 390 266 ΙΙΙ
416 224 607 266 virorum
635 223 740 278 reip.
765 223 1087 266 constituendae
1110 224 1288 280 imperio
1311 226 1482 282 saepius
1504 228 1683 283 repetito

138 297 403 353 argumentis
441 295 559 338 haud
595 295 813 337 dubiisin
839 302 1063 338 comment.
1095 296 1315 353 epigraph.
1344 298 1366 339 I
1404 314 1444 354 p.
1476 300 1522 342 17
1558 306 1599 340 et
1629 300 1683 342 22

136 368 540 411 demonstravimus.
606 367 730 421 Quae
761 382 858 409 cum
887 368 946 409 ita
975 367 1078 417 sint,
1117 368 1191 423 qui
1222 366 1420 412 Caesaris
1458 370 1683 427 imperium

134 442 231 498 lege
260 439 454 496 Pompeii
485 447 526 482 et
552 438 699 482 Crassi
726 441 875 482 datum
901 440 956 481 ad
987 439 1079 483 Cal.
1107 441 1235 483 Mart.
1266 442 1364 484 anni
1391 442 1443 485 49
1469 443 1683 498 pertinere

114 519 278 570 putat,
320 513 522 555 desciscit
561 528 586 554 a
623 526 740 554 more
777 512 970 554 Romano
983 528 1002 568 ς,
1035 527 1134 562 nos,
1175 514 1248 568 qui
1278 514 1324 555 id
1354 514 1420 556 Id.
1448 514 1682 558 Novembr.

134 585 233 627 anni
257 584 310 627 50
337 584 505 626 finitum
535 598 629 626 esse
658 590 908 633 statuamus,
935 583 1188 639 initiumque
1218 593 1434 640 sumptum
1460 585 1514 628 ab
1536 601 1586 629 eo
1613 587 1683 630 die

135 672 220 713 quo
253 658 324 700 lex
362 656 526 712 perlata
566 664 631 698 est
666 656 843 713 (etenim
880 656 992 698 circa
1028 657 1149 699 illum
1188 657 1301 699 diem
1343 658 1470 700 latam
1510 673 1605 701 esse
1642 667 1684 702 et

136 745 189 772 ex
219 730 312 772 aliis
345 729 609 786 argumentis
639 728 895 784 intelligitur
923 743 1061 783 neque
1099 728 1152 771 ab
1188 729 1240 771 iis
1268 729 1374 786 ipsis
1406 731 1480 786 qui
1508 731 1562 773 de
1590 729 1682 774 Cal.

134 801 305 844 Martiis
339 801 540 851 credunt,
579 802 804 856 negatur),
842 816 926 842 non
965 800 1091 842 modo
1133 808 1246 843 certa
1277 802 1532 859 scriptorum
1563 804 1683 846 testi-

134 874 289 924 monia,
320 888 502 929 quorum
530 873 698 915 nullum
727 873 1050 923 contemnimus,
1086 888 1237 915 verum
1264 874 1388 916 etiam
1419 881 1605 917 veterem
1633 891 1683 918 ac

135 953 400 989 constantem
429 944 688 1002 reipublicae
716 945 934 988 Romanae
961 945 1315 988 consuetudinem
1346 947 1578 1002 sequimur.

246 1018 317 1060 De
345 1018 439 1060 iure
463 1024 603 1060 autem
623 1014 822 1060 Caesaris
849 1024 975 1073 atque
1003 1017 1167 1074 origine
1192 1017 1292 1060 belli
1319 1019 1457 1061 civilis
1480 1019 1564 1061 iam
1586 1035 1683 1076 per-

136 1091 292 1148 spectis
312 1090 483 1147 legibus
502 1090 818 1145 constitutoque
836 1090 1003 1146 imperii
1025 1097 1216 1148 tempore
1236 1091 1352 1132 haud
1373 1091 1503 1147 paulo
1523 1092 1683 1134 rectius

134 1163 325 1206 iudicare
353 1162 602 1219 poterimus,
636 1162 690 1204 de
721 1161 879 1217 quibus
908 1162 1039 1205 rebus
1069 1163 1224 1219 reliqui
1255 1163 1337 1205 viri
1368 1164 1482 1206 docti
1509 1171 1685 1220 propter

136 1251 230 1278 eam
258 1235 397 1292 ipsam
425 1249 619 1285 causam,
651 1235 768 1291 quod
799 1234 853 1278 ab
878 1235 932 1277 iis
963 1250 1071 1290 quae
1102 1250 1203 1278 vera
1233 1242 1354 1286 sunt,
1398 1236 1682 1287 desciverant,

135 1308 191 1349 ad
218 1308 368 1364 longas
396 1323 447 1350 ac
475 1308 564 1349 fere
594 1307 742 1350 inanes
771 1307 1081 1363 disputationes
1113 1307 1376 1350 descendere
1407 1308 1683 1364 cogebantur.

134 1380 262 1422 Nunc
289 1379 568 1436 intelligimus
601 1395 775 1422 causam
802 1377 1001 1421 Caesaris
1032 1387 1073 1421 et
1101 1380 1296 1436 Pompeii
1326 1380 1431 1422 nihil
1460 1396 1683 1424 commune

136 1452 338 1494 habuisse
371 1466 468 1494 cum
503 1452 600 1508 lege
638 1452 872 1502 consulari,
917 1467 1002 1506 qua
1028 1451 1207 1493 alterum
1240 1451 1416 1495 Caesari
1443 1453 1684 1508 quinquen-

135 1525 255 1567 nium
283 1524 430 1567 datum
456 1531 542 1566 est:
574 1525 666 1566 eius
697 1524 790 1566 dies
823 1539 921 1566 cum
950 1524 1109 1565 frustra
1136 1539 1161 1565 a
1188 1524 1250 1566 M.
1269 1524 1476 1567 Marcello
1504 1532 1683 1581 tempta-

138 1605 208 1639 tus
239 1604 365 1647 esset,
399 1597 690 1652 praeterierat:
724 1604 766 1639 at
792 1596 1006 1652 pendebat
1034 1602 1122 1638 tota
1149 1611 1202 1637 ex
1229 1595 1454 1652 plebiscito
1480 1597 1567 1647 illo,
1599 1613 1684 1653 quo

137 1667 314 1711 Caesari
343 1669 602 1724 permissum
633 1677 745 1718 erat,
789 1677 836 1710 ut
868 1683 1004 1723 usque
1032 1667 1086 1710 ad
1117 1668 1287 1710 comitia
1315 1669 1555 1712 consularia
1585 1669 1684 1710 anni

137 1740 189 1782 49
213 1740 476 1796 provinciam
495 1741 695 1783 retineret
715 1747 840 1796 atque
859 1740 1014 1783 absens
1036 1740 1306 1782 consulatum
1320 1748 1496 1797 peteret.
1539 1741 1683 1797 Leges

137 1812 390 1869 pugnabant
415 1813 532 1855 haud
564 1812 693 1855 dubie
715 1828 797 1869 pro
828 1813 1048 1869 Pompeio,
1079 1812 1269 1867 aequitas
1302 1812 1439 1854 omnis
1469 1828 1545 1868 pro
1573 1811 1684 1855 Cae-

143 1900 250 1927 sare.
324 1885 495 1928 Etenim
536 1884 756 1941 plebiscito
797 1884 858 1926 illi
904 1883 1158 1940 obrogatum
1195 1890 1284 1926 erat
1328 1884 1424 1940 lege
1465 1884 1683 1940 Pompeia,

139 1972 248 2012 quae
274 1957 327 1999 de
357 1957 450 1999 iure
478 1957 667 1999 omnium
695 1957 1023 2013 magistratuum
1046 1956 1132 1998 lata
1150 1963 1251 2006 erat,
1279 1970 1359 1998 nec
1378 1953 1552 2006 Caesar,
1585 1972 1682 1998 cum

135 2029 255 2085 leges
286 2036 432 2071 contra
462 2045 581 2071 suam
612 2045 784 2072 causam
815 2044 909 2071 esse
938 2029 1031 2085 ipse
1063 2028 1437 2078 animadverteret,
1479 2043 1683 2084 proroga—

138 2101 296 2143 tionem
321 2101 566 2157 provinciae
597 2102 650 2144 ab
682 2108 832 2143 senatu
858 2101 1171 2156 impetraverat.
1229 2099 1290 2142 At
1316 2099 1461 2154 inique
1488 2115 1567 2142 nec
1593 2100 1684 2141 sine

139 2173 281 2228 aliqua
312 2173 463 2216 fraude
494 2171 668 2216 Caesari
694 2172 841 2229 populi
873 2171 1126 2214 beneficium
1157 2179 1370 2214 extortum
1400 2178 1507 2221 erat3
1553 2172 1684 2227 siqui-

139 2245 238 2286 dem
273 2245 395 2300 plebs
435 2260 533 2287 cum
570 2245 711 2301 legem
739 2244 988 2300 Pompeiam
1029 2243 1235 2293 sanciret,
1278 2244 1506 2299 quicquam
1544 2250 1684 2286 tamen

141 2317 247 2372 eripi
276 2315 451 2359 Caesari
482 2325 594 2359 certe
623 2317 837 2372 noluerat3
876 2316 1023 2371 inique
1050 2322 1139 2357 tota
1165 2315 1314 2357 civitas
1349 2315 1393 2356 in
1423 2315 1551 2358 armis
1582 2323 1684 2366 erat,

141 2387 284 2442 inique
322 2388 526 2444 Pompeio
567 2404 733 2431 summa
778 2388 968 2431 omnium
1009 2403 1153 2429 rerum
1193 2393 1380 2443 potestas
1423 2386 1685 2436 tradebatur,

142 2459 285 2514 inique
324 2460 456 2501 multa
495 2460 577 2502 alia
610 2460 799 2503 violandi
832 2458 1031 2502 Caesaris
1070 2474 1200 2501 eausa
1227 2466 1321 2500 act-a
1347 2466 1478 2500 erant.
1533 2458 1685 2514 Neque

143 2538 283 2572 tamen
319 2530 390 2572 hic
423 2532 618 2585 quamvis
652 2532 797 2588 inique
833 2538 1176 2588 oppugnaretur,
1217 2530 1284 2572 sui
1310 2530 1484 2572 honoris
1514 2544 1685 2572 causam

135 2586 272 2643 'armis
313 2601 422 2643 tueri
465 2603 631 2653 statuit,
674 2603 751 2645 sed
791 2611 1041 2660 expectans,
1083 2602 1187 2644 dum
1222 2601 1383 2643 inimici
1418 2601 1482 2643 ira
1521 2601 1687 2657 abrepti

144 2672 412 2714 tribunorum
441 2680 691 2729 potestatem
724 2682 1036 2718 sacrosanctam
1073 2674 1394 2723 imminuerent,
1434 2687 1531 2715 oum
1566 2673 1686 2728 leges

146 2757 318 2799 quoque
347 2758 492 2786 secum
521 2745 661 2788 facere
688 2746 944 2803 intelligeret
974 2752 1246 2800 veteremque
1271 2744 1410 2801 plebis
1435 2750 1684 2800 potestatem

146 2815 256 2857 tueri
287 2815 528 2866 videretur,
571 2824 661 2859 tum
694 2818 867 2861 demum
898 2819 1054 2875 erupit.
1116 2817 1289 2860 Accidit
1322 2816 1456 2872 igitur
1484 2816 1529 2857 in
1557 2816 1687 2858 Pom-

1336 2888 1421 2931 13*
