1846 3100
510 132 564 164 De
591 132 724 173 legibus
751 133 1013 175 municipalibus
1042 132 1249 175 Hispanicis.
1578 132 1656 175 311

109 241 328 298 sequenda
354 240 492 297 patria
521 246 708 296 potestas
737 254 790 280 ne
821 239 1033 289 solvatur,
1069 240 1137 283 ius
1167 240 1416 284 libertorum
1452 259 1506 286 ne
1536 245 1659 287 amit-

107 321 234 363 tatur,
265 313 301 356 si
330 328 380 355 ea.
403 313 487 355 iam
514 319 610 354 ante
641 311 922 361 accidissent,
954 327 1094 354 nonne
1126 313 1187 354 sic
1215 313 1343 356 scribi
1371 316 1583 371 oportuit,
1612 324 1661 359 ut

107 386 151 436 ii,
181 386 254 441 qui
281 392 377 428 ante
405 383 639 426 Domitiani
666 383 856 426 edictum
884 384 1098 426 civitatem
1127 385 1365 428 Romanam
1393 400 1659 445 acceperant,

109 457 572 515 comprehenderentur
601 470 740 510 neque
773 471 941 498 summa
970 456 1015 498 in
1047 457 1262 500 simillima
1293 473 1424 502 causa
1457 460 1660 516 inaequa-

109 530 206 573 litas
237 519 564 573 admitteretur?
610 525 700 568 Sed
729 527 907 583 legitur:
951 532 1034 576 Qui
1057 546 1236 583 quaeque
1265 556 1314 562 —
1346 534 1552 573 civitatem
1579 535 1662 574 Ro-

110 617 279 645 manam
311 607 548 643 consecutus
576 607 790 640 consecuta
819 604 910 647 erit,
944 615 1029 642 non
1058 601 1217 658 legitur
1246 610 1483 644 consecutus
1498 611 1557 645 est
1570 608 1660 656 erit,

107 681 155 716 ut
189 674 335 716 futuro
373 679 538 715 tantum
570 671 750 726 tempori
789 672 1058 723 consulatur,
1098 689 1182 715 non
1212 675 1454 730 praeterito.
1508 675 1660 731 Neque

106 746 248 789 hercle
288 753 401 788 recte
439 744 588 794 faciat,
617 744 691 799 qui
729 759 913 786 errorem
942 745 1063 787 illum
1094 746 1230 788 fuisse
1260 753 1382 802 putet
1417 747 1659 803 sculptoris,

108 825 234 873 atque
261 825 310 860 ut
337 818 429 874 ipse
456 832 608 859 verum
641 816 859 858 invenisse
894 817 1111 867 videatur,
1155 818 1260 861 alios
1293 834 1495 875 peccasse
1531 821 1658 871 velit;

107 905 245 946 neque
279 890 346 933 bis
381 889 530 933 eadem
560 889 721 930 ratione
747 897 970 945 peccatum
1004 905 1098 932 esse
1126 890 1347 946 probabile
1380 899 1457 933 est.
1513 891 1659 946 Quare

107 977 160 1004 ne
190 963 253 1004 sic
277 962 452 1018 quidem
480 962 568 1004 duo
599 961 672 1003 illa
702 961 843 1003 edicta
873 969 1056 1017 possunt
1093 962 1287 1019 intelligi.
1351 963 1546 1006 Tertium
1581 972 1659 1015 est,

108 1042 157 1076 ut
182 1034 477 1090 Vespasianus
502 1033 646 1076 nescio
675 1033 779 1088 quid
808 1033 926 1075 aliud
951 1032 1242 1090 Salpensanis,
1272 1034 1546 1078 Domitianus
1571 1036 1659 1079 La-

110 1107 317 1149 tinitatem
347 1106 556 1148 tribuerit.
615 1105 747 1159 Quod
779 1120 864 1147 non
895 1106 1032 1162 magis
1062 1106 1198 1148 simile
1226 1114 1290 1147 est
1318 1121 1435 1156 vero,
1465 1122 1562 1149 cum
1591 1123 1659 1150 re-

106 1179 224 1234 liqua
259 1178 472 1234 Hispania
509 1178 741 1220 Latinitate
779 1185 1031 1233 augeretur,
1073 1177 1327 1234 Salpensam
1363 1178 1659 1235 Malacamque

108 1251 199 1293 sine
231 1250 318 1293 ullo
347 1250 507 1292 honore
537 1265 631 1292 esse
659 1250 829 1292 relictas
855 1250 1111 1305 tandemque
1138 1251 1255 1292 idem
1282 1251 1513 1307 accepisse,
1542 1252 1659 1306 quod

107 1323 258 1373 ceteri,
288 1337 471 1378 quorum
502 1322 651 1365 maiori
682 1322 789 1378 parti
820 1322 928 1364 adeo
961 1329 1103 1364 vetere
1133 1323 1342 1379 dignitate
1378 1331 1658 1379 praestarent,

107 1395 272 1438 dudum
303 1394 554 1437 habuerant.
613 1394 733 1448 Quid
765 1395 920 1450 igitur,
960 1410 1142 1450 quaes0‚
1181 1395 1455 1450 relinquitur,
1487 1396 1571 1438 nisi
1597 1395 1658 1446 id,

105 1483 192 1523 quo
230 1467 455 1510 deventuri
493 1482 664 1516 sumus,
707 1474 754 1508 ut
789 1467 843 1510 ab
879 1467 1145 1523 Vespasiano
1183 1467 1459 1510 Latinitatem
1498 1469 1659 1510 frustra

106 1541 310 1591 oblatam,
348 1541 402 1583 ab
433 1539 681 1582 Domitiano
713 1540 925 1582 civitatem
951 1539 1190 1583 Romanam
1218 1539 1358 1582 datam
1388 1555 1482 1582 esse
1511 1540 1658 1583 existi-

107 1613 303 1656 memus?

219 1683 308 1728 Sed
338 1685 541 1727 universa
571 1684 678 1727 haec
705 1699 774 1726 res
805 1685 1019 1740 quomodo
1051 1692 1174 1741 gesta
1203 1685 1270 1736 sit,
1305 1692 1353 1727 ut
1379 1685 1657 1742 intelligatur,

108 1757 418 1814 disputandum
452 1764 518 1798 est
549 1764 589 1798 et
622 1756 675 1798 de
712 1756 805 1799 iure
835 1757 1073 1813 Hispaniae
1104 1758 1292 1813 reliquae
1324 1765 1365 1800 et
1396 1758 1449 1800 de
1477 1756 1657 1814 Salpen-

108 1830 222 1873 sanis
262 1829 638 1883 Malacitanisque,
683 1843 811 1883 quam
849 1829 1183 1885 disputationem
1220 1831 1349 1887 longe
1389 1830 1566 1873 uberius
1608 1846 1658 1874 ac

107 1901 357 1958 diligentius
383 1915 609 1957 possemus
637 1900 882 1951 instituere,
922 1902 958 1944 si
985 1902 1111 1958 plura
1143 1903 1373 1958 scriptores
1405 1903 1531 1945 nobis
1572 1909 1657 1945 tra-

107 1974 269 2016 derent.
335 1973 462 2016 Nunc
484 1968 551 2015 ‘iis
590 1973 776 2015 contenti
814 1988 909 2016 esse
945 1974 1222 2025 debebimus,
1264 1990 1373 2030 quae
1405 1975 1573 2018 Plinius
1613 1974 1657 2016 in

107 2046 289 2088 naturali
325 2045 502 2088 historia
537 2045 677 2086 refert.
744 2044 869 2098 Quae
907 2045 1002 2102 ipsa
1037 2053 1124 2088 tam
1159 2063 1310 2090 manca
1354 2055 1474 2098 sunt,
1515 2054 1564 2088 ut
1603 2047 1657 2089 de

107 2118 253 2161 multis
281 2118 451 2175 oppidis
478 2132 564 2172 quo
592 2117 686 2159 iure
713 2117 873 2158 fuerint
897 2132 1050 2173 parum
1071 2126 1248 2161 constet.
1294 2120 1467 2161 Etenim
1484 2119 1528 2168 in
1547 2118 1656 2161 Bae-

108 2191 191 2233 tica
220 2190 433 2246 Hispania
461 2205 556 2232 esse
583 2189 639 2231 ait
668 2188 855 2230 colonias
883 2189 974 2239 IX,
1008 2191 1241 2247 municipia
1271 2191 1393 2241 VIII,
1425 2191 1552 2232 Latio
1581 2206 1656 2233 an-

107 2262 284 2318 tiquitus
315 2263 472 2304 donata
499 2261 685 2311 XXIX,
719 2260 912 2303 libertate
943 2262 1020 2312 VI,
1052 2263 1225 2305 foedere
1256 2263 1346 2313 III,
1378 2262 1656 2319 stipendiaria

108 2333 268 2385 CXX,
299 2350 352 2377 ex
379 2334 538 2390 quibus
568 2333 756 2375 nominat
787 2340 949 2374 tantum
981 2334 1166 2377 colonias
1199 2350 1377 2386 novem,
1417 2350 1508 2386 eas,
1547 2350 1656 2390 quae

107 2407 340 2449 recensitae
370 2414 471 2449 sunt
499 2422 524 2448 a
549 2406 674 2449 nobis
705 2407 749 2448 in
778 2413 1001 2448 comment.
1026 2395 1245 2464 epigraph.
1264 2409 1287 2450 Ι
1316 2423 1356 2463 p.
1379 2406 1481 2457 3643
1515 2407 1656 2448 muni-

108 2479 218 2535 cipia
243 2488 385 2522 autem
413 2487 577 2521 tantum
606 2479 706 2528 duo,
737 2478 885 2521 Gades
912 2486 953 2520 et
972 2479 1197 2535 Reginam,
1223 2480 1357 2522 libera
1383 2480 1484 2529 duo,
1510 2478 1656 2534 Astigi

107 2559 149 2593 et
175 2549 472 2607 Ostipponem,
503 2551 722 2593 foederata
751 2551 853 2592 item
883 2550 993 2601 duo,
1026 2551 1239 2594 Malacam
1269 2560 1310 2594 et
1337 2552 1540 2607 Eporam,
1569 2551 1655 2592 La-

106 2623 192 2664 tina
221 2630 445 2677 quattuor,
476 2622 706 2678 Laepiam,
743 2623 914 2674 Uliam,
953 2622 1149 2665 Carisam
1185 2623 1428 2674 Aureliam,
1458 2624 1655 2679 Urgiam,

107 2702 155 2737 ut
183 2695 311 2751 longe
341 2694 475 2736 maior
502 2710 602 2751 pars
631 2695 888 2751 oppidorum
916 2711 1002 2752 quo
1034 2696 1126 2737 iure
1157 2697 1310 2746 fuerit,
1350 2711 1436 2739 non
1473 2695 1657 2738 addatur

107 2782 158 2810 ac
186 2781 443 2824 magnopere
472 2773 621 2816 erret,
642 2767 716 2822 qui
745 2782 815 2815 ea,
855 2783 964 2824 quae
993 2768 1098 2810 iuris
1131 2767 1443 2824 significatione
1470 2774 1654 2817 careant,

110 2838 386 2896 stipendiaria
416 2838 550 2880 fuisse
581 2839 790 2882 coniiciat.
859 2841 911 2882 In
939 2839 1249 2883 Tarraconensi
1277 2840 1499 2898 provincia
1527 2840 1655 2898 paulo
