1846 3100
186 143 265 187 144
625 149 677 181 De
701 146 816 180 Gallia
840 147 1074 180 Romanorum
1107 147 1293 190 provincia.

182 255 377 299 libertate
408 256 576 307 fuisset,
606 262 709 298 tunc
735 255 903 297 dudum
931 262 1020 298 erat
1052 255 1249 299 abolitus.
1302 256 1377 300 Sic
1406 257 1541 314 igitur
1570 263 1731 301 statue-

183 344 295 379 mus,
323 335 435 371 sorte
459 329 580 370 illum
605 327 822 384 accepisse
840 327 1072 378 Baeticam,
1100 329 1145 370 in
1170 344 1299 384 quam
1323 344 1420 372 cum
1443 345 1519 386 per
1537 329 1731 372 Africam

182 400 540 457 proficisceretur,
571 400 671 456 quia
700 400 870 442 interim
897 399 1150 442 Maurorum
1178 400 1338 443 bellum
1370 402 1595 444 conflatum
1629 408 1732 453 erat,

183 480 346 515 mutata
375 480 488 515 sorte
514 474 728 530 accepisse
748 471 1004 515 Sardiniam.
1048 473 1147 516 Hoc
1167 480 1310 516 autem
1330 474 1534 517 acciderit
1554 489 1731 517 necesse

183 552 249 588 est
277 560 388 588 anno
420 545 591 588 circiter
623 545 701 589 172
729 561 771 602 p.
799 538 902 587 Chr.
961 544 1072 588 Nam
1102 553 1347 602 praeturam
1377 545 1566 590 Severus
1597 547 1732 604 gessit

181 633 292 660 anno
317 618 467 661 aetatis
495 618 714 673 trigesimo
744 617 877 660 altero
910 615 1072 674 (Spart.
1099 632 1135 660 c.
1160 617 1204 672 3)
1234 618 1263 660 i.
1293 633 1346 668 e.,
1377 633 1476 661 cum
1507 633 1620 661 anno
1654 618 1732 662 146

182 697 308 732 natus
338 698 465 741 esset,
496 705 607 733 anno
640 690 740 740 1773
773 696 897 732 antea
924 690 1063 732 fuerat
1090 690 1291 734 tribunus
1320 690 1459 746 plebis
1490 698 1533 734 et
1561 691 1731 748 legatus

185 762 459 818 proconsulis
493 763 686 813 Africae,
727 761 885 818 quibus
925 762 1176 805 muneribus
1214 763 1250 805 si
1285 762 1615 818 quadriennium
1656 763 1732 804 tri-

182 835 389 886 buemus,
419 841 652 891 quaestura
679 835 724 876 in
753 850 872 884 eum,
904 849 1031 890 quem
1058 835 1162 885 dixi,
1192 850 1352 877 annum
1380 835 1561 886 incidet3
1606 842 1732 890 atque

183 907 238 949 ad
269 907 386 950 idem
417 914 586 964 tempus
619 908 874 950 Maurorum
910 907 1095 958 bellum,
1137 907 1253 962 quod
1283 905 1554 964 Capitolinus
1581 907 1731 949 Marco

185 995 220 1022 c.
245 980 293 1023 21
329 987 644 1030 commemorat,
671 979 943 1022 referendum
969 979 1060 1022 erit.
1105 979 1197 1021 Nec
1226 987 1367 1023 tamen
1391 978 1542 1023 Severi
1567 986 1731 1023 tantum

182 1053 423 1108 quaestoria
462 1068 555 1095 sors
596 1059 700 1094 tunc
737 1059 899 1094 mutata
937 1059 1025 1103 est,
1072 1052 1148 1095 sed
1184 1052 1355 1095 omnino
1396 1059 1483 1095 tota
1512 1051 1733 1109 provincia

184 1125 370 1174 Baetica,
401 1140 510 1181 quae
539 1126 583 1167 in
614 1132 787 1168 senatus
817 1131 1026 1181 potestate
1054 1125 1206 1176 fuerat,
1236 1141 1332 1167 cum
1362 1125 1574 1175 Sardinia,
1601 1139 1729 1180 quam

182 1197 282 1239 inde
308 1197 362 1239 ab
380 1197 648 1254 Vespasiano
673 1197 941 1254 imperatoris
970 1211 1064 1239 esse
1088 1198 1365 1240 consuevisse
1386 1198 1430 1239 in
1448 1196 1730 1240 Commentat.

185 1269 408 1326 epigraph.
438 1271 484 1312 Π
521 1286 564 1327 p.
597 1270 676 1313 267
720 1270 1129 1320 demonstravimus,
1173 1277 1452 1321 commutata,
1492 1268 1730 1323 mansitque

183 1341 447 1398 aliquamdiu
476 1343 548 1385 illa
573 1342 690 1399 apud
720 1342 1044 1398 imperatorem,
1082 1342 1188 1384 haec
1218 1343 1331 1399 apud
1361 1348 1566 1385 senatum.
1619 1340 1730 1383 Nam

182 1413 235 1456 L.
265 1414 489 1471 Ragonius
528 1414 752 1457 Urinatius
791 1414 974 1457 Larcius
1011 1414 1274 1468 Quintianus
1304 1430 1462 1469 procos.
1487 1429 1600 1468 prov.
1632 1415 1730 1455 Sar-

182 1487 321 1527 diniae
362 1485 600 1529 Commodo
642 1487 878 1543 imperante
920 1487 1163 1530 nominatur
1200 1488 1317 1544 apud
1352 1486 1485 1530 Orell.
1520 1502 1562 1528 n.
1594 1486 1728 1536 64923

183 1555 451 1602 Commodus
478 1560 611 1616 igitur
638 1559 915 1602 mutationem
942 1575 967 1602 a
989 1566 1107 1615 patre
1135 1560 1290 1603 factam
1317 1559 1483 1616 imperii
1512 1559 1580 1601 sui
1607 1558 1728 1600 initio

182 1632 465 1676 conservavit.
525 1631 616 1675 Sed
645 1632 760 1674 idem
790 1638 931 1674 tamen
960 1629 1226 1674 Commodus
1254 1639 1424 1688 postea,
1469 1646 1567 1674 cum
1600 1630 1729 1674 Mau-

181 1718 327 1746 rorum
353 1710 492 1747 metus
517 1703 712 1747 sublatus
732 1710 857 1752 esset,
882 1703 1050 1746 reddita
1070 1705 1236 1746 senatui
1253 1705 1429 1747 Baetica
1444 1704 1538 1760 ipse
1559 1703 1730 1746 videtur

183 1774 689 1833 Sardiniamrecepisse.
743 1776 916 1818 Etenim
950 1776 1117 1819 circiter
1146 1792 1305 1819 annum
1341 1777 1417 1821 197
1446 1793 1489 1834 p.
1517 1775 1621 1820 Chr.
1653 1791 1728 1833 po-

184 1847 291 1895 situs
329 1855 394 1891 est
427 1848 536 1905 lapis
562 1849 770 1892 miliarius
801 1849 917 1905 apud
948 1847 1082 1891 Orell.
1114 1865 1156 1891 n.
1186 1849 1319 1900 5191,
1360 1849 1405 1891 in
1436 1864 1522 1905 quo
1549 1849 1726 1893 Marcus

181 1919 416 1964 Marcellus
445 1920 500 1963 V.
531 1921 583 1966 E.
614 1919 838 1964 Sardiniae
878 1928 1130 1977 procurator
1165 1919 1363 1977 Septimii
1394 1920 1545 1964 Severi
1575 1928 1616 1964 et
1642 1919 1727 1964 Ca·-

180 1992 323 2034 racalli
365 1993 622 2048 appellatum
677 2001 742 2036 est
783 1993 910 2035 etiam
947 1993 1056 2035 alius
1096 1993 1245 2036 titulus
1275 1994 1400 2050 ,apud
1442 1992 1578 2036 Orell.
1617 1993 1726 2036 5494

182 2064 232 2107 Ρ.
263 2065 407 2106 Porcii
443 2063 591 2121 Optati
627 2065 869 2115 Flammae,
914 2065 987 2120 qui
1028 2080 1139 2107 anno
1172 2065 1249 2108 196
1286 2082 1312 2108 a
1347 2072 1496 2108 senatu
1529 2071 1728 2108 narratur

181 2136 349 2193 legatus
377 2137 535 2179 missus
566 2151 661 2179 esse
689 2137 745 2179 ad
775 2137 876 2194 imp.
909 2137 1166 2193 Septimium
1197 2135 1408 2180 Severum
1438 2145 1480 2180 et
1509 2144 1606 2180 ante
1634 2127 1727 2180 eam

180 2208 440 2264 legationem
472 2224 556 2250 non
592 2208 721 2251 modo
756 2216 951 2265 praetor,
993 2209 1069 2252 sed
1098 2210 1223 2252 etiam
1253 2216 1455 2265 quaestor
1480 2210 1726 2266 provinciae

181 2281 380 2324 Baeticae
417 2280 574 2324 fuisse:
621 2295 730 2336 quae
758 2289 987 2336 quaestura
1015 2282 1057 2323 in
1087 2282 1269 2338 primum
1303 2280 1453 2324 Severi
1481 2282 1574 2333 vel,
1611 2282 1727 2338 quod

181 2353 319 2409 magis
349 2353 492 2404 credo,
522 2354 565 2395 in
594 2360 831 2410 postremos
863 2351 1091 2396 Commodi
1121 2368 1255 2396 annos
1285 2355 1458 2397 incidet.

293 2426 379 2469 Per
406 2425 558 2482 viginti
585 2425 720 2482 igitur
747 2427 835 2468 fere
865 2441 997 2469 annos
1026 2426 1079 2468 ab
1106 2441 1216 2469 anno
1248 2427 1327 2470 172
1356 2442 1398 2483 p.
1429 2424 1532 2468 Chr.
1564 2425 1727 2482 Hispa-

179 2498 294 2541 niam
334 2498 551 2540 Baeticam
598 2497 903 2554 imperatorum
943 2499 1119 2554 legatis,
1172 2513 1258 2541 non
1298 2498 1628 2555 proconsulibus
1672 2497 1726 2539 ab

181 2577 333 2613 senatu
369 2570 512 2613 missis
551 2570 745 2627 paruisse
785 2570 1030 2612 didicimus.
1098 2569 1311 2627 Suscepta
1348 2579 1490 2614 autem
1526 2578 1591 2613 est
1620 2570 1726 2612 haec

179 2642 374 2692 mutatio,
402 2657 490 2684 non
518 2649 568 2684 ut
595 2656 723 2684 onera
750 2642 997 2698 provinciae
1026 2643 1293 2693 levarentur,
1325 2657 1434 2698 quae
1465 2659 1594 2686 causa
1623 2643 1725 2686 olim

179 2713 355 2757 Tiberio
391 2714 553 2766 fuerat,
594 2721 643 2756 ut
669 2713 878 2757 Achaiam
912 2713 964 2756 ab
994 2721 1144 2757 senatu
1173 2715 1228 2757 ad
1258 2730 1380 2757 suam
1410 2730 1557 2758 curam
1585 2723 1724 2758 trans-

179 2786 322 2837 ferret,
355 2801 435 2830 nec
463 2794 512 2829 ut
538 2787 734 2830 civitates
760 2786 918 2829 leniore
947 2793 1118 2829 senatus
1145 2787 1323 2843 imperio
1350 2794 1572 2844 corruptae
1602 2802 1724 2831 seve-

179 2858 291 2900 riore
316 2858 446 2914 legati
467 2860 695 2916 disciplina
716 2867 1085 2915 componerentur,
1115 2875 1243 2915 quam
1265 2860 1319 2902 ob
1341 2875 1511 2903 causam
1537 2860 1723 2902 Plinium
