1846 3100
494 137 548 169 De
572 137 704 178 legibus
728 136 989 178 municipalibus
1012 135 1221 177 Hispanicis.
1554 132 1636 175 299

0 247 31 285 [⁴¹
90 247 308 303 Borghes.
348 248 392 290 in
427 246 583 289 Annal.
626 245 730 286 Inst.
773 244 887 286 arch.
930 243 1035 286 1849
1074 258 1116 300 p.
1143 243 1196 286 45
1235 243 1490 300 disputavit,
1530 259 1637 299 quae

0 316 1 322 ¹
24 330 31 357 ''-
90 335 200 363 anno
229 320 280 363 ‘27
316 335 355 376 p.
388 316 491 360 Chr.
522 317 576 360 ab
604 317 657 358 L.
675 316 802 358 Iunio
835 314 981 358 Silano
1013 323 1055 358 et
1086 314 1136 358 C.
1159 315 1332 358 Vellaeo
1361 315 1523 357 Tutore
1550 330 1636 357 cos.

89 399 239 448 rogata
276 399 354 434 est.
419 391 518 446 Ipse
558 389 683 430 etiam
723 388 901 430 Tacitus
939 388 1055 430 Ann.
1086 388 1164 438 IV,
1200 388 1249 431 16
1287 395 1429 430 narrat
1465 397 1637 429 auctore

27 493 30 499 -
89 463 264 507 Tiberio
305 463 358 506 de
391 460 604 504 flaminica
641 460 758 502 Diali
798 460 938 516 legem
968 460 1048 502 rite
1084 475 1178 502 esse
1208 460 1349 503 latam.
1405 459 1636 512 Quodcum

87 537 168 579 hoc
197 544 389 591 tempore
411 535 453 576 in
482 533 599 575 exitu
631 547 762 588 prope
789 533 1056 589 imperatoris
1077 532 1240 575 Tiberii
1263 533 1384 588 leges
1404 532 1513 574 latae
1539 532 1636 581 sint,

89 608 186 664 quis
217 607 446 663 quicquam
479 613 554 647 aut
587 604 752 660 paucis,
792 605 865 659 qui
894 604 1069 647 Tiberio
1101 613 1364 661 supererant,
1395 604 1515 646 annis
1543 619 1637 644 mu-

89 687 222 722 tatum
254 687 328 722 aut
366 695 390 720 a
427 677 627 734 Caligula
658 676 803 733 populi
842 683 1095 732 potestatem
1125 677 1392 719 imminutam
1433 691 1527 718 esse
1556 691 1637 732 pu-

24 759 26 762 ’
91 751 223 795 tabit?
261 751 419 808 quippe
451 766 476 793 a
506 764 589 805 quo
620 757 786 791 constet
824 749 949 791 etiam
984 750 1253 791 comitiorum
1287 756 1471 792 veterem
1507 749 1636 791 ratio-

19 848 22 850 ·
89 839 200 874 nem,
238 831 288 865 ut
323 822 601 878 magistratus
638 820 690 863 ab
719 821 878 877 populo
908 822 1243 872 nominarentur,
1275 837 1369 864 esse
1397 821 1636 863 restitutam

19 890 22 892 ¹
90 895 233 951 (Suet.
267 893 359 938 Cal.
391 894 476 948 16).
534 894 685 949 Itaque
720 892 827 934 nihil
861 894 962 935 novi
998 894 1160 936 invenit
1201 902 1286 943 aut,
1329 894 1445 949 quod
1476 892 1528 935 ab
1561 893 1636 935 de-

90 967 335 1010 cessoribus
373 966 580 1008 abolitum
620 975 722 1016 erat,
755 980 808 1008 ex
849 966 1099 1021 antiquitate
1127 966 1236 1008 male
1274 966 1473 1022 repetivit
1505 964 1635 1007 Clau-

89 1039 202 1090 dius,
230 1054 315 1095 quo
343 1039 578 1095 imperante
606 1038 843 1094 compluria
874 1037 927 1079 de
958 1037 1050 1079 iure
1072 1038 1187 1080 civili
1212 1037 1384 1094 legibus
1407 1039 1635 1081 constituta

0 1097 22 1157 f}
89 1120 203 1154 sunt.
257 1111 367 1154 Nam
404 1111 544 1167 legem
585 1109 809 1153 Claudiam
851 1110 1071 1152 nominant
1113 1108 1251 1152 Gaius
1280 1110 1316 1160 I,
1352 1112 1427 1154 ‘157
1460 1119 1501 1153 et
1532 1112 1634 1161 1713

18 1175 23 1211 Ῐ
91 1184 192 1240 Ulp.
226 1183 312 1234 XI,
344 1183 388 1232 8;
433 1183 536 1225 Tac.
569 1183 684 1225 Ann.
710 1182 795 1232 XI,
831 1182 894 1231 13,
935 1197 985 1224 ac
1015 1197 1142 1238 saepe
1174 1190 1367 1224 veterum
1396 1183 1541 1238 legum
1573 1184 1635 1225 fe-

87 1256 319 1300 rend-arum
357 1254 565 1298 rationem
613 1261 864 1310 usurpatam
905 1269 999 1297 esse
1039 1254 1162 1297 docet
1204 1254 1309 1296 Tac.
1336 1254 1423 1305 XI,
1457 1255 1519 1305 14,
1561 1255 1634 1310 qui

88 1343 155 1369 aes
178 1328 441 1381 publicandis
470 1328 688 1379 plebiscitis
716 1341 792 1380 per
810 1330 921 1380 fora
951 1342 1000 1367 ac
1034 1329 1185 1380 templa
1205 1329 1346 1378 fixum
1381 1342 1635 1370 commemo-

18 1410 19 1414 ’
88 1407 166 1442 rat.
223 1399 373 1454 Neque
416 1399 498 1441 sub
540 1399 711 1441 Nerone
750 1410 821 1440 aut
862 1398 1150 1441 intermissam
1188 1407 1261 1441 aut
1299 1407 1502 1442 mutatam
1541 1415 1635 1442 esse

17 1471 19 1521 J
89 1471 383 1515 existimamus
412 1478 600 1514 veterem
630 1471 776 1527 legum
809 1471 1189 1522 consuetudinem3
1223 1472 1330 1514 nihil
1361 1473 1472 1514 enim
1502 1472 1546 1514 in
1573 1487 1634 1522 ea,

85 1559 213 1600 quam
246 1551 479 1600 acceperat,
510 1543 731 1600 republica
758 1558 942 1586 novasse
974 1543 1143 1586 dicitur.
1200 1542 1346 1599 Atque
1372 1549 1417 1585 in
1446 1544 1540 1586 aliis
1570 1559 1634 1586 re-

4 1646 16 1674 ..²
86 1615 169 1658 bus
207 1616 416 1658 mansisse
447 1616 595 1672 legum
625 1623 819 1657 veterum
849 1616 1057 1658 rationem
1096 1616 1279 1667 scimus3
1315 1632 1414 1659 nam
1443 1623 1492 1657 ut
1521 1615 1635 1657 Nero

0 1677 11 1695 ''
86 1688 179 1744 ipse
208 1688 305 1744 lege
332 1695 483 1744 rogata
510 1703 535 1730 a
552 1686 737 1730 Claudio
769 1687 996 1743 adoptatus
1025 1696 1114 1731 erat
1143 1688 1266 1746 (Tac.
1286 1688 1402 1730 Ann.
1420 1688 1528 1738 XII,
1547 1687 1634 1742 26),

87 1759 190 1802 item
222 1758 376 1810 Galba,
406 1775 505 1802 cum
530 1759 734 1801 Pisonem
763 1758 1035 1803 Licinianum
1066 1763 1301 1818 adoptaret,
1336 1765 1462 1816 legem
1497 1764 1634 1803 curia-

88 1839 173 1872 tam
201 1838 501 1874 commemorat
530 1831 652 1883 (Tac.
683 1832 798 1874 Hist.
827 1833 862 1883 Ι,
892 1833 956 1887 15)
983 1849 1033 1876 ac
1062 1834 1158 1890 lege
1188 1850 1233 1877 se
1264 1835 1512 1890 adoptatum
1541 1849 1635 1876 esse

88 1903 261 1946 videtur
287 1905 382 1960 ipse
410 1904 514 1946 Piso
545 1904 797 1957 significare,
828 1906 900 1959 qui
933 1906 977 1947 in
1014 1906 1210 1948 contione
1235 1906 1351 1962 apud
1372 1906 1528 1948 milites
1550 1921 1635 1948 non

47 1985 50 1987 ’
88 1983 282 2018 senatum
322 1976 464 2026 modo,
506 1991 654 2019 verum
685 1977 811 2019 etiam
842 1978 1050 2034 populum
1088 1978 1271 2034 appellet
1307 1978 1429 2033 (Tac.
1457 1978 1571 2020 Hist.
1599 1979 1634 2029 I,

14 2045 19 2048 ”
89 2048 175 2102 30).
225 2049 460 2104 Imperium
489 2055 631 2091 autem
661 2049 803 2105 ipsum
835 2050 1103 2105 Vespasiano
1131 2050 1319 2092 delatum
1348 2065 1442 2092 esse
1471 2058 1635 2093 constat

85 2119 195 2176 lege,
226 2135 311 2162 non
340 2128 513 2163 senatus
546 2128 710 2164 tantum
740 2122 959 2171 consult03
987 2138 1085 2164 nam
1112 2123 1192 2165 etsi
1219 2123 1396 2165 Tacitus
1422 2122 1537 2164 Hist.
1557 2123 1592 2173 I,
1610 2124 1633 2165 3

85 2200 249 2235 tantum
273 2192 335 2235 sic
363 2193 441 2235 ait:
471 2201 514 2234 at
542 2196 696 2235 Romae
718 2201 883 2235 senatus
899 2202 1049 2235 cuncta
1065 2196 1325 2248 principibus
1346 2197 1465 2235 solitu
1494 2198 1633 2247 Vespa—

15 2315 17 2317 ·
85 2267 202 2305 siano
231 2266 424 2314 decernit,
450 2280 589 2320 neque
617 2266 844 2321 quicquam
873 2265 927 2308 de
957 2267 1105 2322 populi
1134 2266 1453 2309 confirmatione
1473 2266 1632 2316 adiicit,

87 2350 187 2378 vere
228 2344 368 2378 tamen
411 2337 552 2393 legem
594 2344 787 2393 rogatam
832 2353 926 2380 esse
968 2338 1200 2380 ostendunt
1245 2338 1336 2380 eius
1380 2339 1632 2394 fragmenta,

85 2422 195 2463 quae
233 2416 478 2464 supersunt.
534 2408 684 2463 Neque
715 2410 856 2460 video,
886 2410 1101 2466 quomodo
1128 2411 1233 2452 haec
1264 2410 1318 2452 de
1353 2410 1532 2466 imperio
1562 2410 1632 2451 lex

12 2501 13 2505 =
84 2479 138 2521 ab
171 2480 337 2530 ceteris,
370 2495 479 2536 quae
510 2480 564 2523 de
601 2482 694 2523 iure
726 2482 839 2524 civili
868 2484 1077 2532 feruntur,
1109 2490 1326 2538 tantopere
1363 2482 1546 2532 differat,
1584 2487 1633 2523 ut

84 2551 156 2602 illa
197 2553 382 2608 potuerit.
425 2553 600 2608 antiquo
640 2569 757 2597 more
794 2554 959 2611 rogari,
1002 2554 1081 2596 hae
1122 2569 1206 2595 non
1246 2554 1472 2609 potuerint..
1526 2553 1632 2595 Erat

85 2637 200 2674 sane,
241 2632 467 2680 antequam
500 2640 550 2667 ea
589 2634 826 2682 rogaretur,
858 2627 1003 2668 nullus
1037 2625 1266 2681 imperator
1294 2625 1534 2680 militesque
1566 2640 1629 2675 eo,

85 2696 209 2738 cuius
251 2704 514 2738 sacramento
557 2703 816 2749 tenerentur,
860 2698 1071 2747 carebant,
1115 2697 1189 2739 sed
1233 2706 1352 2739 erant
1392 2697 1504 2739 soliti
1545 2697 1629 2739 rei-

84 2766 281 2822 publicae
307 2768 584 2823 magistratus
622 2771 833 2820 consules,
877 2777 964 2812 erat
999 2777 1186 2819 senatus,
1218 2776 1307 2811 erat
1337 2769 1521 2824 denique
1551 2784 1629 2825 po-

83 2838 213 2893 pulus
249 2839 484 2890 Romanus,
522 2842 638 2897 apud
679 2857 804 2897 quem
839 2858 1005 2884 summa
1047 2841 1235 2883 omnium
1268 2856 1410 2883 rerum
1440 2850 1628 2897 potestas
