1846 3100
197 134 252 177 80
649 136 704 168 De
732 135 844 169 Gallia
867 136 1099 169 Romanorum
1124 137 1308 180 provincia.

199 245 289 288 dita
307 252 384 296 est,
419 245 549 288 huius
567 246 666 288 anni
693 251 853 287 aestate
872 243 927 298 Q.
945 244 1167 287 Metellum
1198 260 1294 288 cum
1309 246 1517 289 Vaccaeis
1533 262 1751 305 pugnasse

201 318 446 368 docuimus,
477 326 540 368 ut,
571 333 668 360 cum
703 317 968 373 provinciam
999 325 1225 372 antequam
1261 319 1332 361 alii
1361 319 1568 375 assignari
1600 320 1750 376 possit,

201 404 379 432 vacuam
408 405 503 432 esse
534 397 740 446 oporteat,
771 396 884 432 certe
908 388 1114 431 universa
1127 389 1341 446 Hispania
1369 399 1528 434 aestate
1558 392 1750 434 nondum

198 462 403 518 Pompeio
430 462 622 503 mandari
652 461 853 518 potuerit.
895 460 1067 503 Deinde
1089 462 1193 516 quid
1222 469 1286 504 est
1314 463 1429 518 quod
1447 461 1601 506 Cicero
1618 464 1748 507 Pom-

198 534 344 590 peium
377 533 457 576 sibi
490 534 763 590 displicuisse
795 533 974 575 scribit?
1025 534 1097 575 Ad
1128 534 1416 577 valetudinem
1446 535 1492 577 id
1519 543 1633 579 certe
1662 551 1745 579 non

198 606 395 662 pertinet,
428 607 504 649 sed
535 605 777 662 poenitebat
802 606 1017 648 hominem
1047 621 1194 651 eorum
1218 622 1327 662 quae
1354 607 1397 649 in
1416 609 1639 651 consulatu
1670 623 1749 651 suo

199 693 327 734 agere
365 686 492 734 atque
526 679 697 734 assequi
735 685 883 734 posset
917 678 1211 734 imprimisque
1248 680 1593 735 provinciarum,
1639 696 1748 736 quas

199 750 280 792 sibi
320 751 599 806 collegaeque
638 751 738 792 olim
763 766 793 792 a
825 758 974 792 senatu
1007 750 1201 793 decretas
1232 766 1327 794 esse
1357 752 1536 795 videret.
1601 754 1747 810 Ipsam

196 823 324 865 etiam
352 823 494 879 legem
522 822 780 865 Treboniam
804 823 932 878 longe
960 823 1238 879 posteriorem
1269 838 1396 879 quam
1419 822 1746 869 Ciceronianam

200 895 422 952 epistolam
467 911 563 938 esse
602 896 713 938 infra
754 910 1041 952 exponemus,
1091 904 1541 939 necconsentaneum
1575 905 1641 940 est
1675 907 1748 940 aut

199 982 298 1009 cum
328 968 529 1010 similium
559 968 704 1022 legum
741 967 1052 1010 consuetudine
1088 968 1286 1021 congruit
1315 978 1388 1011 aut
1427 969 1612 1025 denique
1650 985 1747 1014 cum

199 1039 340 1082 Dione
369 1040 614 1090 XXXIX,
650 1040 725 1090 39,
762 1040 836 1095 qui
869 1040 1009 1082 statim
1049 1048 1146 1096 post
1180 1040 1320 1096 legem
1347 1041 1475 1083 latam
1507 1041 1670 1096 legatos
1703 1043 1747 1084 in

198 1113 440 1168 provincias
459 1112 612 1154 missos
640 1127 735 1154 esse
755 1113 826 1161 ait,
857 1113 1070 1163 convenit,
1098 1121 1145 1153 ut
1173 1113 1307 1154 multo
1338 1120 1564 1169 postquam
1583 1115 1748 1171 rogatio

197 1185 252 1226 ad
281 1185 488 1240 populum
518 1185 604 1226 lata
633 1194 711 1234 est,
741 1183 870 1234 diem,
898 1199 983 1239 quo
1015 1185 1213 1226 consules
1232 1185 1476 1241 provincias
1494 1187 1748 1242 acciperent,

195 1257 360 1298 finitum
391 1271 486 1299 esse
516 1256 824 1298 existimemus.
869 1256 1016 1309 Quare
1046 1257 1179 1299 verba
1206 1257 1279 1299 illa
1306 1255 1527 1300 Ciceronis
1557 1258 1612 1301 ad
1632 1257 1747 1301 Atti-

199 1343 294 1370 cum
327 1329 382 1371 ad
401 1329 647 1385 provincias
676 1328 776 1370 olim
807 1335 918 1370 anno
938 1329 991 1371 56
1014 1344 1066 1371 ex
1095 1329 1192 1386 lege
1213 1328 1467 1385 Sempronia
1497 1330 1748 1374 consulibus

195 1401 415 1451 decretas,
459 1416 543 1443 non
587 1402 641 1444 ad
679 1416 774 1451 eas,
817 1416 927 1456 quae
967 1401 1064 1457 lege
1101 1401 1317 1444 Trebonia
1353 1401 1594 1458 assignatae
1633 1411 1747 1454 sunt,

196 1474 349 1523 refero,
376 1481 424 1515 ut
446 1473 679 1530 Pompeius
710 1489 856 1516 mense
873 1473 992 1516 Maio
1019 1488 1171 1530 parum
1204 1481 1430 1516 contentus
1461 1474 1530 1524 iis,
1556 1490 1666 1531 quae
1693 1475 1747 1518 ab

196 1552 345 1586 senatu
381 1545 644 1602 obtigerant,
685 1561 788 1587 num
820 1546 926 1600 quid
958 1547 1068 1588 forte
1109 1546 1268 1588 lautius
1307 1562 1331 1588 a
1360 1547 1518 1603 populo
1554 1547 1747 1604 accipere

196 1625 355 1672 posset,
386 1619 528 1661 animo
559 1619 747 1675 agitasse
778 1619 1005 1674 legemque
1034 1618 1290 1661 Treboniam
1317 1633 1596 1675 praeparasse
1623 1627 1746 1676 pute-

195 1698 277 1740 tur,
306 1691 351 1732 in
381 1691 540 1746 quibus
571 1691 675 1733 dum
706 1699 772 1734 est
801 1689 1152 1746 cogitationibus,
1180 1698 1311 1733 morte
1344 1690 1399 1744 Q.
1432 1691 1606 1747 Nepotis
1633 1707 1746 1735 nun-

196 1763 298 1805 tiata
350 1763 577 1806 universae
619 1763 855 1819 Hispaniae
906 1763 944 1804 ei
991 1763 1224 1805 tradendae
1270 1764 1435 1805 occasio
1481 1763 1622 1806 oblata
1668 1771 1745 1806 est.

198 1835 491 1878 Veruntamen
521 1836 636 1877 unde
664 1835 871 1878 discimus
901 1850 983 1877 non
1011 1835 1256 1878 nominatim
1283 1834 1538 1877 aTrebonio
1566 1836 1742 1891 provin-

196 1907 281 1950 cias
322 1906 481 1950 Crasso
522 1915 563 1950 et
593 1908 800 1963 Pompeio
836 1923 931 1950 esse
963 1907 1174 1950 tributas?
1235 1907 1451 1949 Nimirum
1487 1907 1604 1963 quod
1636 1907 1744 1950 Plu-

196 1979 370 2022 tarchus
401 1978 548 2022 Crass.
576 1995 611 2022 c.
647 1981 695 2022 15
729 1980 992 2022 sortitionem
1023 1994 1171 2021 eorum
1201 1986 1527 2022 commemorat:
1570 1994 1624 2022 ex
1659 1995 1744 2035 qua

198 2066 296 2093 cum
326 2052 391 2093 illi
417 2050 557 2107 Syria,
587 2052 688 2095 huic
717 2052 931 2108 Hispania
958 2052 1136 2094 ulterior
1164 2052 1393 2102 evenisset,
1430 2051 1501 2094 lex
1530 2050 1746 2095 Trebonia

195 2123 302 2165 nihil
328 2124 411 2165 nisi
442 2139 550 2178 quae
582 2131 756 2166 senatus
773 2139 823 2166 ac
847 2139 936 2166 sors
961 2123 1152 2173 dederat,
1181 2124 1344 2166 ambitu
1376 2123 1580 2174 extendit,
1608 2123 1744 2180 copiis

196 2195 330 2244 auxit,
361 2195 541 2251 imperio
572 2196 861 2252 amplificavit.

306 2267 403 2309 Hac
430 2267 565 2323 igitur
590 2267 686 2323 lege
711 2268 773 2310 M.
794 2266 954 2310 Crasso
984 2275 1026 2309 et
1048 2265 1130 2309 Cn.
1157 2267 1363 2323 Pompeio
1395 2267 1638 2310 consultum
1665 2276 1744 2318 est,

198 2353 285 2393 qua
314 2339 474 2394 perlata
504 2339 588 2394 (sic
614 2339 726 2381 enim
759 2339 954 2382 scribunt
986 2338 1074 2380 Dio
1105 2339 1340 2389 XXXIX,
1368 2339 1420 2381 33
1445 2346 1487 2380 et
1516 2339 1631 2381 Plut.
1649 2337 1743 2382 Cat.

199 2425 235 2452 c.
256 2410 330 2463 43)
359 2410 456 2466 ipsi,
490 2411 565 2465 qui
597 2410 682 2453 iam
711 2411 953 2467 provincias
985 2419 1249 2467 acceperant,
1275 2411 1473 2453 consules
1495 2412 1644 2454 eodem
1672 2413 1743 2455 die

196 2482 304 2538 (Dio
331 2482 576 2532 XXXIX,
609 2482 683 2537 36)
715 2482 838 2525 aliam
870 2483 923 2525 de
956 2481 1143 2525 Caesare
1171 2484 1312 2540 legem
1341 2484 1630 2539 pertulerunt,
1658 2500 1744 2541 qua

195 2554 380 2610 primum
412 2560 601 2609 potestas
629 2553 722 2596 eius
752 2554 1005 2610 amplificata
1036 2563 1114 2605 est,
1144 2563 1193 2596 ut
1207 2555 1355 2598 liceret
1385 2556 1423 2598 ei
1446 2571 1543 2599 cum
1562 2557 1741 2612 quibus-

195 2639 364 2680 cunque
395 2626 522 2668 vellet
551 2633 592 2668 et
621 2626 780 2668 bellum
809 2641 958 2683 gerere
989 2634 1031 2668 et
1054 2642 1202 2683 pacem
1231 2628 1384 2678 facere,
1415 2629 1582 2684 aliaque
1611 2644 1741 2684 quae-

195 2697 295 2739 dam
323 2697 487 2740 minora
507 2697 749 2749 constituta,
779 2698 935 2740 deinde
951 2699 1176 2754 imperium
1195 2708 1472 2756 prorogatum
1501 2701 1545 2743 in
1562 2702 1741 2744 alterum

195 2768 550 2824 quinquennium,
581 2785 634 2812 ne
665 2770 783 2826 prius
802 2785 928 2824 quam
958 2772 1156 2814 consules
1187 2772 1270 2827 ipsi
1300 2772 1534 2814 exercitum
1564 2773 1740 2828 provin·
1794 2815 1799 2820 ,

196 2840 389 2895 ciamque
421 2841 633 2883 dimittere
665 2850 904 2897 cogeretur.
970 2843 1119 2898 Neque
1150 2845 1265 2886 enim
1292 2852 1405 2887 recte
1436 2844 1541 2887 haec
1569 2859 1740 2900 quoque
