1846 3100
172 177 254 221 228
614 181 668 212 De
695 181 870 213 dictatoris
895 180 1052 213 Caesaris
1076 180 1276 214 honoribus.

172 305 258 332 non
287 290 429 333 minus
461 305 588 346 quam
620 305 730 332 anno
761 289 834 340 49,
867 304 966 332 cum
995 303 1081 330 non
1110 289 1162 331 sit
1192 289 1408 341 additum,
1436 292 1721 336 inconstantia

172 363 294 413 mira,
326 378 435 418 quae
464 361 646 418 intelligi
674 367 856 416 nequeat
872 392 883 411 ‚
915 361 1263 417 deprehenditur.
1323 362 1455 416 Quod
1482 365 1518 406 si
1545 365 1644 407 anni
1667 365 1720 408 44

171 435 291 478 initio
321 442 515 490 quartam
548 434 802 476 dictaturam
832 434 1039 476 collocare
1067 433 1248 486 volebat,
1278 435 1472 490 quisquis
1490 435 1596 480 haec
1614 437 1719 480 scri-

170 507 271 563 psit,
305 507 414 549 male
444 506 516 549 ille
542 506 731 562 quidem,
766 506 841 548 sed
869 505 905 548 si
936 505 1126 557 volebat,
1158 514 1299 548 tamen
1327 509 1460 549 eodem
1492 523 1603 549 anno
1634 523 1720 551 non

171 579 308 636 magis
338 579 474 621 omitti
504 577 654 620 debuit
686 593 814 634 quam
844 593 955 620 anno
985 578 1052 629 47,
1093 593 1179 634 quo
1207 579 1328 621 alteri
1355 577 1554 622 Caesaris
1585 580 1721 624 dicta-

172 658 293 694 turae
331 651 578 694 consulatus
618 650 674 704 Q.
708 648 858 693 Caleni
893 658 934 693 et
965 651 1016 692 P.
1042 650 1204 694 Vatinii
1243 650 1480 693 subiicitur.
1547 651 1719 694 Etenim

171 724 254 766 hoc
289 739 400 766 anno
430 724 480 767 47
519 723 637 779 quod
671 722 744 764 illa
779 723 963 765 formula
1000 723 1211 780 reperitur
1249 723 1328 765 etsi
1366 723 1583 780 singulare
1626 739 1720 766 esse

171 795 324 846 video,
363 802 505 838 tamen
541 802 583 837 et
606 795 800 852 intelligo
827 803 867 837 et
893 810 1066 838 excuso.
1123 795 1225 837 Iniit
1259 793 1421 838 Caesar
1449 795 1559 839 hanc
1585 795 1721 838 dict-a-

172 875 311 910 turam
345 868 429 909 iam
467 883 578 920 anno
606 868 657 911 48
694 873 852 923 (neque
886 868 998 910 enim
1029 868 1075 909 id
1106 867 1286 910 dubium
1315 867 1421 923 est),
1466 868 1542 911 sed
1571 868 1722 911 habuit

172 955 354 983 annuam
397 940 599 995 quodque
638 941 737 982 anni
763 941 816 983 48
855 956 903 982 ea
937 939 1400 996 comprehendebatur,
1437 941 1721 998 supplementi

171 1013 295 1068 quasi
320 1013 415 1054 loco
445 1020 564 1054 extra
593 1028 752 1054 annum
784 1011 1036 1054 addebatur.
1083 1011 1253 1054 Poterat
1273 1012 1408 1069 igitur
1432 1013 1564 1055 altera
1588 1013 1720 1055 dicta-

171 1090 268 1126 tura
307 1084 618 1139 quodammodo
661 1085 773 1126 intra
808 1085 915 1126 fines
953 1084 1051 1126 anni
1081 1084 1131 1127 47
1171 1084 1392 1140 perscribi.
1450 1085 1721 1140 Quamquam

172 1155 231 1198 sic
271 1156 443 1198 solitum
477 1165 566 1199 erat
602 1157 740 1213 priore
778 1158 872 1199 loco
906 1158 1006 1213 poni
1043 1157 1260 1207 consules,
1306 1173 1357 1198 ex
1387 1156 1544 1213 quibus
1582 1173 1719 1200 annus

169 1228 488 1278 numerabatur,
523 1229 728 1284 subsequi
760 1229 1026 1280 dictatorem,
1057 1244 1196 1285 neque
1225 1229 1414 1279 interest,
1445 1237 1588 1271 utrum
1619 1229 1718 1271 Kal.

169 1301 260 1343 Ian.
279 1317 333 1343 an
351 1308 500 1356 postea
516 1302 659 1344 ineant
678 1302 888 1344 consules.
930 1301 1140 1354 Quotiens
1160 1303 1272 1344 enim
1289 1302 1333 1343 in
1347 1301 1544 1344 libertate
1559 1303 1717 1344 factum

171 1380 282 1424 erat,
327 1381 376 1415 ut
415 1374 535 1416 initio
568 1375 667 1416 anni
695 1374 938 1431 respublica
973 1390 1105 1430 penes
1138 1374 1374 1430 interreges
1410 1381 1524 1416 esset
1559 1389 1716 1416 consu-

169 1446 317 1502 lesque
344 1446 479 1487 multo
505 1453 603 1502 post
627 1446 798 1489 fierent:
832 1447 908 1489 sed
937 1447 1233 1489 nominabatur
1257 1454 1396 1488 tamen
1421 1445 1474 1488 ab
1493 1446 1547 1488 iis
1565 1461 1717 1497 annus,

169 1526 217 1560 ut
248 1534 395 1561 eorum
425 1519 597 1560 nomina
627 1535 652 1561 a
677 1519 889 1576 principio
924 1519 1122 1561 collocari
1149 1525 1371 1574 oporteret.
1428 1518 1718 1560 Veruntamen

170 1590 368 1634 consules
407 1591 513 1634 adeo
550 1591 596 1633 in
636 1592 754 1634 exitu
791 1592 890 1634 anni
929 1590 1059 1633 creati
1094 1597 1234 1640 erant,
1280 1590 1463 1632 dictator
1499 1597 1719 1646 tantopere

170 1661 378 1718 dignitate
407 1663 663 1720 praestabat,
691 1671 752 1714 ut,
781 1679 879 1706 cum
899 1681 924 1706 a
945 1663 1257 1706 consuetudine
1275 1663 1483 1704 fastorum
1499 1677 1719 1704 recessum

169 1750 264 1778 esse
298 1735 488 1786 videam,
530 1743 671 1778 tamen
698 1737 827 1778 huius
859 1751 1016 1778 nomen
1046 1735 1266 1791 anteponi,
1310 1735 1481 1776 illorum
1514 1734 1718 1776 honorem

169 1808 338 1850 inanem
366 1808 486 1863 sequi
515 1808 756 1864 errorisque
783 1808 947 1850 vitandi
975 1823 1104 1850 causa
1130 1809 1262 1849 eodem
1292 1822 1403 1848 anno
1426 1805 1608 1848 interiici
1633 1820 1718 1848 non

170 1895 429 1936 magnopere
456 1881 597 1923 mirer.
643 1880 917 1936 Quamquam
938 1895 1089 1922 rursus
1107 1879 1181 1921 illa
1200 1879 1438 1921 constantia
1454 1877 1717 1928 admiranda,

169 1952 285 2008 quod
307 1967 470 2003 versus,
497 1953 656 2008 quibus
674 1954 886 1995 dictatura
904 1952 1157 2001 continetur,
1178 1951 1290 1993 intra
1308 1951 1531 1993 consulum
1546 1950 1719 1992 nomina

170 2024 451 2067 reducuntur.
512 2025 572 2066 At
605 2039 714 2080 quae
746 2025 833 2066 duo
865 2030 1097 2080 supersunt
1125 2025 1259 2064 eodem
1291 2038 1421 2072 anno,
1463 2037 1512 2064 ea
1547 2023 1620 2065 vix
1650 2022 1717 2064 in-

168 2097 304 2152 telligi
334 2111 459 2152 posse
485 2104 603 2153 puto.
662 2095 754 2139 Cur
783 2097 896 2139 enim
926 2097 1038 2138 inter
1064 2095 1231 2137 tertiam
1261 2095 1513 2137 dictaturam
1540 2102 1582 2135 et
1606 2094 1718 2136 inter

168 2176 368 2224 quartum
408 2169 676 2210 consulatum
710 2177 775 2212 est
804 2168 1104 2211 interiectum?
1160 2168 1283 2209 Illam
1325 2167 1435 2209 enim
1468 2165 1716 2208 certissimis

168 2240 433 2297 argumentis
472 2240 614 2282 medio
651 2242 740 2283 fere
781 2256 891 2283 anno
922 2241 974 2283 46
1015 2246 1256 2296 susceptam
1296 2254 1390 2281 esse
1431 2253 1510 2281 nec
1545 2237 1716 2280 omnino

168 2328 375 2363 annuam,
418 2313 493 2355 sed
533 2313 683 2356 decem
722 2328 930 2369 annorum
968 2313 1103 2354 fuisse
1142 2312 1540 2353 demonstravimus.
1594 2309 1716 2363 Quo-

169 2385 294 2427 modo
323 2385 458 2441 igitur
488 2401 625 2427 annus
657 2385 893 2428 dictaturae
924 2385 1009 2426 dici
1037 2384 1204 2440 potuit?
1258 2385 1415 2434 Immo,
1457 2384 1492 2426 si
1529 2383 1716 2439 reliquo-

167 2473 265 2500 rum
296 2472 506 2501 annorum
538 2457 806 2500 consuetudo
839 2457 1160 2506 observaretur,
1204 2456 1314 2498 inter
1351 2457 1522 2498 tertium
1561 2469 1715 2498 consu-

165 2529 300 2572 latum
341 2536 382 2572 et
418 2531 585 2572 tertiam
620 2530 875 2572 dictaturam
915 2531 1049 2569 eodem
1087 2543 1198 2568 anno
1234 2528 1577 2570 interficiendum
1612 2533 1714 2578 erat,

166 2611 345 2657 quartus
391 2609 533 2644 autem
580 2601 830 2645 consulatus
877 2601 967 2643 sine
1008 2601 1096 2642 ulla
1138 2601 1209 2642 tali
1254 2608 1354 2643 nota
1395 2599 1714 2655 relinquendus,

166 2674 326 2730 quippe
363 2674 437 2729 qui
471 2681 617 2716 utrum
654 2673 753 2715 Kal.
782 2674 873 2715 Ian.
913 2687 966 2714 an
998 2680 1096 2729 post
1127 2688 1198 2715 eas
1238 2679 1439 2729 acceptus
1470 2678 1583 2714 esset
1609 2671 1715 2712 nihil

165 2746 356 2787 referret.
412 2747 479 2788 Ac
506 2761 658 2788 rursus
691 2745 908 2801 singulare
940 2751 1026 2794 est,
1065 2745 1182 2799 quod
1218 2745 1329 2786 inter
1359 2742 1588 2787 Caesarem
1623 2757 1712 2784 cos.

164 2817 232 2859 IV
263 2825 304 2859 et
331 2817 444 2860 inter
471 2818 670 2860 consules
701 2817 739 2859 ei
769 2816 972 2858 suffectos
999 2817 1101 2859 item
1129 2818 1261 2858 eodem
1282 2831 1394 2858 anno
1416 2815 1712 2872 interponitur.

167 2885 261 2931 Cur
287 2889 399 2931 enim
427 2905 514 2932 non
542 2889 757 2939 scribitur,
787 2888 904 2944 quod
930 2903 1041 2930 anno
1068 2889 1119 2931 43
1146 2888 1317 2945 legitur,
1350 2886 1400 2930 C.
1419 2887 1578 2929 Iulium
1603 2885 1712 2929 Cae-
