1846 3100
543 151 598 183 De
625 151 758 192 legibus
785 150 1046 192 municipalibus
1071 149 1277 192 Hispanicis.
1604 146 1685 191 277

136 262 440 304 conciliabuleis
473 261 512 303 C.
544 262 595 300 R.
626 261 668 299 II
692 261 757 299 vir
786 261 873 299 IIII
894 261 959 299 vir
987 264 1130 306 erunt,
1170 263 1212 299 et
1241 273 1305 300 vs.
1334 257 1386 300 34
1415 273 1519 312 quae
1547 262 1687 300 mum·-

137 337 246 388 cipia
277 336 439 376 colonia
467 334 742 386 praefectura
759 334 871 384 fora
902 330 1178 371 conciliabula
1212 330 1251 372 C.
1284 332 1331 371 R.
1363 337 1463 371 sunt
1490 337 1615 371 erunt
1646 337 1688 373 et

137 422 202 450 vs.
227 407 281 451 68
307 421 411 460 quae
441 407 671 457 municipia
703 405 886 443 coloniae
910 403 1206 455 praefecturae
1232 403 1273 444 C.
1295 405 1347 444 R.
1377 405 1422 444 in
1445 405 1567 444 [talia
1591 410 1689 444 sunt

137 486 271 521 erunt.
319 477 444 531 Quae
471 484 637 519 tantum
660 475 795 524 abest,
824 481 873 515 ut
898 473 1130 530 municipia
1151 473 1308 516 Latina
1331 475 1467 517 fuisse
1491 475 1686 526 doceant,

137 559 186 594 ut
220 551 305 593 loci
337 549 523 592 Pliniani
563 547 888 604 explicationem
928 563 953 589 a
981 546 1105 588 nobis
1147 546 1384 589 institutam
1421 548 1687 603 apertissime

138 624 443 666 demonstrent.
511 620 622 663 Nam
663 635 760 662 cum
791 618 974 661 Caesare
1016 618 1242 669 dictatore,
1286 619 1360 674 qui
1396 620 1512 662 illam
1546 621 1688 676 legem

139 695 312 738 videtur
326 694 490 744 tulisse,
510 693 676 735 nullum
693 692 783 734 fere
799 699 963 733 constet
977 691 1021 732 in
1038 691 1162 733 Italia
1179 691 1314 733 fuisse
1333 692 1554 748 oppidum,
1571 694 1687 748 quod

140 768 310 811 civitate
330 767 524 810 Romana
550 772 724 815 careret,
751 772 893 806 tamen
922 778 1007 805 non
1036 763 1164 804 modo
1193 764 1440 820 municipia,
1468 765 1543 807 sed
1563 766 1687 808 etiam

139 840 328 884 coloniae
356 839 735 897 praefecturaeque
766 836 956 893 genitivo
990 836 1062 878 illo
1094 836 1253 878 civium
1282 836 1594 888 Romanorum,
1635 853 1688 881 ex

138 929 223 970 quo
248 913 469 956 hominum
498 925 654 967 genere
682 909 854 958 fuerint,
886 908 1166 964 explicantur,
1198 908 1314 950 unde
1333 908 1369 950 si
1387 909 1484 964 quis
1502 910 1546 951 in
1565 911 1690 953 Italia

138 993 241 1029 tunc
281 988 427 1040 (atque
462 984 606 1040 ipsum
645 981 792 1024 Italiae
830 996 984 1023 nomen
1024 981 1273 1037 apponitur)
1311 987 1352 1022 et
1383 982 1616 1038 municipia
1648 991 1690 1025 et

139 1058 327 1102 colonias
367 1065 409 1099 et
444 1056 758 1113 praefecturas,
800 1069 909 1109 quae
946 1053 1223 1096 Latinitatem
1268 1061 1433 1096 tanturn
1469 1054 1688 1106 haberent,

138 1131 274 1174 fuisse
319 1129 512 1185 colligat,
559 1134 688 1169 totam
733 1133 846 1168 certe
888 1126 1110 1168 historiam
1155 1133 1392 1182 pervertat:
1451 1127 1505 1168 de
1548 1128 1689 1170 muni-

139 1203 262 1260 cipiis
302 1217 404 1244 vero
444 1201 546 1243 solis
587 1199 693 1242 nihil
735 1213 787 1240 ex
829 1198 926 1254 lege
967 1198 1079 1241 Iulia
1120 1198 1409 1255 cognoscitur.
1488 1199 1689 1255 Denique

139 1274 371 1318 Frontinus
398 1274 452 1316 de
479 1280 670 1315 controv.
702 1286 845 1328 agror.
869 1270 915 1312 II
945 1269 1159 1328 (Gromat.
1186 1271 1253 1313 ed.
1275 1270 1455 1314 Lachm.
1486 1287 1526 1328 p.
1551 1272 1616 1322 36,
1643 1272 1689 1328 2)

140 1348 260 1390 citari
291 1347 462 1390 omnino
493 1361 578 1388 non
609 1344 781 1395 debuit,
814 1343 887 1400 qui
918 1358 1015 1385 cum
1046 1343 1154 1385 dixit
1183 1344 1333 1385 habent
1359 1351 1496 1384 autem
1519 1347 1690 1398 provin—

140 1424 228 1462 ciae
248 1427 289 1461 et
305 1421 574 1473 municipales
595 1433 719 1471 agros
742 1423 818 1458 aut
837 1419 1068 1457 civitatium
1085 1419 1420 1469 peregrinarum,
1448 1431 1527 1458 nec
1550 1416 1692 1458 omnia

141 1493 235 1550 agri
265 1507 442 1549 genera,
485 1506 595 1547 quae
623 1490 668 1531 in
698 1489 930 1546 provinciis
957 1495 1120 1537 essent,
1166 1488 1526 1544 comprehendere
1555 1489 1691 1530 voluit

141 1574 184 1609 et
209 1581 302 1608 eam
331 1580 441 1621 quae
470 1563 799 1620 municipiorum
833 1562 950 1619 agris
980 1570 1069 1605 erat
1107 1577 1206 1605 cum
1247 1563 1469 1605 civitatum
1498 1562 1690 1619 peregri-

140 1654 293 1682 narum
321 1637 437 1694 agris
468 1635 709 1686 diversitas,
739 1642 854 1677 recte
885 1635 1158 1691 significavit.

254 1711 400 1766 Atque
442 1709 548 1751 haec
586 1707 760 1763 quidem
801 1723 853 1748 ex
887 1707 981 1749 aliis
1012 1707 1292 1764 scriptoribus
1321 1707 1691 1763 monumentisque

142 1784 399 1832 afferuntur,
438 1795 546 1837 quae
585 1780 727 1822 afferri
764 1794 846 1822 non
877 1779 1080 1822 debuisse
1111 1780 1360 1830 docuimus3
1402 1779 1479 1823 sed
1509 1779 1554 1821 in
1584 1779 1691 1835 ipsis

142 1856 226 1898 illis
262 1854 419 1898 tabulis
449 1852 699 1909 Hispanicis
731 1867 834 1893 num
865 1852 970 1907 quid
999 1860 1084 1902 est,
1126 1852 1243 1908 quod
1272 1850 1525 1908 Salpensam
1552 1851 1692 1894 Mala-

144 1943 321 1984 camque
364 1935 406 1970 et
444 1924 676 1981 municipia
714 1925 850 1967 fuisse
894 1933 935 1967 et
973 1925 1204 1968 Latinitate
1248 1932 1414 1967 tantum
1454 1940 1555 1967 usas
1597 1938 1692 1966 esse

143 2000 370 2044 ostendat?
407 1999 476 2041 De
505 1997 725 2054 municipii
754 1997 925 2039 nomine
955 2013 1016 2039 ac·
1032 1998 1125 2040 iure
1157 2005 1334 2047 constat,
1364 2012 1449 2039 non
1470 1996 1607 2050 magis
1640 2011 1693 2038 ex

143 2073 237 2115 aliis
266 2070 632 2128 inscriptionibus,
663 2085 771 2126 quae
800 2070 912 2111 infra
939 2070 1198 2120 citabuntur,
1227 2085 1355 2125 quam
1386 2084 1439 2111 ex
1468 2069 1534 2111 his
1561 2069 1691 2125 ipsis:

145 2145 199 2187 de
214 2144 445 2187 Latinitate
475 2142 584 2185 illud
615 2142 825 2199 imprimis
858 2141 1089 2183 tenendum
1122 2141 1215 2192 erit,
1245 2157 1312 2192 ne,
1344 2141 1380 2184 si
1411 2141 1485 2197 qui
1512 2141 1581 2183 vel
1598 2139 1693 2183 Sal-

144 2232 301 2273 pensae
340 2217 407 2259 vel
446 2216 638 2259 Malacae
678 2214 944 2270 reperiantur
983 2213 1118 2256 fuisse
1152 2213 1298 2256 Latini
1336 2213 1553 2263 homines,
1595 2213 1694 2255 ideo

145 2305 292 2332 omnes
333 2289 570 2345 municipes
614 2289 761 2329 eodem
807 2287 900 2328 iure
946 2286 1081 2328 fuisse
1120 2286 1481 2342 Latinitatemque
1522 2286 1694 2328 omnino

146 2378 244 2405 cum
285 2362 507 2418 municipii
551 2360 713 2403 ratione
758 2373 996 2415 congruere
1038 2358 1345 2401 existimemus.
1419 2357 1520 2411 Qua
1558 2358 1612 2400 de
1648 2373 1695 2400 re

145 2435 255 2477 infra
284 2434 499 2491 copiosius
530 2432 861 2490 disputabimus,
890 2446 1005 2473 nunc
1034 2431 1115 2473 hoo
1143 2445 1538 2480 commemoramus,
1569 2445 1623 2472 ne
1650 2430 1695 2472 in

146 2507 302 2550 Latina
322 2506 497 2562 quidem
520 2506 687 2548 civitate
709 2520 856 2547 omnes
878 2504 1071 2546 homines
1091 2503 1226 2545 fuisse
1245 2502 1352 2554 iuris
1369 2502 1528 2544 Latini.
1574 2502 1695 2556 Quid

136 2580 292 2622 enim?
343 2577 456 2621 Cum
485 2578 567 2620 hoc
595 2577 840 2620 Latinitatis
871 2577 940 2618 ius
969 2584 1101 2625 esset,
1139 2582 1187 2616 ut
1222 2574 1296 2631 qui
1331 2574 1377 2616 in
1407 2590 1485 2617 sua
1513 2575 1695 2631 quisque

146 2651 370 2708 republica
394 2651 688 2707 magistratum
717 2650 937 2706 gessisset,
967 2648 1180 2691 civitatem
1199 2647 1437 2689 Romanam
1459 2661 1696 2703 conseque-

87 2766 89 2768 .
148 2732 287 2775 retur,
327 2739 468 2766 nonne
504 2723 732 2779 quotannis
770 2736 947 2764 necesse
985 2728 1075 2764 erat
1113 2719 1148 2762 si
1179 2718 1253 2774 qui
1283 2718 1385 2761 novi
1415 2718 1609 2762 homines
1641 2719 1696 2761 ad

149 2795 332 2838 honores
370 2795 645 2846 accederent,
686 2795 847 2838 civium
878 2795 1172 2837 Romanorum
1201 2806 1406 2833 numerus
1439 2791 1695 2848 augeretur?

150 2867 243 2910 Iam
269 2866 496 2910 habuerint
527 2865 734 2923 Salpensa
764 2874 806 2910 et
835 2866 1024 2916 Malaca,
1064 2863 1259 2919 quamvis
1289 2863 1522 2920 municipia
1550 2863 1696 2920 appel-
