1846 3100
180 151 260 194 334
600 154 651 186 De
675 155 922 196 propagatione
949 154 1094 187 civitatis
1119 155 1306 191 Romanae.

179 269 256 304 est.
295 262 473 319 Duplex
494 262 630 319 igitur
647 262 754 304 ratio
773 269 863 304 erat
886 262 929 303 in
952 269 1144 304 senatum
1166 263 1406 306 Romanum
1433 267 1725 323 perveniendi,

185 350 271 376 una
303 335 481 391 simplex
521 349 570 376 ac
607 334 759 383 facilis,
790 334 826 375 si
856 334 953 389 quis
986 349 1039 376 ex
1070 335 1254 386 civitate,
1285 351 1394 392 quae
1419 337 1489 380 ius
1517 338 1727 381 honorum

179 407 368 457 haberet,
401 407 610 448 oriundus
636 421 768 448 censu
800 405 1028 456 sufficeret,
1059 407 1191 449 altera
1211 409 1339 465 longe
1367 409 1595 461 difficilior,
1617 425 1726 466 quae

178 486 264 521 tota
300 494 353 521 ex
384 479 686 535 imperatorum
724 477 930 520 beneficio
972 479 1192 534 penderet,
1232 479 1267 521 si
1306 481 1403 536 quis
1442 490 1615 538 propter
1641 483 1726 525 ori-

179 552 322 606 ginem
351 551 444 593 iure
474 551 686 593 honorum
721 557 895 592 careret.

292 624 559 666 Viennenses
597 631 739 666 autem
777 623 928 678 reliqui
959 623 1028 665 vel
1069 624 1235 666 colonia
1264 624 1524 668 Viennensis
1553 626 1725 682 quando

176 697 245 739 ius
277 697 488 739 honorum
525 696 718 753 accepit?
776 695 891 737 Num
926 695 979 738 ab
1015 693 1199 738 Claudio
1227 697 1350 754 ipso?
1406 699 1460 740 Id
1487 714 1573 741 non
1604 699 1725 742 vide-

177 777 248 811 tur
281 784 376 812 esse
406 769 498 811 veri
529 769 687 819 simile3
728 783 826 810 nam
862 774 903 810 et
937 777 1310 812 commemorasset
1345 770 1389 811 in
1417 771 1604 814 oratione
1633 788 1724 823 sua,

179 842 214 884 si
244 842 348 897 quid
378 849 474 883 ante
503 841 547 883 in
577 841 729 884 eodem
763 855 918 898 genere
941 840 1246 891 constituisset,
1264 857 1343 885 nec
1371 850 1596 900 antequam
1624 860 1724 888 cen-

179 929 302 956 surae
337 915 539 956 honorem
570 913 743 970 recepit,
771 913 1002 968 quicquam
1029 913 1082 955 de
1114 914 1353 970 supplendo
1381 923 1531 959 senatu
1554 917 1726 960 videtur

176 986 331 1042 egisse.
391 985 565 1040 Quodsi
602 1002 626 1028 a
654 984 840 1028 Claudio
878 999 963 1026 non
1008 979 1278 1043 acceperunt,
1311 987 1568 1043 relinquitur
1609 987 1725 1032 Cali-

178 1058 304 1115 gula3
345 1074 443 1101 nam
479 1058 702 1100 Tiberium
741 1057 942 1100 extremis
983 1059 1105 1100 annis
1145 1059 1250 1101 nihil
1286 1061 1382 1110 tale,
1411 1061 1530 1116 quod
1565 1076 1724 1104 novum

176 1138 312 1180 esset,
353 1131 588 1172 instituisse
628 1130 823 1180 arbitror,
858 1145 937 1173 nec
967 1130 1158 1182 Tacitus,
1195 1133 1269 1188 qui
1304 1140 1434 1175 totam
1470 1135 1563 1176 eius
1593 1135 1724 1176 vitam

176 1203 394 1253 describit,
440 1204 519 1245 etsi
566 1204 695 1246 unius
735 1203 919 1246 hominis
956 1203 1174 1259 singulare
1208 1205 1463 1248 beneficium
1497 1206 1620 1248 facile
1660 1214 1722 1248 ta-

178 1290 273 1318 cere
300 1276 451 1332 potuit,
479 1277 596 1331 quod
625 1277 677 1318 ad
706 1276 894 1318 nobilem
921 1276 1130 1318 coloniam
1155 1277 1223 1318 vel
1251 1277 1306 1319 ad
1333 1278 1599 1334 provinciam
1625 1293 1724 1335 per-

175 1348 350 1398 tineret,
397 1349 732 1405 praetermittere
780 1349 975 1391 debebat.
1038 1347 1281 1405 Caligulam
1322 1357 1486 1403 autem,
1533 1366 1630 1394 cum
1670 1366 1724 1394 ex

175 1420 424 1463 Britannica
454 1422 725 1478 expeditione
755 1428 1055 1471 reverteretur,
1084 1422 1348 1478 aliquamdiu
1373 1424 1418 1465 in
1441 1423 1584 1467 Gallia
1605 1439 1722 1467 com—

174 1501 387 1535 moratum
420 1509 514 1536 esse
546 1495 706 1537 seimus
739 1503 780 1536 et
811 1494 1047 1550 compluria
1075 1494 1127 1536 de
1158 1496 1328 1538 civitate
1360 1511 1408 1538 ac
1439 1505 1589 1540 senatu
1619 1513 1722 1555 sup-

175 1566 335 1621 plendo
355 1567 629 1610 constituisse
645 1568 773 1623 paulo
793 1568 904 1609 infra
922 1567 1323 1610 demonstrabimus.
1365 1568 1537 1622 Quodsi
1556 1570 1723 1614 Vienna

175 1645 404 1694 postquam
434 1640 639 1696 Augusto
673 1647 714 1681 et
744 1639 919 1681 Tiberio
954 1639 1263 1695 imperantibus
1293 1641 1386 1683 iure
1413 1638 1624 1685 honorum
1650 1657 1722 1685 ca-

174 1710 274 1760 ruit,
305 1708 530 1768 Caligulae
564 1712 739 1754 demum
770 1711 977 1754 beneficio
1010 1712 1213 1767 optimam
1250 1712 1464 1756 civitatem
1490 1714 1721 1757 Romanam

173 1783 349 1839 accepit,
380 1784 484 1839 quid
515 1785 569 1827 de
600 1785 777 1841 reliquis
807 1783 1099 1827 Narbonensis
1139 1785 1384 1840 provinciae
1423 1785 1600 1828 coloniis
1630 1785 1721 1828 exi-

179 1854 472 1898 stimabimus?
516 1856 679 1899 Earum
708 1857 868 1899 nullam
899 1857 1098 1899 videmus
1126 1865 1270 1913 postea
1296 1858 1469 1900 meliore
1490 1858 1582 1900 iure
1599 1872 1722 1900 usam

173 1942 269 1970 esse
307 1943 435 1983 quam
471 1929 773 1980 Viennensem,
812 1945 920 1985 quae
959 1930 1039 1971 etsi
1070 1922 1244 1973 externa
1278 1938 1367 1973 erat
1403 1931 1568 1987 origine
1603 1932 1722 1985 (nam

172 1999 389 2056 principes
439 2002 725 2058 Allobrogum
768 2002 829 2044 ibi
876 2001 1059 2044 maxime
1107 2002 1151 2043 in
1205 2003 1450 2045 colonorum
1495 2017 1722 2045 numerum

175 2072 386 2128 ascriptos
417 2089 512 2116 esse
545 2075 767 2117 docuimus
807 2075 852 2116 in
887 2081 1111 2116 comment.
1142 2075 1362 2132 epigraph.
1392 2075 1412 2117 I
1443 2090 1486 2131 p.
1512 2075 1628 2130 370),
1657 2081 1721 2117 ta-

178 2159 274 2186 men
304 2145 398 2187 iure
428 2146 577 2188 Italico
604 2162 683 2189 usa
714 2154 792 2196 est,
824 2147 941 2202 quod
971 2155 1209 2189 ceterarum
1238 2148 1357 2190 nulla
1385 2147 1581 2196 habebat,
1610 2153 1660 2188 ut
1684 2146 1721 2188 si

174 2217 270 2273 ipsa
306 2233 444 2274 usque
483 2219 538 2260 ad
579 2217 822 2275 Caligulam
862 2219 955 2261 iure
997 2220 1203 2261 honorum
1246 2219 1394 2270 caruit,
1435 2226 1597 2261 ceteras
1634 2232 1721 2260 non

174 2290 316 2333 minus
348 2291 537 2334 caruisse
566 2290 786 2348 probabile
821 2291 887 2333 sit.
935 2291 1207 2346 Quamquam
1228 2306 1313 2347 quo
1339 2298 1527 2346 tempore
1548 2290 1720 2333 tandem

174 2362 269 2417 ipsa
292 2364 469 2419 accepit,
503 2364 651 2406 eodem
678 2364 864 2419 reliquas
896 2363 1088 2405 eiusdem
1118 2363 1363 2419 provinciae
1394 2363 1580 2405 colonias
1597 2375 1720 2405 acce-

174 2436 290 2491 pisse
319 2436 534 2491 arbitror„
568 2437 740 2479 Etenim
772 2451 883 2479 anno
915 2437 967 2478 49
999 2435 1176 2478 Tacitus
1208 2436 1365 2478 Annal.
1397 2435 1504 2485 ΧΠ,
1529 2435 1583 2478 23
1613 2433 1719 2477 Gal-

171 2507 254 2550 liae
285 2508 555 2551 Narbonensi
587 2509 642 2551 ob
671 2509 891 2565 egregiam
919 2509 964 2549 in
998 2515 1138 2564 patres
1157 2509 1438 2550 reverentiam
1457 2507 1604 2549 datum
1624 2521 1719 2549 esse

173 2581 336 2631 scribit,
380 2589 428 2621 ut
465 2582 718 2623 senatoribus
760 2584 845 2622 eius
882 2584 1123 2634 provinciae
1159 2596 1243 2620 non
1280 2583 1483 2633 exquisita
1514 2582 1720 2634 princzpis

171 2656 373 2694 sententia
413 2657 504 2694 iure
542 2668 619 2707 quo
659 2656 806 2695 Sicilia
844 2655 1075 2702 haberetur,
1114 2668 1175 2692 res
1215 2667 1310 2694 suas
1346 2655 1518 2694 invisere
1551 2655 1716 2702 liceret5

171 2726 302 2781 quod,
330 2726 366 2767 si
396 2741 483 2768 una
509 2732 686 2776 tantum,
718 2741 826 2781 quae
855 2733 1028 2782 propter
1049 2725 1285 2767 incolarum
1304 2725 1566 2767 nobilitatem
1591 2739 1716 2781 prae-

168 2798 299 2854 cipuo
333 2798 427 2840 iure
467 2805 671 2848 uteretur,
705 2799 869 2841 colonia
908 2805 1122 2841 senatores
1154 2798 1333 2840 Romam
1363 2798 1564 2847 misisset,
1606 2811 1714 2852 quo-

171 2870 300 2912 modo
337 2870 509 2913 decerni
546 2872 737 2928 poterat?
790 2872 945 2914 Plures
984 2878 1097 2914 certe
1136 2872 1323 2914 colonias
1369 2871 1520 2913 eodem
1556 2869 1716 2912 honore
