1846 3100
596 114 650 146 De
676 113 790 147 Gallia
814 114 1047 146 Romanorum
1076 115 1260 156 provincia.
1652 115 1703 157 71

159 227 320 267 aerarii
355 226 712 279 dispensationem:
759 238 862 275 quae
903 237 1119 275 nunquam
1164 223 1243 264 sibi
1272 228 1453 278 populus
1493 228 1707 268 Romanus

160 299 369 351 appetivit,
400 299 475 351 qui
488 310 702 348 nunquam
723 297 821 336 haec
837 310 863 335 a
877 298 1030 335 summi
1039 297 1204 336 consilii
1219 296 1519 349 gubernatione
1534 300 1708 352 auferre

159 384 285 410 ausus
315 375 385 410 est.
449 374 552 422 Age,
583 373 757 422 sactum
788 373 846 407 est
881 368 1026 407 horum
1060 369 1223 420 aliquid
1251 370 1297 408 in
1329 371 1447 410 aliis:
1485 385 1606 420 raro,
1641 373 1711 413 sed

159 447 299 482 tamen
314 442 492 493 factum
533 447 610 490 est,
655 446 705 480 ut
733 441 914 492 populus
953 440 1148 492 deligeret
1178 441 1477 493 imperatorem.
1535 441 1708 484 Etenim

160 512 354 555 decrerat
384 527 485 555 sane
515 518 689 555 senatus
717 510 960 567 provincias
991 511 1148 553 futuris
1180 512 1458 564 consulibus,
1500 514 1708 570 quemad-

159 583 336 626 modum
366 591 491 627 vetus
520 584 591 627 lex
618 582 872 640 Sempronia
900 582 1099 633 iubebat,
1130 598 1264 638 eaque
1293 599 1339 626 re
1367 585 1495 628 etiam
1523 587 1707 643 impera-

159 663 305 708 torem,
334 657 370 700 si
401 671 486 712 quo
516 671 624 713 opus
656 663 758 706 erat,
787 655 1023 709 delegerat,
1062 670 1142 698 neo
1169 655 1239 698 lex
1268 656 1442 700 Vatinia
1468 658 1522 702 ab
1549 659 1708 715 populo

161 729 323 771 sancita
358 728 602 785 provincias
639 744 665 770 a
702 734 853 770 senatu
883 726 1076 770 decretas
1118 735 1194 770 aut
1221 735 1405 772 mutarat
1435 738 1509 772 aut
1543 738 1708 774 mutare

161 807 376 858 potuerat:
409 801 499 851 sed,
519 800 634 856 quod
658 801 807 843 eadem
827 799 1166 854 quinquennium
1192 800 1435 853 definiebat,
1462 802 1574 845 intra
1592 803 1708 859 quod

162 888 456 916 successorem
472 871 648 916 Caesari
667 873 833 915 mittere
860 887 943 914 non
973 871 1133 922 liceret,
1160 880 1202 915 et
1214 873 1459 930 provinciae
1476 890 1553 931 per
1571 882 1709 933 totum

160 945 242 987 hoc
271 953 440 1001 tempus
470 945 765 988 decernendae
793 953 834 987 et
860 944 1143 1001 imperatoris,
1173 945 1208 987 si
1229 946 1343 1000 quod
1370 962 1502 1003 prope
1522 947 1708 992 Galliam

161 1015 423 1074 Cisalpinam
477 1017 637 1059 bellum
687 1024 901 1068 oreretur,
958 1016 1177 1073 deligendi
1230 1024 1485 1074 potestatem
1541 1022 1707 1064 senatui

164 1089 392 1132 ademerat.
439 1089 538 1132 Hoc
567 1096 710 1132 autem
740 1096 869 1144 negat
897 1087 1050 1131 Cicero
1078 1105 1267 1145 unquam
1297 1098 1392 1133 ante
1421 1091 1584 1135 factum
1613 1108 1708 1136 esse

162 1177 188 1204 a
204 1162 375 1218 populo,
408 1160 497 1215 Qui
521 1161 600 1203 etsi
625 1167 865 1217 sumpserat
883 1160 964 1204 sibi
985 1162 1227 1217 aliquando,
1256 1171 1303 1205 ut
1323 1163 1482 1206 bellum
1501 1180 1633 1220 grave
1659 1181 1709 1209 ac

160 1233 334 1277 difficile
361 1241 475 1276 certo
514 1234 642 1276 alicui
664 1234 910 1290 imperatori
939 1234 1172 1285 mandaret,
1204 1242 1343 1278 tamen
1363 1243 1532 1292 praeter
1558 1238 1708 1281 aerarii

163 1306 539 1364 dispensationem,
580 1306 634 1348 de
664 1322 749 1362 qua
778 1307 860 1350 hoc
889 1307 984 1350 loco
1015 1323 1100 1350 non
1132 1308 1332 1359 dicimus,
1376 1309 1458 1352 hoc
1488 1326 1709 1366 nunquam

160 1380 332 1430 fecerat,
365 1386 412 1421 ut
439 1379 479 1421 ei
506 1395 633 1435 quem
654 1380 854 1436 elegisset
878 1387 1041 1422 certum
1061 1380 1226 1436 imperii
1247 1381 1430 1437 spatium
1453 1383 1708 1437 praefiniret.

163 1452 260 1494 Hoc
274 1452 407 1508 igitur
423 1466 583 1494 novum
604 1458 706 1494 tunc
725 1459 814 1494 erat
831 1459 871 1494 et
889 1452 1049 1507 aliquot
1067 1452 1268 1495 similium
1286 1455 1570 1509 rogationum,
1599 1471 1708 1513 quae

161 1538 260 1566 mox
292 1530 462 1566 secutae
492 1531 614 1574 sunt,
657 1524 921 1580 exemplum,
965 1524 1102 1580 quod,
1142 1532 1190 1566 ut
1222 1523 1398 1568 Caesari
1427 1535 1602 1583 propter
1630 1543 1708 1584 po-

162 1596 317 1639 tentiae
336 1596 614 1652 cupiditatem
644 1603 892 1652 exoptatum
919 1596 1072 1647 fuerat,
1104 1596 1163 1638 ita
1182 1596 1236 1639 ab
1254 1597 1428 1640 Vatinio
1456 1599 1709 1642 necessitate

161 1667 262 1711 belli
301 1667 455 1711 Gallici
497 1667 795 1710 excusabatur.
859 1667 951 1711 Nec
991 1683 1093 1711 vero
1136 1668 1209 1711 illa
1245 1669 1412 1725 imperii
1451 1670 1708 1714 diuturnitas

163 1740 274 1783 effici
302 1747 480 1797 poterat,
512 1739 548 1782 si
565 1739 707 1783 Gallia
724 1738 945 1796 Cisalpina
971 1755 1069 1782 cum
1086 1740 1209 1783 Italia
1240 1741 1467 1784 coniuncta
1496 1750 1708 1794 maneret3

163 1828 261 1856 nam
292 1813 351 1855 ita
383 1828 467 1854 non
500 1812 631 1855 unius
663 1813 725 1854 M.
745 1811 892 1855 Bibuli
918 1812 1160 1868 imperium,
1190 1813 1259 1855 cui
1283 1813 1400 1869 quod
1429 1822 1602 1857 senatus
1633 1815 1708 1858 de-

163 1893 368 1935 creverat,
399 1885 568 1942 placere
585 1884 746 1934 debuit,
775 1884 851 1927 sed
882 1884 1164 1940 quinquennii
1191 1885 1455 1941 insequentis
1484 1887 1709 1930 consulum

162 1964 351 2014 potestas
382 1957 702 2013 circumscripta
734 1964 858 1999 esset.
916 1956 1063 2011 Quare
1103 1964 1206 2000 tunc
1235 1956 1377 2000 Gallia
1407 1956 1625 2015 Cisalpina
1655 1959 1708 2002 ab

162 2030 288 2072 Italia
318 2036 512 2086 separata
547 2036 673 2084 atque
702 2029 746 2071 in
773 2044 876 2072 suae
906 2029 1177 2086 provinciae,
1214 2045 1323 2085 quae
1353 2030 1559 2086 peculiari
1585 2046 1709 2087 prae-

167 2102 248 2144 sidi
280 2108 462 2159 pareret,
491 2103 671 2144 formam
696 2102 870 2144 redacta
899 2110 964 2145 est
973 2118 984 2152 3
1013 2117 1111 2144 nam
1138 2110 1176 2144 et
1195 2101 1349 2145 Cicero
1375 2103 1428 2145 de
1447 2118 1568 2159 prov.
1592 2118 1708 2146 cons.

164 2189 200 2216 c.
219 2176 245 2217 2
276 2175 385 2217 duas
417 2180 717 2217 commemorat
735 2173 913 2225 Gallias,
942 2189 1051 2231 quae
1080 2174 1332 2217 consulibus
1363 2174 1499 2217 dividi
1529 2176 1709 2232 possint,

165 2254 207 2290 et
230 2247 454 2303 optimates
483 2261 580 2288 cum
601 2261 712 2288 anno
731 2245 782 2288 49
801 2247 1123 2289 succedendum
1142 2261 1236 2289 esse
1254 2244 1431 2289 Caesari
1447 2247 1709 2298 statuissent,

167 2318 349 2361 Galliam
382 2316 645 2375 Cisalpinam
676 2318 903 2374 separatim
929 2319 1004 2360 uni
1036 2319 1315 2369 mandarunt,
1350 2326 1391 2361 et
1428 2317 1613 2361 Caesare
1644 2319 1709 2361 in-

165 2391 340 2433 terfecto
370 2405 520 2433 rursus
556 2390 782 2446 separatim
812 2397 1070 2446 acceperunt
1089 2391 1142 2432 D.
1159 2391 1321 2433 Brutus
1341 2398 1382 2433 et
1396 2391 1459 2433 M.
1477 2390 1709 2433 Antonius.

166 2463 279 2506 Vere
310 2462 445 2519 igitur
481 2476 506 2502 a
537 2461 587 2503 P.
619 2461 791 2504 Vatinio
832 2462 1064 2505 constituta
1100 2470 1166 2505 est
1193 2462 1336 2506 Gallia
1365 2460 1587 2518 Cisalpina
1611 2476 1709 2517 pro-

142 2566 145 2573 ,
168 2535 320 2584 vincia,
351 2533 607 2577 constitutus
623 2533 837 2586 Rubicon,
866 2535 1073 2578 terminus
1094 2535 1200 2585 eius,
1228 2534 1446 2589 multaque
1467 2533 1557 2576 sine
1576 2532 1710 2576 dubio

166 2607 247 2649 alia
277 2608 458 2657 sancita,
497 2621 606 2662 quae
647 2621 745 2649 cum
773 2607 946 2662 proprio
979 2607 1168 2663 praesidi
1206 2612 1394 2662 pareret,
1437 2619 1546 2661 opus
1578 2612 1709 2647 erant.

168 2678 482 2729 Veruntamen,
517 2678 719 2735 quoniam
752 2694 838 2721 non
879 2679 1016 2721 solum
1045 2686 1258 2735 tempore,
1296 2692 1444 2720 verum
1475 2677 1602 2720 etiam
1632 2691 1710 2733 po-

167 2750 299 2793 tentia
325 2748 487 2793 Caesar
516 2751 599 2794 hoc
634 2751 751 2807 quod
783 2751 1020 2807 accepisset
1045 2750 1272 2807 imperium
1308 2748 1458 2806 augeri
1497 2748 1709 2805 cupiebat,

170 2821 219 2864 P.
232 2822 432 2865 Vatinius
457 2823 678 2866 occasione
696 2823 977 2866 Macedoniae
995 2837 1101 2865 usus
1118 2829 1196 2872 est,
1225 2835 1333 2876 quae
1354 2835 1452 2863 cum
1469 2835 1555 2863 non
1576 2820 1711 2864 multo
