1846 3100
587 159 641 190 De
669 159 843 191 dictatoris
869 158 1026 192 Caesaris
1053 160 1254 192 honoribus.
1611 159 1693 202 259

145 266 358 309 adiectam
387 282 483 310 esse
516 266 708 322 Augusti
739 266 1005 316 sententiam,
1036 281 1121 321 qua
1136 281 1236 309 reus
1254 267 1563 311 absolveretur.
1603 269 1693 313 Sed

145 346 271 381 vetus
309 339 382 381 ille
418 354 508 381 mos
550 346 640 381 erat
680 338 935 380 iudiciorum
966 338 1257 381 Romanorum
1299 355 1439 396 neque
1478 342 1615 383 ullum
1648 341 1692 383 in

140 426 194 453 eo
221 411 502 468 praecipuum
532 409 726 467 Augusti
754 411 823 453 ius
852 410 1028 467 reperiri
1055 418 1206 467 potest.
1251 412 1354 462 Alii,
1383 413 1418 456 si
1440 429 1526 456 uno
1545 414 1691 470 plures

145 483 492 533 condemnarent,
527 483 728 525 dixerunt
757 483 950 538 Augusti
980 483 1230 525 sententiam
1261 482 1585 528 absolventibus
1615 486 1692 528 ad-

142 556 295 598 iectam
324 556 469 611 itaque
499 571 621 597 reum
651 555 898 598 absolutum
927 570 1035 597 esse.
1077 554 1189 597 Vide
1221 554 1349 598 Gust.
1380 555 1507 599 Geib.
1539 558 1593 600 de
1624 558 1692 600 iu-

143 627 268 670 diciis
303 628 595 670 Romanorum
625 643 669 683 p.
700 627 794 669 368.
853 625 942 668 Sed
975 634 1023 668 ut
1057 627 1100 668 in
1130 627 1202 669 illo
1231 628 1412 678 nullum,
1443 630 1501 671 ita
1530 630 1574 672 in
1610 631 1692 673 hoc

142 700 271 743 nimis
309 700 530 756 exiguum-
556 699 748 755 Augusti
786 699 855 740 ius
887 706 990 748 erat,
1019 699 1088 741 cui
1121 715 1219 741 cum
1251 700 1305 741 de
1335 702 1691 757 appellationibus

143 772 365 815 iudicandi
409 788 577 814 summa
613 779 801 828 potestas
836 771 991 812 tradita
1030 778 1156 821 esset,
1193 772 1324 814 unius
1364 775 1597 817 sententiae
1627 777 1691 818 fe—

142 845 298 887 rendae
339 844 408 886 ius
446 845 537 886 dari
581 859 731 901 parum
775 843 1069 885 conveniebat.
1128 844 1279 899 Neque
1319 846 1492 888 omnino
1526 862 1579 888 ne
1609 848 1692 890 hoc

140 916 315 972 quidem
349 923 434 959 tam
464 932 541 973 pro
572 916 678 966 iure,
708 916 825 971 quod
858 915 1062 972 Augusto
1084 915 1231 958 datum
1262 917 1329 967 sit,
1359 932 1488 973 quam
1517 934 1593 975 pro
1623 920 1690 962 iu-

141 989 354 1032 diciorum
384 989 714 1031 commutatione
744 987 891 1030 haberi
921 987 1063 1038 debet,
1093 1003 1201 1043 quae
1233 989 1268 1030 si
1298 997 1399 1032 tunc
1428 990 1539 1034 facta
1565 1000 1691 1041 esset,

139 1076 225 1103 non
255 1068 420 1104 tantum
453 1061 569 1117 apud
609 1060 808 1110 Dionem,
839 1060 916 1102 sed
954 1061 1081 1103 etiam
1112 1060 1228 1116 apud
1259 1062 1415 1104 multos
1446 1063 1551 1105 alios
1584 1065 1690 1106 scri-

139 1140 284 1190 ptores
320 1139 735 1175 commemoraretur.
791 1132 938 1186 Quare
978 1133 1191 1175 calculum
1229 1133 1452 1176 Minervae
1485 1135 1690 1192 Augusto

140 1205 288 1248 datum
317 1206 379 1248 sic
411 1205 553 1261 potius
583 1204 790 1260 intelligo,
819 1212 867 1246 ut
902 1205 1095 1262 Augusti
1125 1206 1254 1248 unius
1286 1207 1495 1249 sententia
1529 1209 1583 1250 ad
1614 1208 1690 1252 ab-

140 1278 396 1320 solvendum
424 1284 588 1319 tantum
616 1277 817 1327 valuerit,
846 1285 1054 1332 quantum
1078 1278 1341 1333 reliquorum
1366 1279 1556 1322 omnium
1576 1281 1689 1323 iudi-

139 1366 236 1392 cum
265 1350 498 1393 sententiae
531 1349 558 1390 i.
578 1364 615 1391 e.
633 1356 682 1391 ut
709 1350 999 1392 condemnatis
1031 1351 1245 1393 remittere
1274 1351 1312 1393 ei
1338 1367 1521 1408 poenam
1545 1353 1691 1396 liceret

138 1429 266 1478 atque
297 1437 369 1464 eos
394 1423 437 1463 in
467 1422 685 1476 integrum
712 1423 951 1465 restituere.
994 1422 1145 1478 Neque
1174 1424 1227 1464 de
1259 1423 1424 1466 calculo
1452 1425 1688 1477 Minervae,

139 1494 214 1550 qui
240 1494 411 1551 proprie
447 1493 628 1544 dicatur,
659 1495 936 1551 cogitandum
965 1511 1060 1538 esse
1086 1496 1179 1552 ipse
1204 1495 1291 1538 Dio
1312 1496 1539 1552 significat,
1571 1498 1690 1541 simi-

138 1566 364 1609 litudinem
390 1575 555 1610 tantum
584 1567 813 1623 quandam,
838 1583 948 1623 quae
967 1568 1090 1610 facile
1121 1574 1309 1624 apparet,
1340 1582 1689 1614 commemorans.

139 1639 207 1682 Ac
248 1640 383 1682 fuisse
418 1640 617 1683 omnibus
659 1640 988 1696 imperatoribus
1030 1641 1112 1683 hoc
1143 1640 1506 1683 restituendorum
1541 1658 1690 1685 eorum

138 1712 212 1767 qui
251 1712 518 1754 condemnati
559 1720 692 1761 erant,
734 1712 803 1754 ius
841 1719 1028 1755 constat:
1074 1713 1284 1769 originem
1321 1713 1485 1764 indicat
1520 1715 1607 1758 Dio
1649 1723 1690 1758 et

137 1783 299 1826 indicat
341 1799 391 1826 eo
428 1785 523 1827 loco
564 1799 697 1840 eoque
728 1791 931 1840 tempore,
973 1784 1131 1840 quibus
1167 1785 1368 1828 facillime
1398 1786 1581 1829 existere
1612 1802 1689 1844 po-

138 1855 273 1898 tuisse
318 1856 528 1899 videatur.
595 1856 1045 1899 Animadvertendum
1091 1864 1234 1899 autem
1287 1858 1412 1900 etiam
1458 1858 1567 1900 illud
1610 1866 1688 1909 est,

138 1927 255 1983 quod
299 1929 484 1969 omnibus
532 1917 698 1969 z'icdz'cz'zlv
749 1927 807 1970 ait
849 1927 877 1969 i.
917 1945 952 1971 e.
999 1943 1083 1970 non
1127 1929 1179 1971 iis
1224 1936 1412 1980 tantum,
1457 1945 1567 1985 quae
1613 1945 1690 1987 per

138 1999 408 2054 quaestiones
447 2009 676 2056 perpetuas
707 2009 810 2043 tunc
847 2008 1160 2052 exercerentur,
1199 2002 1276 2044 sed
1315 2003 1442 2045 etiam
1483 2003 1550 2052 iis,
1579 2018 1688 2059 quae

137 2072 182 2113 in
224 2079 389 2114 senatu.
444 2071 668 2128 Originem
703 2074 840 2129 ipsam
878 2074 1006 2116 huius
1043 2073 1150 2116 iuris
1191 2074 1434 2130 significare
1467 2076 1569 2118 satis
1600 2084 1686 2117 est:

139 2159 224 2199 quo
265 2151 461 2187 caruerat
499 2145 569 2187 vel
609 2160 784 2200 prorsus
819 2153 942 2188 vetus
974 2145 1209 2202 reipublica
1239 2147 1308 2189 vel
1340 2148 1556 2190 rarissime
1587 2148 1697 2209 olim¹

138 2232 218 2259 nec
269 2218 359 2259 sine
411 2216 542 2259 totius
589 2218 773 2260 civitatis
821 2217 1142 2274 perturbatione
1188 2219 1251 2260 uti
1303 2219 1503 2261 licuerat:
1558 2236 1687 2272 nunc,

141 2303 239 2331 cum
284 2289 515 2345 imperator
554 2296 595 2332 et
632 2291 746 2332 ultor
784 2290 944 2345 ubique
985 2290 1155 2332 adesset
1194 2298 1236 2332 et
1276 2305 1399 2347 opem
1442 2292 1688 2337 infelicibus

139 2360 231 2416 ipse
249 2361 361 2403 ferre
386 2370 545 2417 posset,
569 2363 689 2418 leges
712 2363 906 2405 severius
925 2362 1211 2405 administrari
1230 2362 1476 2419 iudiciaque
1496 2380 1521 2406 a
1537 2365 1688 2408 factio-

141 2448 244 2475 num
266 2433 424 2482 studio,
442 2448 529 2489 quo
548 2434 648 2476 olim
668 2435 883 2490 corrumpi
907 2442 1230 2485 consueverant,
1252 2434 1424 2477 liberari
1443 2445 1687 2492 coeperunt.

141 2504 289 2558 Quare
320 2506 438 2561 quod
469 2506 524 2548 ad
559 2507 763 2549 honorem
794 2522 844 2549 ac
872 2508 1104 2562 potentiam
1134 2507 1327 2562 Augusti
1357 2507 1580 2551 inventum
1609 2517 1686 2559 est,

136 2577 184 2619 id
224 2578 457 2634 plurimum
495 2579 549 2621 ad
575 2579 781 2621 iustitiam
817 2579 955 2638 ipsam
992 2579 1267 2634 omniumque
1307 2579 1466 2622 civium
1506 2581 1687 2623 salutem

140 2650 287 2692 valuit.

252 2722 577 2778 Explicavimus
616 2723 797 2764 alterum
833 2723 956 2779 quasi
987 2722 1240 2765 tribuniciae
1270 2722 1576 2779 imperatorum
1611 2737 1687 2779 po-

141 2794 305 2836 testatis
329 2794 527 2850 gradum,
555 2809 639 2850 quo
662 2795 743 2838 sub
762 2802 904 2838 vetere
926 2794 1096 2837 nomine
1121 2809 1281 2836 novum
1304 2794 1373 2836 ius
1394 2794 1687 2837 introductum

142 2872 220 2916 est,
247 2880 382 2921 eoque
412 2873 588 2924 accepto
616 2865 849 2923 Augustus
880 2882 978 2910 cum
1006 2866 1148 2908 omnia
1176 2880 1285 2922 quae
1316 2865 1534 2909 obstarent
1561 2866 1687 2910 facile

1333 2938 1418 2981 17*
