<?xml version="1.0" encoding="UTF-8"?>
<!DOCTYPE html PUBLIC "-//W3C//DTD XHTML 1.0 Transitional//EN"
    "http://www.w3.org/TR/xhtml1/DTD/xhtml1-transitional.dtd">
<html xmlns="http://www.w3.org/1999/xhtml" xml:lang="en" lang="en">
 <head>
  <title>
</title>
<meta http-equiv="Content-Type" content="text/html;charset=utf-8" />
  <meta name='ocr-system' content='tesseract 3.04.00' />
  <meta name='ocr-capabilities' content='ocr_page ocr_carea ocr_par ocr_line ocrx_word'/>
</head>
<body>
  <div class='ocr_page' id='page_1' title='image "./studiaromanasive00zump_0096.png"; bbox 0 0 1846 3100; ppageno 0'>
   <div class='ocr_carea' id='block_1_1' title="bbox 184 148 1286 197">
    <p class='ocr_par' dir='ltr' id='par_1_1' title="bbox 184 148 1286 197">
     <span class='ocr_line' id='line_1_1' title="bbox 184 148 1286 197; baseline 0.001 -10"><span class='ocrx_word' id='word_1_1' title='bbox 184 148 238 193; x_wconf 81' lang='grc'>84</span> <span class='ocrx_word' id='word_1_2' title='bbox 617 155 672 187; x_wconf 88' lang='lat' dir='ltr'>De</span> <span class='ocrx_word' id='word_1_3' title='bbox 701 153 813 187; x_wconf 80' lang='lat' dir='ltr'>Gallia</span> <span class='ocrx_word' id='word_1_4' title='bbox 838 153 1069 186; x_wconf 79' lang='lat' dir='ltr'>Romanorum</span> <span class='ocrx_word' id='word_1_5' title='bbox 1103 156 1286 197; x_wconf 81' lang='lat' dir='ltr'>provincia.</span> 
     </span>
    </p>
   </div>
   <div class='ocr_carea' id='block_1_2' title="bbox 178 263 1733 2917">
    <p class='ocr_par' dir='ltr' id='par_1_2' title="bbox 178 263 1733 2917">
     <span class='ocr_line' id='line_1_2' title="bbox 183 263 1730 320; baseline 0.002 -17"><span class='ocrx_word' id='word_1_6' title='bbox 183 269 254 312; x_wconf 84' lang='lat' dir='ltr'>est,</span> <span class='ocrx_word' id='word_1_7' title='bbox 286 269 327 304; x_wconf 89' lang='lat' dir='ltr'>et</span> <span class='ocrx_word' id='word_1_8' title='bbox 347 263 476 320; x_wconf 90' lang='lat' dir='ltr'>paulo</span> <span class='ocrx_word' id='word_1_9' title='bbox 492 269 612 319; x_wconf 86' lang='lat' dir='ltr'>post:</span> <span class='ocrx_word' id='word_1_10' title='bbox 651 265 730 304; x_wconf 86' lang='lat' dir='ltr'>Illa</span> <span class='ocrx_word' id='word_1_11' title='bbox 753 269 969 317; x_wconf 82' lang='lat' dir='ltr'>praeterea</span> <span class='ocrx_word' id='word_1_12' title='bbox 1001 264 1073 305; x_wconf 83' lang='lat' dir='ltr'>Cn.</span> <span class='ocrx_word' id='word_1_13' title='bbox 1094 265 1277 318; x_wconf 83' lang='lat' dir='ltr'>Pompeii</span> <span class='ocrx_word' id='word_1_14' title='bbox 1301 272 1399 308; x_wconf 82' lang='lat' dir='ltr'>sunt</span> <span class='ocrx_word' id='word_1_15' title='bbox 1426 267 1730 316; x_wconf 78' lang='lat' dir='ltr'>animadversa,</span> 
     </span>
     <span class='ocr_line' id='line_1_3' title="bbox 184 336 1732 388; baseline 0.003 -13"><span class='ocrx_word' id='word_1_16' title='bbox 184 351 288 387; x_wconf 82' lang='lat' dir='ltr'>quae</span> <span class='ocrx_word' id='word_1_17' title='bbox 317 339 497 377; x_wconf 76' lang='lat' dir='ltr'>maxime</span> <span class='ocrx_word' id='word_1_18' title='bbox 526 337 818 388; x_wconf 78' lang='lat' dir='ltr'>confidentiam</span> <span class='ocrx_word' id='word_1_19' title='bbox 850 337 1088 376; x_wconf 77' lang='lat' dir='ltr'>attulerunt</span> <span class='ocrx_word' id='word_1_20' title='bbox 1123 336 1375 387; x_wconf 78' lang='lat' dir='ltr'>hominibus,</span> <span class='ocrx_word' id='word_1_21' title='bbox 1419 345 1468 379; x_wconf 92' lang='lat' dir='ltr'>ut</span> <span class='ocrx_word' id='word_1_22' title='bbox 1505 340 1656 380; x_wconf 74' lang='lat' dir='ltr'>diceret</span> <span class='ocrx_word' id='word_1_23' title='bbox 1692 354 1732 380; x_wconf 82' lang='lat' dir='ltr'>se</span> 
     </span>
     <span class='ocr_line' id='line_1_4' title="bbox 184 409 1731 463; baseline 0.002 -15"><span class='ocrx_word' id='word_1_24' title='bbox 184 414 282 448; x_wconf 83' lang='lat' dir='ltr'>aute</span> <span class='ocrx_word' id='word_1_25' title='bbox 310 409 474 450; x_wconf 85' lang='lat' dir='ltr'>Calend.</span> <span class='ocrx_word' id='word_1_26' title='bbox 506 411 637 449; x_wconf 81' lang='lat' dir='ltr'>Mart.</span> <span class='ocrx_word' id='word_1_27' title='bbox 676 423 759 449; x_wconf 80' lang='lat' dir='ltr'>uon</span> <span class='ocrx_word' id='word_1_28' title='bbox 783 423 898 462; x_wconf 82' lang='lat' dir='ltr'>posse</span> <span class='ocrx_word' id='word_1_29' title='bbox 925 411 1012 449; x_wconf 73' lang='lat' dir='ltr'>sine</span> <span class='ocrx_word' id='word_1_30' title='bbox 1033 410 1195 450; x_wconf 79' lang='lat' dir='ltr'>iniuria</span> <span class='ocrx_word' id='word_1_31' title='bbox 1226 411 1273 451; x_wconf 89' lang='lat' dir='ltr'>de</span> <span class='ocrx_word' id='word_1_32' title='bbox 1300 413 1526 463; x_wconf 83' lang='lat' dir='ltr'>provinciis</span> <span class='ocrx_word' id='word_1_33' title='bbox 1547 411 1731 454; x_wconf 76' lang='lat' dir='ltr'>Caesaris</span> 
     </span>
     <span class='ocr_line' id='line_1_5' title="bbox 183 480 1731 533; baseline 0.003 -14"><span class='ocrx_word' id='word_1_34' title='bbox 183 485 376 529; x_wconf 78' lang='lat' dir='ltr'><em>statuere,</em></span> <span class='ocrx_word' id='word_1_35' title='bbox 400 487 496 533; x_wconf 82' lang='lat' dir='ltr'>post</span> <span class='ocrx_word' id='word_1_36' title='bbox 524 482 611 523; x_wconf 77' lang='lat' dir='ltr'>Cal.</span> <span class='ocrx_word' id='word_1_37' title='bbox 644 484 774 524; x_wconf 78' lang='lat' dir='ltr'>Mart.</span> <span class='ocrx_word' id='word_1_38' title='bbox 803 495 843 522; x_wconf 79' lang='lat' dir='ltr'>se</span> <span class='ocrx_word' id='word_1_39' title='bbox 867 495 951 521; x_wconf 81' lang='lat' dir='ltr'>non</span> <span class='ocrx_word' id='word_1_40' title='bbox 979 481 1278 525; x_wconf 79' lang='lat' dir='ltr'><em>dubitaturum.</em></span> <span class='ocrx_word' id='word_1_41' title='bbox 1319 480 1412 525; x_wconf 90' lang='lat' dir='ltr'>Cur</span> <span class='ocrx_word' id='word_1_42' title='bbox 1435 489 1576 526; x_wconf 85' lang='lat' dir='ltr'>autem</span> <span class='ocrx_word' id='word_1_43' title='bbox 1601 481 1731 524; x_wconf 92' lang='lat' dir='ltr'>Pom-</span> 
     </span>
     <span class='ocr_line' id='line_1_6' title="bbox 182 550 1731 607; baseline 0.003 -15"><span class='ocrx_word' id='word_1_44' title='bbox 182 550 330 607; x_wconf 90' lang='lat' dir='ltr'>peius,</span> <span class='ocrx_word' id='word_1_45' title='bbox 374 551 409 594; x_wconf 90' lang='lat' dir='ltr'>si</span> <span class='ocrx_word' id='word_1_46' title='bbox 446 559 543 594; x_wconf 86' lang='lat' dir='ltr'>ante</span> <span class='ocrx_word' id='word_1_47' title='bbox 579 550 671 594; x_wconf 88' lang='lat' dir='ltr'>Cal.</span> <span class='ocrx_word' id='word_1_48' title='bbox 706 552 835 595; x_wconf 89' lang='lat' dir='ltr'>Mart.</span> <span class='ocrx_word' id='word_1_49' title='bbox 876 552 976 595; x_wconf 90' lang='lat' dir='ltr'>anni</span> <span class='ocrx_word' id='word_1_50' title='bbox 1014 552 1068 595; x_wconf 85' lang='lat'>50</span> <span class='ocrx_word' id='word_1_51' title='bbox 1107 552 1161 595; x_wconf 89' lang='lat' dir='ltr'>de</span> <span class='ocrx_word' id='word_1_52' title='bbox 1194 550 1378 596; x_wconf 80' lang='lat' dir='ltr'>Caesare</span> <span class='ocrx_word' id='word_1_53' title='bbox 1415 554 1731 605; x_wconf 83' lang='lat' dir='ltr'>decerneretur,</span> 
     </span>
     <span class='ocr_line' id='line_1_7' title="bbox 182 623 1731 682; baseline 0.003 -18"><span class='ocrx_word' id='word_1_54' title='bbox 182 623 382 666; x_wconf 87' lang='lat' dir='ltr'>iniuriam</span> <span class='ocrx_word' id='word_1_55' title='bbox 423 624 461 666; x_wconf 90' lang='lat' dir='ltr'>ei</span> <span class='ocrx_word' id='word_1_56' title='bbox 498 624 590 667; x_wconf 88' lang='lat' dir='ltr'>fieri</span> <span class='ocrx_word' id='word_1_57' title='bbox 628 624 829 681; x_wconf 87' lang='lat' dir='ltr'>putabat,</span> <span class='ocrx_word' id='word_1_58' title='bbox 875 626 910 668; x_wconf 89' lang='lat' dir='ltr'>si</span> <span class='ocrx_word' id='word_1_59' title='bbox 947 632 1046 682; x_wconf 90' lang='lat' dir='ltr'>post</span> <span class='ocrx_word' id='word_1_60' title='bbox 1085 640 1181 675; x_wconf 87' lang='lat' dir='ltr'>eas,</span> <span class='ocrx_word' id='word_1_61' title='bbox 1223 639 1307 667; x_wconf 92' lang='lat' dir='ltr'>non</span> <span class='ocrx_word' id='word_1_62' title='bbox 1341 625 1463 667; x_wconf 82' lang='lat' dir='ltr'>fieri?</span> <span class='ocrx_word' id='word_1_63' title='bbox 1517 625 1731 668; x_wconf 87' lang='lat' dir='ltr'><strong>Nimirum</strong></span> 
     </span>
     <span class='ocr_line' id='line_1_8' title="bbox 181 695 1731 754; baseline 0.003 -18"><span class='ocrx_word' id='word_1_64' title='bbox 181 695 283 750; x_wconf 88' lang='lat' dir='ltr'>quia</span> <span class='ocrx_word' id='word_1_65' title='bbox 320 710 370 737; x_wconf 93' lang='lat' dir='ltr'>eo</span> <span class='ocrx_word' id='word_1_66' title='bbox 409 703 599 753; x_wconf 89' lang='lat' dir='ltr'>tempore</span> <span class='ocrx_word' id='word_1_67' title='bbox 637 698 862 740; x_wconf 79' lang='lat' dir='ltr'>transactis</span> <span class='ocrx_word' id='word_1_68' title='bbox 900 698 1076 754; x_wconf 88' lang='lat' dir='ltr'>reliquis</span> <span class='ocrx_word' id='word_1_69' title='bbox 1117 697 1299 753; x_wconf 87' lang='lat' dir='ltr'>negotiis</span> <span class='ocrx_word' id='word_1_70' title='bbox 1333 703 1506 740; x_wconf 85' lang='lat' dir='ltr'>senatus</span> <span class='ocrx_word' id='word_1_71' title='bbox 1539 697 1648 740; x_wconf 88' lang='lat' dir='ltr'>solet</span> <span class='ocrx_word' id='word_1_72' title='bbox 1677 698 1731 740; x_wconf 90' lang='lat' dir='ltr'>de</span> 
     </span>
     <span class='ocr_line' id='line_1_9' title="bbox 181 768 1731 825; baseline 0.002 -16"><span class='ocrx_word' id='word_1_73' title='bbox 181 768 431 824; x_wconf 88' lang='lat' dir='ltr'>provinciis,</span> <span class='ocrx_word' id='word_1_74' title='bbox 461 784 571 825; x_wconf 91' lang='lat' dir='ltr'>quae</span> <span class='ocrx_word' id='word_1_75' title='bbox 603 784 775 825; x_wconf 91' lang='lat' dir='ltr'>quoque</span> <span class='ocrx_word' id='word_1_76' title='bbox 805 785 916 813; x_wconf 87' lang='lat' dir='ltr'>anno</span> <span class='ocrx_word' id='word_1_77' title='bbox 946 785 1107 813; x_wconf 86' lang='lat' dir='ltr'>vacuae</span> <span class='ocrx_word' id='word_1_78' title='bbox 1136 769 1258 820; x_wconf 87' lang='lat' dir='ltr'>fiunt,</span> <span class='ocrx_word' id='word_1_79' title='bbox 1292 776 1478 812; x_wconf 87' lang='lat' dir='ltr'>statuere</span> <span class='ocrx_word' id='word_1_80' title='bbox 1508 777 1550 812; x_wconf 88' lang='lat' dir='ltr'>et</span> <span class='ocrx_word' id='word_1_81' title='bbox 1574 784 1731 812; x_wconf 88' lang='lat' dir='ltr'>consu-</span> 
     </span>
     <span class='ocr_line' id='line_1_10' title="bbox 182 840 1732 899; baseline 0.003 -18"><span class='ocrx_word' id='word_1_82' title='bbox 182 840 346 883; x_wconf 89' lang='lat' dir='ltr'>laribus</span> <span class='ocrx_word' id='word_1_83' title='bbox 379 849 420 884; x_wconf 86' lang='lat' dir='ltr'>et</span> <span class='ocrx_word' id='word_1_84' title='bbox 449 841 672 898; x_wconf 83' lang='lat' dir='ltr'>praetoriis</span> <span class='ocrx_word' id='word_1_85' title='bbox 704 857 757 884; x_wconf 89' lang='lat' dir='ltr'>ex</span> <span class='ocrx_word' id='word_1_86' title='bbox 785 842 882 899; x_wconf 87' lang='lat' dir='ltr'>lege</span> <span class='ocrx_word' id='word_1_87' title='bbox 913 842 1332 898; x_wconf 88' lang='lat' dir='ltr'>quidemPompeia,</span> <span class='ocrx_word' id='word_1_88' title='bbox 1363 857 1447 897; x_wconf 89' lang='lat' dir='ltr'>qua</span> <span class='ocrx_word' id='word_1_89' title='bbox 1474 848 1598 884; x_wconf 88' lang='lat' dir='ltr'>vetus</span> <span class='ocrx_word' id='word_1_90' title='bbox 1623 842 1732 885; x_wconf 85' lang='lat' dir='ltr'>ratio</span> 
     </span>
     <span class='ocr_line' id='line_1_11' title="bbox 182 912 1731 971; baseline 0.001 -16"><span class='ocrx_word' id='word_1_91' title='bbox 182 913 408 968; x_wconf 88' lang='lat' dir='ltr'>paululum</span> <span class='ocrx_word' id='word_1_92' title='bbox 451 920 613 957; x_wconf 88' lang='lat' dir='ltr'>mutata</span> <span class='ocrx_word' id='word_1_93' title='bbox 655 921 717 956; x_wconf 89' lang='lat' dir='ltr'>est</span> <span class='ocrx_word' id='word_1_94' title='bbox 764 912 1032 971; x_wconf 88' lang='lat' dir='ltr'>(Comment.</span> <span class='ocrx_word' id='word_1_95' title='bbox 1071 914 1289 971; x_wconf 86' lang='lat' dir='ltr'>epigraph.</span> <span class='ocrx_word' id='word_1_96' title='bbox 1333 914 1426 956; x_wconf 89' lang='lat' dir='ltr'>Vol.</span> <span class='ocrx_word' id='word_1_97' title='bbox 1452 915 1498 957; x_wconf 83' lang='lat'>11</span> <span class='ocrx_word' id='word_1_98' title='bbox 1538 930 1580 971; x_wconf 91' lang='lat' dir='ltr'>p.</span> <span class='ocrx_word' id='word_1_99' title='bbox 1607 914 1731 970; x_wconf 83' lang='lat'>291),</span> 
     </span>
     <span class='ocr_line' id='line_1_12' title="bbox 182 985 1731 1042; baseline 0.001 -15"><span class='ocrx_word' id='word_1_100' title='bbox 182 1000 315 1040; x_wconf 87' lang='lat' dir='ltr'>quare</span> <span class='ocrx_word' id='word_1_101' title='bbox 344 1001 443 1028; x_wconf 91' lang='lat' dir='ltr'>cum</span> <span class='ocrx_word' id='word_1_102' title='bbox 471 987 583 1029; x_wconf 89' lang='lat' dir='ltr'>intra</span> <span class='ocrx_word' id='word_1_103' title='bbox 606 1002 765 1029; x_wconf 89' lang='lat' dir='ltr'>annum</span> <span class='ocrx_word' id='word_1_104' title='bbox 789 987 842 1030; x_wconf 83' lang='lat'>50</span> <span class='ocrx_word' id='word_1_105' title='bbox 871 987 1012 1030; x_wconf 85' lang='lat' dir='ltr'>exisse</span> <span class='ocrx_word' id='word_1_106' title='bbox 1034 985 1233 1029; x_wconf 88' lang='lat' dir='ltr'>Caesaris</span> <span class='ocrx_word' id='word_1_107' title='bbox 1254 987 1591 1042; x_wconf 88' lang='lat' dir='ltr'>quinquennium</span> <span class='ocrx_word' id='word_1_108' title='bbox 1617 987 1731 1029; x_wconf 86' lang='lat' dir='ltr'>didi-</span> 
     </span>
     <span class='ocr_line' id='line_1_13' title="bbox 183 1057 1733 1115; baseline 0.002 -16"><span class='ocrx_word' id='word_1_109' title='bbox 183 1057 388 1109; x_wconf 87' lang='lat' dir='ltr'>cerimus,</span> <span class='ocrx_word' id='word_1_110' title='bbox 419 1073 473 1101; x_wconf 92' lang='lat' dir='ltr'>ne</span> <span class='ocrx_word' id='word_1_111' title='bbox 503 1060 609 1115; x_wconf 92' lang='lat' dir='ltr'>quid</span> <span class='ocrx_word' id='word_1_112' title='bbox 641 1066 759 1103; x_wconf 86' lang='lat' dir='ltr'>extra</span> <span class='ocrx_word' id='word_1_113' title='bbox 788 1060 981 1102; x_wconf 89' lang='lat' dir='ltr'>ordinem</span> <span class='ocrx_word' id='word_1_114' title='bbox 1012 1059 1066 1102; x_wconf 92' lang='lat' dir='ltr'>de</span> <span class='ocrx_word' id='word_1_115' title='bbox 1096 1074 1146 1101; x_wconf 92' lang='lat' dir='ltr'>eo</span> <span class='ocrx_word' id='word_1_116' title='bbox 1177 1058 1347 1100; x_wconf 89' lang='lat' dir='ltr'>decerni</span> <span class='ocrx_word' id='word_1_117' title='bbox 1373 1059 1614 1109; x_wconf 88' lang='lat' dir='ltr'>videretur,</span> <span class='ocrx_word' id='word_1_118' title='bbox 1645 1074 1733 1102; x_wconf 84' lang='lat' dir='ltr'>una</span> 
     </span>
     <span class='ocr_line' id='line_1_14' title="bbox 184 1131 1731 1188; baseline 0.001 -16"><span class='ocrx_word' id='word_1_119' title='bbox 184 1144 282 1173; x_wconf 90' lang='lat' dir='ltr'>cum</span> <span class='ocrx_word' id='word_1_120' title='bbox 309 1131 484 1186; x_wconf 86' lang='lat' dir='ltr'>reliquis</span> <span class='ocrx_word' id='word_1_121' title='bbox 511 1132 745 1188; x_wconf 90' lang='lat' dir='ltr'>provinciis</span> <span class='ocrx_word' id='word_1_122' title='bbox 777 1133 902 1175; x_wconf 91' lang='lat' dir='ltr'>etiam</span> <span class='ocrx_word' id='word_1_123' title='bbox 922 1133 976 1174; x_wconf 89' lang='lat' dir='ltr'>de</span> <span class='ocrx_word' id='word_1_124' title='bbox 997 1131 1152 1174; x_wconf 87' lang='lat' dir='ltr'>Galliis</span> <span class='ocrx_word' id='word_1_125' title='bbox 1175 1131 1412 1174; x_wconf 83' lang='lat' dir='ltr'>rectissime</span> <span class='ocrx_word' id='word_1_126' title='bbox 1433 1131 1560 1173; x_wconf 88' lang='lat' dir='ltr'>statui</span> <span class='ocrx_word' id='word_1_127' title='bbox 1584 1131 1731 1174; x_wconf 86' lang='lat' dir='ltr'>existi-</span> 
     </span>
     <span class='ocr_line' id='line_1_15' title="bbox 182 1201 1730 1259; baseline 0.001 -15"><span class='ocrx_word' id='word_1_128' title='bbox 182 1202 336 1245; x_wconf 86' lang='lat' dir='ltr'>mabat.</span> <span class='ocrx_word' id='word_1_129' title='bbox 386 1202 658 1259; x_wconf 82' lang='lat' dir='ltr'>Quamquam</span> <span class='ocrx_word' id='word_1_130' title='bbox 689 1204 799 1246; x_wconf 90' lang='lat' dir='ltr'>illud</span> <span class='ocrx_word' id='word_1_131' title='bbox 829 1211 940 1247; x_wconf 89' lang='lat' dir='ltr'>certe</span> <span class='ocrx_word' id='word_1_132' title='bbox 966 1205 1108 1247; x_wconf 91' lang='lat' dir='ltr'>minus</span> <span class='ocrx_word' id='word_1_133' title='bbox 1137 1209 1234 1258; x_wconf 88' lang='lat' dir='ltr'>apte</span> <span class='ocrx_word' id='word_1_134' title='bbox 1264 1201 1438 1246; x_wconf 88' lang='lat' dir='ltr'>Caelius</span> <span class='ocrx_word' id='word_1_135' title='bbox 1466 1203 1608 1259; x_wconf 87' lang='lat' dir='ltr'>priore</span> <span class='ocrx_word' id='word_1_136' title='bbox 1635 1204 1730 1246; x_wconf 90' lang='lat' dir='ltr'>loco</span> 
     </span>
     <span class='ocr_line' id='line_1_16' title="bbox 184 1274 1731 1334; baseline 0.001 -17"><span class='ocrx_word' id='word_1_137' title='bbox 184 1275 331 1318; x_wconf 85' lang='lat' dir='ltr'>scribit</span> <span class='ocrx_word' id='word_1_138' title='bbox 377 1274 607 1319; x_wconf 83' lang='lat' dir='ltr'>Caesarem</span> <span class='ocrx_word' id='word_1_139' title='bbox 646 1277 814 1334; x_wconf 89' lang='lat' dir='ltr'>placere</span> <span class='ocrx_word' id='word_1_140' title='bbox 844 1284 937 1330; x_wconf 84' lang='lat' dir='ltr'>post</span> <span class='ocrx_word' id='word_1_141' title='bbox 977 1278 1063 1320; x_wconf 83' lang='lat' dir='ltr'>Cal.</span> <span class='ocrx_word' id='word_1_142' title='bbox 1103 1278 1288 1317; x_wconf 83' lang='lat' dir='ltr'>Martias</span> <span class='ocrx_word' id='word_1_143' title='bbox 1324 1277 1530 1324; x_wconf 79' lang='lat' dir='ltr'>decedere,</span> <span class='ocrx_word' id='word_1_144' title='bbox 1569 1283 1617 1317; x_wconf 93' lang='lat' dir='ltr'>ut</span> <span class='ocrx_word' id='word_1_145' title='bbox 1652 1291 1731 1318; x_wconf 91' lang='lat' dir='ltr'>nec</span> 
     </span>
     <span class='ocr_line' id='line_1_17' title="bbox 183 1347 1730 1404; baseline 0.001 -16"><span class='ocrx_word' id='word_1_146' title='bbox 183 1347 298 1390; x_wconf 90' lang='lat' dir='ltr'>diem</span> <span class='ocrx_word' id='word_1_147' title='bbox 328 1363 415 1404; x_wconf 93' lang='lat' dir='ltr'>quo</span> <span class='ocrx_word' id='word_1_148' title='bbox 444 1363 542 1391; x_wconf 89' lang='lat' dir='ltr'>eum</span> <span class='ocrx_word' id='word_1_149' title='bbox 572 1349 781 1391; x_wconf 86' lang='lat' dir='ltr'>decedere</span> <span class='ocrx_word' id='word_1_150' title='bbox 811 1349 995 1391; x_wconf 89' lang='lat' dir='ltr'>voluerit</span> <span class='ocrx_word' id='word_1_151' title='bbox 1029 1347 1204 1390; x_wconf 91' lang='lat' dir='ltr'>definiat</span> <span class='ocrx_word' id='word_1_152' title='bbox 1232 1354 1273 1390; x_wconf 92' lang='lat' dir='ltr'>et</span> <span class='ocrx_word' id='word_1_153' title='bbox 1304 1347 1358 1389; x_wconf 90' lang='lat' dir='ltr'>de</span> <span class='ocrx_word' id='word_1_154' title='bbox 1387 1347 1637 1390; x_wconf 88' lang='lat' dir='ltr'>decedendo</span> <span class='ocrx_word' id='word_1_155' title='bbox 1666 1348 1730 1390; x_wconf 90' lang='lat' dir='ltr'>lo-</span> 
     </span>
     <span class='ocr_line' id='line_1_18' title="bbox 181 1420 1729 1475; baseline 0.002 -14"><span class='ocrx_word' id='word_1_156' title='bbox 181 1427 340 1475; x_wconf 87' lang='lat' dir='ltr'>quatur</span> <span class='ocrx_word' id='word_1_157' title='bbox 384 1435 482 1462; x_wconf 92' lang='lat' dir='ltr'>cum</span> <span class='ocrx_word' id='word_1_158' title='bbox 525 1421 678 1464; x_wconf 87' lang='lat' dir='ltr'>debeat</span> <span class='ocrx_word' id='word_1_159' title='bbox 719 1422 772 1464; x_wconf 89' lang='lat' dir='ltr'>de</span> <span class='ocrx_word' id='word_1_160' title='bbox 815 1436 1064 1464; x_wconf 85' lang='lat' dir='ltr'>successore</span> <span class='ocrx_word' id='word_1_161' title='bbox 1096 1420 1379 1462; x_wconf 87' lang='lat' dir='ltr'>decernendo.</span> <span class='ocrx_word' id='word_1_162' title='bbox 1437 1420 1729 1464; x_wconf 85' lang='lat' dir='ltr'>Veruntamen</span> 
     </span>
     <span class='ocr_line' id='line_1_19' title="bbox 183 1489 1730 1550; baseline 0.001 -17"><span class='ocrx_word' id='word_1_163' title='bbox 183 1506 280 1534; x_wconf 90' lang='lat' dir='ltr'>cum</span> <span class='ocrx_word' id='word_1_164' title='bbox 320 1492 391 1534; x_wconf 90' lang='lat' dir='ltr'>illa</span> <span class='ocrx_word' id='word_1_165' title='bbox 427 1500 541 1535; x_wconf 88' lang='lat' dir='ltr'>esset</span> <span class='ocrx_word' id='word_1_166' title='bbox 572 1493 767 1550; x_wconf 88' lang='lat' dir='ltr'>Pompeii</span> <span class='ocrx_word' id='word_1_167' title='bbox 806 1493 1034 1544; x_wconf 90' lang='lat' dir='ltr'>sententia,</span> <span class='ocrx_word' id='word_1_168' title='bbox 1076 1499 1124 1534; x_wconf 92' lang='lat' dir='ltr'>ut</span> <span class='ocrx_word' id='word_1_169' title='bbox 1157 1489 1331 1534; x_wconf 86' lang='lat' dir='ltr'>Caesari</span> <span class='ocrx_word' id='word_1_170' title='bbox 1370 1498 1520 1534; x_wconf 88' lang='lat' dir='ltr'>exacto</span> <span class='ocrx_word' id='word_1_171' title='bbox 1556 1492 1730 1535; x_wconf 90' lang='lat' dir='ltr'>demum</span> 
     </span>
     <span class='ocr_line' id='line_1_20' title="bbox 181 1563 1728 1620; baseline 0.003 -16"><span class='ocrx_word' id='word_1_172' title='bbox 181 1564 360 1620; x_wconf 91' lang='lat' dir='ltr'>imperio</span> <span class='ocrx_word' id='word_1_173' title='bbox 400 1580 693 1608; x_wconf 85' lang='lat' dir='ltr'>successorem</span> <span class='ocrx_word' id='word_1_174' title='bbox 730 1565 985 1608; x_wconf 90' lang='lat' dir='ltr'>mittendum</span> <span class='ocrx_word' id='word_1_175' title='bbox 1024 1579 1118 1607; x_wconf 89' lang='lat' dir='ltr'>esse</span> <span class='ocrx_word' id='word_1_176' title='bbox 1154 1571 1367 1615; x_wconf 84' lang='lat' dir='ltr'>censeret,</span> <span class='ocrx_word' id='word_1_177' title='bbox 1410 1563 1515 1619; x_wconf 89' lang='lat' dir='ltr'>quid</span> <span class='ocrx_word' id='word_1_178' title='bbox 1556 1565 1728 1608; x_wconf 87' lang='lat' dir='ltr'>tandem</span> 
     </span>
     <span class='ocr_line' id='line_1_21' title="bbox 181 1635 1728 1693; baseline 0.002 -15"><span class='ocrx_word' id='word_1_179' title='bbox 181 1652 293 1679; x_wconf 88' lang='lat' dir='ltr'>anno</span> <span class='ocrx_word' id='word_1_180' title='bbox 323 1637 376 1679; x_wconf 84' lang='lat'>50</span> <span class='ocrx_word' id='word_1_181' title='bbox 405 1644 548 1680; x_wconf 90' lang='lat' dir='ltr'>actum</span> <span class='ocrx_word' id='word_1_182' title='bbox 576 1639 668 1681; x_wconf 82' lang='lat' dir='ltr'>est?</span> <span class='ocrx_word' id='word_1_183' title='bbox 722 1639 791 1680; x_wconf 89' lang='lat' dir='ltr'>De</span> <span class='ocrx_word' id='word_1_184' title='bbox 817 1653 903 1693; x_wconf 94' lang='lat' dir='ltr'>quo</span> <span class='ocrx_word' id='word_1_185' title='bbox 932 1644 1075 1680; x_wconf 84' lang='lat' dir='ltr'>narrat</span> <span class='ocrx_word' id='word_1_186' title='bbox 1103 1636 1330 1692; x_wconf 90' lang='lat' dir='ltr'>Appianus</span> <span class='ocrx_word' id='word_1_187' title='bbox 1355 1635 1453 1678; x_wconf 91' lang='lat' dir='ltr'>bell.</span> <span class='ocrx_word' id='word_1_188' title='bbox 1475 1636 1555 1679; x_wconf 82' lang='lat' dir='ltr'>civ.</span> <span class='ocrx_word' id='word_1_189' title='bbox 1571 1637 1630 1688; x_wconf 93' lang='lat' dir='ltr'>II,</span> <span class='ocrx_word' id='word_1_190' title='bbox 1653 1637 1728 1681; x_wconf 82' lang='lat'>27:</span> 
     </span>
     <span class='ocr_line' id='line_1_22' title="bbox 180 1707 1728 1766; baseline 0.001 -16"><span class='ocrx_word' id='word_1_191' title='bbox 180 1707 387 1754; x_wconf 81' lang='grc' dir='ltr'>Κλαύδιος</span> <span class='ocrx_word' id='word_1_192' title='bbox 424 1709 458 1750; x_wconf 78' lang='grc' dir='ltr'>δ’</span> <span class='ocrx_word' id='word_1_193' title='bbox 499 1711 676 1766; x_wconf 77' lang='grc' dir='ltr'>ἐςηγεῖτο</span> <span class='ocrx_word' id='word_1_194' title='bbox 715 1710 886 1765; x_wconf 81' lang='grc' dir='ltr'>πέμπειν</span> <span class='ocrx_word' id='word_1_195' title='bbox 927 1708 1101 1765; x_wconf 80' lang='grc' dir='ltr'>Καίσαρι</span> <span class='ocrx_word' id='word_1_196' title='bbox 1139 1708 1358 1763; x_wconf 79' lang='grc' dir='ltr'>διαδόχους</span> <span class='ocrx_word' id='word_1_197' title='bbox 1406 1709 1470 1749; x_wconf 86' lang='grc' dir='ltr'>ἐπὶ</span> <span class='ocrx_word' id='word_1_198' title='bbox 1514 1708 1563 1750; x_wconf 86' lang='grc' dir='ltr'>τὰ</span> <span class='ocrx_word' id='word_1_199' title='bbox 1607 1709 1728 1765; x_wconf 78' lang='grc' dir='ltr'><strong>ἔθνη·</strong></span> 
     </span>
     <span class='ocr_line' id='line_1_23' title="bbox 180 1779 1727 1839; baseline 0.002 -18"><span class='ocrx_word' id='word_1_200' title='bbox 180 1783 246 1822; x_wconf 85' lang='grc' dir='ltr'>καὶ</span> <span class='ocrx_word' id='word_1_201' title='bbox 275 1781 357 1837; x_wconf 56' lang='grc' dir='ltr'>γὰρ-</span> <span class='ocrx_word' id='word_1_202' title='bbox 383 1781 525 1837; x_wconf 81' lang='grc' dir='ltr'>ἔληγεν</span> <span class='ocrx_word' id='word_1_203' title='bbox 559 1784 579 1824; x_wconf 85' lang='grc' dir='ltr'>ὁ</span> <span class='ocrx_word' id='word_1_204' title='bbox 608 1782 756 1839; x_wconf 82' lang='grc' dir='ltr'>χρόνος</span> <span class='ocrx_word' id='word_1_205' title='bbox 783 1782 811 1824; x_wconf 90' lang='lat' dir='ltr'>i.</span> <span class='ocrx_word' id='word_1_206' title='bbox 840 1796 875 1824; x_wconf 88' lang='lat' dir='ltr'>e.</span> <span class='ocrx_word' id='word_1_207' title='bbox 903 1779 954 1824; x_wconf 89' lang='lat' dir='ltr'>C.</span> <span class='ocrx_word' id='word_1_208' title='bbox 985 1779 1198 1823; x_wconf 82' lang='lat' dir='ltr'>Claudius</span> <span class='ocrx_word' id='word_1_209' title='bbox 1226 1779 1457 1822; x_wconf 85' lang='lat' dir='ltr'>Marcellus</span> <span class='ocrx_word' id='word_1_210' title='bbox 1497 1781 1608 1824; x_wconf 82' lang='lat' dir='ltr'>circa</span> <span class='ocrx_word' id='word_1_211' title='bbox 1635 1779 1727 1824; x_wconf 80' lang='lat' dir='ltr'>Cal.</span> 
     </span>
     <span class='ocr_line' id='line_1_24' title="bbox 180 1850 1729 1911; baseline 0 -15"><span class='ocrx_word' id='word_1_212' title='bbox 180 1853 359 1897; x_wconf 88' lang='lat' dir='ltr'>Martias</span> <span class='ocrx_word' id='word_1_213' title='bbox 392 1855 633 1911; x_wconf 89' lang='lat' dir='ltr'>(paululum</span> <span class='ocrx_word' id='word_1_214' title='bbox 669 1855 782 1897; x_wconf 89' lang='lat' dir='ltr'>enim</span> <span class='ocrx_word' id='word_1_215' title='bbox 817 1869 907 1895; x_wconf 91' lang='lat' dir='ltr'>rem</span> <span class='ocrx_word' id='word_1_216' title='bbox 939 1853 1113 1895; x_wconf 88' lang='lat' dir='ltr'>dilatam</span> <span class='ocrx_word' id='word_1_217' title='bbox 1143 1866 1238 1894; x_wconf 90' lang='lat' dir='ltr'>esse</span> <span class='ocrx_word' id='word_1_218' title='bbox 1268 1850 1468 1907; x_wconf 88' lang='lat' dir='ltr'>arbitror)</span> <span class='ocrx_word' id='word_1_219' title='bbox 1501 1853 1645 1896; x_wconf 87' lang='lat' dir='ltr'>retulit</span> <span class='ocrx_word' id='word_1_220' title='bbox 1674 1869 1729 1896; x_wconf 87' lang='lat' dir='ltr'>ex</span> 
     </span>
     <span class='ocr_line' id='line_1_25' title="bbox 182 1923 1727 1982; baseline 0 -14"><span class='ocrx_word' id='word_1_221' title='bbox 182 1928 554 1970; x_wconf 85' lang='lat' dir='ltr'>senatusconsulto</span> <span class='ocrx_word' id='word_1_222' title='bbox 581 1927 656 1969; x_wconf 90' lang='lat' dir='ltr'>·de</span> <span class='ocrx_word' id='word_1_223' title='bbox 702 1925 935 1982; x_wconf 89' lang='lat' dir='ltr'>provinciis</span> <span class='ocrx_word' id='word_1_224' title='bbox 987 1924 1285 1967; x_wconf 87' lang='lat' dir='ltr'>consularibus</span> <span class='ocrx_word' id='word_1_225' title='bbox 1335 1923 1626 1981; x_wconf 87' lang='lat' dir='ltr'>imprimisque</span> <span class='ocrx_word' id='word_1_226' title='bbox 1673 1926 1727 1968; x_wconf 87' lang='lat' dir='ltr'>de</span> 
     </span>
     <span class='ocr_line' id='line_1_26' title="bbox 182 1993 1727 2055; baseline -0.001 -14"><span class='ocrx_word' id='word_1_227' title='bbox 182 1997 336 2041; x_wconf 81' lang='lat' dir='ltr'>Galliis</span> <span class='ocrx_word' id='word_1_228' title='bbox 347 2015 358 2049; x_wconf 80' lang='lat'>3</span> <span class='ocrx_word' id='word_1_229' title='bbox 388 1999 602 2055; x_wconf 89' lang='lat' dir='ltr'>siquidem</span> <span class='ocrx_word' id='word_1_230' title='bbox 627 2006 730 2040; x_wconf 87' lang='lat' dir='ltr'>tunc</span> <span class='ocrx_word' id='word_1_231' title='bbox 761 1997 984 2040; x_wconf 87' lang='lat' dir='ltr'>desinebat</span> <span class='ocrx_word' id='word_1_232' title='bbox 1008 1996 1334 2053; x_wconf 86' lang='lat' dir='ltr'>proconsulatus</span> <span class='ocrx_word' id='word_1_233' title='bbox 1363 1993 1574 2039; x_wconf 87' lang='lat' dir='ltr'>Caesaris.</span> <span class='ocrx_word' id='word_1_234' title='bbox 1607 1997 1727 2040; x_wconf 89' lang='lat' dir='ltr'>Non-</span> 
     </span>
     <span class='ocr_line' id='line_1_27' title="bbox 181 2069 1728 2127; baseline 0 -15"><span class='ocrx_word' id='word_1_235' title='bbox 181 2070 284 2112; x_wconf 90' lang='lat' dir='ltr'>dum</span> <span class='ocrx_word' id='word_1_236' title='bbox 312 2071 447 2127; x_wconf 84' lang='lat' dir='ltr'>igitur</span> <span class='ocrx_word' id='word_1_237' title='bbox 475 2085 620 2112; x_wconf 90' lang='lat' dir='ltr'>mense</span> <span class='ocrx_word' id='word_1_238' title='bbox 644 2069 803 2112; x_wconf 88' lang='lat' dir='ltr'>Martio</span> <span class='ocrx_word' id='word_1_239' title='bbox 830 2069 1011 2119; x_wconf 85' lang='lat' dir='ltr'>exierat,</span> <span class='ocrx_word' id='word_1_240' title='bbox 1045 2069 1121 2110; x_wconf 90' lang='lat' dir='ltr'>sed</span> <span class='ocrx_word' id='word_1_241' title='bbox 1149 2069 1415 2125; x_wconf 89' lang='lat' dir='ltr'>propinquus</span> <span class='ocrx_word' id='word_1_242' title='bbox 1445 2076 1609 2111; x_wconf 85' lang='lat' dir='ltr'>tantum</span> <span class='ocrx_word' id='word_1_243' title='bbox 1638 2077 1728 2112; x_wconf 83' lang='lat' dir='ltr'>erat</span> 
     </span>
     <span class='ocr_line' id='line_1_28' title="bbox 181 2139 1727 2198; baseline 0.001 -16"><span class='ocrx_word' id='word_1_244' title='bbox 181 2142 335 2184; x_wconf 87' lang='lat' dir='ltr'>exitus.</span> <span class='ocrx_word' id='word_1_245' title='bbox 390 2142 553 2185; x_wconf 91' lang='lat' dir='ltr'>Verum</span> <span class='ocrx_word' id='word_1_246' title='bbox 581 2157 666 2197; x_wconf 92' lang='lat' dir='ltr'>quo</span> <span class='ocrx_word' id='word_1_247' title='bbox 697 2141 869 2183; x_wconf 85' lang='lat' dir='ltr'>tandem</span> <span class='ocrx_word' id='word_1_248' title='bbox 896 2140 965 2182; x_wconf 85' lang='lat' dir='ltr'>die</span> <span class='ocrx_word' id='word_1_249' title='bbox 995 2148 1084 2183; x_wconf 88' lang='lat' dir='ltr'>erat</span> <span class='ocrx_word' id='word_1_250' title='bbox 1114 2141 1337 2184; x_wconf 85' lang='lat' dir='ltr'>exiturus?</span> <span class='ocrx_word' id='word_1_251' title='bbox 1391 2139 1566 2184; x_wconf 87' lang='lat' dir='ltr'>Scilicet</span> <span class='ocrx_word' id='word_1_252' title='bbox 1592 2141 1727 2198; x_wconf 86' lang='lat' dir='ltr'>signi-</span> 
     </span>
     <span class='ocr_line' id='line_1_29' title="bbox 179 2211 1727 2256; baseline -0.001 0"><span class='ocrx_word' id='word_1_253' title='bbox 179 2214 278 2256; x_wconf 87' lang='lat' dir='ltr'>ficat</span> <span class='ocrx_word' id='word_1_254' title='bbox 303 2229 454 2256; x_wconf 89' lang='lat' dir='ltr'>rursus</span> <span class='ocrx_word' id='word_1_255' title='bbox 474 2211 648 2255; x_wconf 90' lang='lat' dir='ltr'>Caelius</span> <span class='ocrx_word' id='word_1_256' title='bbox 678 2227 822 2254; x_wconf 88' lang='lat' dir='ltr'>mense</span> <span class='ocrx_word' id='word_1_257' title='bbox 848 2213 936 2255; x_wconf 83' lang='lat' dir='ltr'>fere</span> <span class='ocrx_word' id='word_1_258' title='bbox 959 2213 1085 2255; x_wconf 90' lang='lat' dir='ltr'>Iunio</span> <span class='ocrx_word' id='word_1_259' title='bbox 1105 2213 1166 2255; x_wconf 88' lang='lat' dir='ltr'>sic</span> <span class='ocrx_word' id='word_1_260' title='bbox 1186 2214 1240 2256; x_wconf 88' lang='lat' dir='ltr'>ad</span> <span class='ocrx_word' id='word_1_261' title='bbox 1259 2211 1511 2256; x_wconf 90' lang='lat' dir='ltr'>Ciceronem</span> <span class='ocrx_word' id='word_1_262' title='bbox 1533 2213 1727 2256; x_wconf 84' lang='lat' dir='ltr'>scribens</span> 
     </span>
     <span class='ocr_line' id='line_1_30' title="bbox 181 2283 1726 2342; baseline -0.001 -14"><span class='ocrx_word' id='word_1_263' title='bbox 181 2283 292 2340; x_wconf 81' lang='lat' dir='ltr'>(Cio.</span> <span class='ocrx_word' id='word_1_264' title='bbox 312 2287 435 2342; x_wconf 88' lang='lat' dir='ltr'>epist.</span> <span class='ocrx_word' id='word_1_265' title='bbox 451 2286 575 2335; x_wconf 89' lang='lat' dir='ltr'>VIII,</span> <span class='ocrx_word' id='word_1_266' title='bbox 600 2288 661 2335; x_wconf 89' lang='lat'>11,</span> <span class='ocrx_word' id='word_1_267' title='bbox 683 2286 746 2340; x_wconf 72' lang='lat'>3):</span> <span class='ocrx_word' id='word_1_268' title='bbox 785 2287 902 2332; x_wconf 77' lang='lat' dir='ltr'>Quod</span> <span class='ocrx_word' id='word_1_269' title='bbox 925 2288 983 2326; x_wconf 82' lang='lat' dir='ltr'>ad</span> <span class='ocrx_word' id='word_1_270' title='bbox 1007 2286 1298 2338; x_wconf 81' lang='lat' dir='ltr'>rempublicam</span> <span class='ocrx_word' id='word_1_271' title='bbox 1330 2289 1501 2336; x_wconf 76' lang='lat' dir='ltr'>attinet,</span> <span class='ocrx_word' id='word_1_272' title='bbox 1529 2288 1574 2326; x_wconf 81' lang='lat' dir='ltr'>iu</span> <span class='ocrx_word' id='word_1_273' title='bbox 1597 2300 1726 2327; x_wconf 79' lang='lat' dir='ltr'>unam</span> 
     </span>
     <span class='ocr_line' id='line_1_31' title="bbox 180 2359 1728 2411; baseline 0 -13"><span class='ocrx_word' id='word_1_274' title='bbox 180 2374 347 2400; x_wconf 80' lang='lat' dir='ltr'>causam</span> <span class='ocrx_word' id='word_1_275' title='bbox 372 2361 503 2399; x_wconf 77' lang='lat' dir='ltr'>omnis</span> <span class='ocrx_word' id='word_1_276' title='bbox 529 2361 733 2398; x_wconf 78' lang='lat' dir='ltr'>contentio</span> <span class='ocrx_word' id='word_1_277' title='bbox 760 2360 942 2398; x_wconf 80' lang='lat' dir='ltr'>coniecta</span> <span class='ocrx_word' id='word_1_278' title='bbox 972 2363 1031 2397; x_wconf 84' lang='lat' dir='ltr'>est</span> <span class='ocrx_word' id='word_1_279' title='bbox 1052 2359 1099 2398; x_wconf 87' lang='lat' dir='ltr'>de</span> <span class='ocrx_word' id='word_1_280' title='bbox 1118 2359 1355 2410; x_wconf 79' lang='lat' dir='ltr'>provinciis,</span> <span class='ocrx_word' id='word_1_281' title='bbox 1387 2360 1432 2398; x_wconf 83' lang='lat' dir='ltr'>in</span> <span class='ocrx_word' id='word_1_282' title='bbox 1452 2372 1575 2411; x_wconf 87' lang='lat' dir='ltr'>quam</span> <span class='ocrx_word' id='word_1_283' title='bbox 1593 2359 1728 2398; x_wconf 77' lang='lat' dir='ltr'>adhuc</span> 
     </span>
     <span class='ocr_line' id='line_1_32' title="bbox 179 2430 1726 2482; baseline 0 -10"><span class='ocrx_word' id='word_1_284' title='bbox 179 2432 407 2472; x_wconf 82' lang='lat' dir='ltr'>incubuisse</span> <span class='ocrx_word' id='word_1_285' title='bbox 435 2445 527 2471; x_wconf 88' lang='lat' dir='ltr'>cum</span> <span class='ocrx_word' id='word_1_286' title='bbox 557 2436 704 2470; x_wconf 77' lang='lat' dir='ltr'>senatu</span> <span class='ocrx_word' id='word_1_287' title='bbox 732 2431 944 2482; x_wconf 77' lang='lat' dir='ltr'>Pompeius</span> <span class='ocrx_word' id='word_1_288' title='bbox 975 2430 1149 2479; x_wconf 80' lang='lat' dir='ltr'>videtur,</span> <span class='ocrx_word' id='word_1_289' title='bbox 1186 2435 1232 2468; x_wconf 86' lang='lat' dir='ltr'>ut</span> <span class='ocrx_word' id='word_1_290' title='bbox 1264 2431 1414 2471; x_wconf 78' lang='lat' dir='ltr'>Caesar</span> <span class='ocrx_word' id='word_1_291' title='bbox 1440 2431 1494 2471; x_wconf 84' lang='lat' dir='ltr'>Id.</span> <span class='ocrx_word' id='word_1_292' title='bbox 1517 2430 1726 2472; x_wconf 84' lang='lat' dir='ltr'>Novembr.</span> 
     </span>
     <span class='ocr_line' id='line_1_33' title="bbox 181 2501 1726 2558; baseline -0.002 -13"><span class='ocrx_word' id='word_1_293' title='bbox 181 2505 359 2545; x_wconf 78' lang='lat' dir='ltr'>decedat.</span> <span class='ocrx_word' id='word_1_294' title='bbox 409 2501 540 2556; x_wconf 84' lang='lat' dir='ltr'>Quod</span> <span class='ocrx_word' id='word_1_295' title='bbox 569 2501 703 2558; x_wconf 85' lang='lat' dir='ltr'>igitur</span> <span class='ocrx_word' id='word_1_296' title='bbox 733 2501 952 2556; x_wconf 88' lang='lat' dir='ltr'>superiore</span> <span class='ocrx_word' id='word_1_297' title='bbox 978 2515 1089 2543; x_wconf 88' lang='lat' dir='ltr'>anno</span> <span class='ocrx_word' id='word_1_298' title='bbox 1109 2501 1340 2556; x_wconf 88' lang='lat' dir='ltr'>Pompeius</span> <span class='ocrx_word' id='word_1_299' title='bbox 1359 2508 1557 2543; x_wconf 88' lang='lat' dir='ltr'>narratur</span> <span class='ocrx_word' id='word_1_300' title='bbox 1579 2501 1726 2543; x_wconf 84' lang='lat' dir='ltr'>existi-</span> 
     </span>
     <span class='ocr_line' id='line_1_34' title="bbox 180 2572 1726 2629; baseline -0.003 -12"><span class='ocrx_word' id='word_1_301' title='bbox 180 2590 333 2625; x_wconf 89' lang='lat' dir='ltr'>masse,</span> <span class='ocrx_word' id='word_1_302' title='bbox 361 2582 409 2616; x_wconf 88' lang='lat' dir='ltr'>ut</span> <span class='ocrx_word' id='word_1_303' title='bbox 428 2572 603 2616; x_wconf 85' lang='lat' dir='ltr'>Caesari</span> <span class='ocrx_word' id='word_1_304' title='bbox 629 2579 775 2615; x_wconf 85' lang='lat' dir='ltr'>exacto</span> <span class='ocrx_word' id='word_1_305' title='bbox 803 2572 970 2628; x_wconf 89' lang='lat' dir='ltr'>imperii</span> <span class='ocrx_word' id='word_1_306' title='bbox 994 2572 1063 2614; x_wconf 91' lang='lat' dir='ltr'>die</span> <span class='ocrx_word' id='word_1_307' title='bbox 1092 2572 1412 2615; x_wconf 89' lang='lat' dir='ltr'>succedendum</span> <span class='ocrx_word' id='word_1_308' title='bbox 1431 2587 1526 2615; x_wconf 90' lang='lat' dir='ltr'>esse</span> <span class='ocrx_word' id='word_1_309' title='bbox 1543 2579 1726 2629; x_wconf 83' lang='lat' dir='ltr'>putaret,</span> 
     </span>
     <span class='ocr_line' id='line_1_35' title="bbox 178 2642 1726 2694; baseline -0.001 -7"><span class='ocrx_word' id='word_1_310' title='bbox 178 2647 224 2688; x_wconf 91' lang='lat' dir='ltr'>id</span> <span class='ocrx_word' id='word_1_311' title='bbox 266 2647 348 2689; x_wconf 88' lang='lat' dir='ltr'>hoc</span> <span class='ocrx_word' id='word_1_312' title='bbox 384 2646 478 2688; x_wconf 88' lang='lat' dir='ltr'>loco</span> <span class='ocrx_word' id='word_1_313' title='bbox 519 2646 580 2688; x_wconf 86' lang='lat' dir='ltr'>sie</span> <span class='ocrx_word' id='word_1_314' title='bbox 617 2645 796 2694; x_wconf 88' lang='lat' dir='ltr'>dicitur,</span> <span class='ocrx_word' id='word_1_315' title='bbox 837 2643 1025 2686; x_wconf 87' lang='lat' dir='ltr'>voluisse</span> <span class='ocrx_word' id='word_1_316' title='bbox 1065 2659 1163 2686; x_wconf 91' lang='lat' dir='ltr'>eum</span> <span class='ocrx_word' id='word_1_317' title='bbox 1192 2642 1369 2687; x_wconf 91' lang='lat' dir='ltr'>Caesari</span> <span class='ocrx_word' id='word_1_318' title='bbox 1399 2645 1466 2687; x_wconf 91' lang='lat' dir='ltr'>Id.</span> <span class='ocrx_word' id='word_1_319' title='bbox 1494 2643 1726 2686; x_wconf 88' lang='lat' dir='ltr'>Novembr.</span> 
     </span>
     <span class='ocr_line' id='line_1_36' title="bbox 181 2715 1726 2772; baseline -0.002 -12"><span class='ocrx_word' id='word_1_320' title='bbox 181 2718 369 2760; x_wconf 89' lang='lat' dir='ltr'>succedi.</span> <span class='ocrx_word' id='word_1_321' title='bbox 422 2717 575 2759; x_wconf 91' lang='lat' dir='ltr'>Nonne</span> <span class='ocrx_word' id='word_1_322' title='bbox 613 2716 746 2772; x_wconf 86' lang='lat' dir='ltr'>igitur</span> <span class='ocrx_word' id='word_1_323' title='bbox 781 2722 974 2772; x_wconf 86' lang='lat' dir='ltr'>apertum</span> <span class='ocrx_word' id='word_1_324' title='bbox 1005 2722 1090 2765; x_wconf 87' lang='lat' dir='ltr'>est,</span> <span class='ocrx_word' id='word_1_325' title='bbox 1130 2715 1234 2770; x_wconf 89' lang='lat' dir='ltr'>ipsis</span> <span class='ocrx_word' id='word_1_326' title='bbox 1264 2716 1330 2758; x_wconf 89' lang='lat' dir='ltr'>his</span> <span class='ocrx_word' id='word_1_327' title='bbox 1358 2715 1511 2759; x_wconf 86' lang='lat' dir='ltr'>Idibus</span> <span class='ocrx_word' id='word_1_328' title='bbox 1538 2715 1726 2758; x_wconf 90' lang='lat' dir='ltr'>Novem-</span> 
     </span>
     <span class='ocr_line' id='line_1_37' title="bbox 180 2786 1724 2844; baseline -0.001 -14"><span class='ocrx_word' id='word_1_329' title='bbox 180 2788 330 2831; x_wconf 89' lang='lat' dir='ltr'>bribus</span> <span class='ocrx_word' id='word_1_330' title='bbox 357 2789 455 2830; x_wconf 89' lang='lat' dir='ltr'>anni</span> <span class='ocrx_word' id='word_1_331' title='bbox 484 2789 537 2831; x_wconf 84' lang='lat'>50</span> <span class='ocrx_word' id='word_1_332' title='bbox 564 2786 763 2831; x_wconf 85' lang='lat' dir='ltr'>Caesaris</span> <span class='ocrx_word' id='word_1_333' title='bbox 789 2787 929 2829; x_wconf 86' lang='lat' dir='ltr'>exisse</span> <span class='ocrx_word' id='word_1_334' title='bbox 955 2787 1305 2843; x_wconf 89' lang='lat' dir='ltr'>proconsulatum</span> <span class='ocrx_word' id='word_1_335' title='bbox 1334 2788 1457 2843; x_wconf 91' lang='lat' dir='ltr'>eique</span> <span class='ocrx_word' id='word_1_336' title='bbox 1483 2802 1535 2829; x_wconf 88' lang='lat' dir='ltr'>ex</span> <span class='ocrx_word' id='word_1_337' title='bbox 1553 2786 1724 2844; x_wconf 87' lang='lat' dir='ltr'>legibus</span> 
     </span>
     <span class='ocr_line' id='line_1_38' title="bbox 181 2859 1726 2917; baseline -0.001 -16"><span class='ocrx_word' id='word_1_338' title='bbox 181 2861 372 2917; x_wconf 86' lang='lat' dir='ltr'>potuisse</span> <span class='ocrx_word' id='word_1_339' title='bbox 416 2861 622 2903; x_wconf 82' lang='lat' dir='ltr'>succedi?</span> <span class='ocrx_word' id='word_1_340' title='bbox 678 2860 747 2902; x_wconf 86' lang='lat' dir='ltr'>Ex</span> <span class='ocrx_word' id='word_1_341' title='bbox 785 2859 937 2901; x_wconf 88' lang='lat' dir='ltr'>eodem</span> <span class='ocrx_word' id='word_1_342' title='bbox 977 2859 1046 2900; x_wconf 92' lang='lat' dir='ltr'>die</span> <span class='ocrx_word' id='word_1_343' title='bbox 1089 2859 1188 2901; x_wconf 89' lang='lat' dir='ltr'>anni</span> <span class='ocrx_word' id='word_1_344' title='bbox 1231 2861 1283 2902; x_wconf 80' lang='lat'>55</span> <span class='ocrx_word' id='word_1_345' title='bbox 1325 2860 1362 2902; x_wconf 90' lang='lat' dir='ltr'>ei</span> <span class='ocrx_word' id='word_1_346' title='bbox 1404 2860 1502 2902; x_wconf 90' lang='lat' dir='ltr'>olim</span> <span class='ocrx_word' id='word_1_347' title='bbox 1545 2859 1726 2901; x_wconf 76' lang='lat' dir='ltr'>alterum</span> 
     </span>
    </p>
   </div>
  </div>
 </body>
</html>
