1846 3100
599 145 654 178 De
679 145 792 180 Gallia
811 146 1045 179 Romanorum
1074 146 1261 188 provincia.
1680 143 1705 187 5

163 255 307 300 Gallia
341 272 428 313 quo
465 263 656 314 tempore
696 264 786 299 orta
820 257 894 307 sit,
940 271 1048 311 quos
1084 255 1306 314 praesides
1343 255 1560 307 habuerit,
1603 271 1710 312 quas

162 329 312 371 finium
341 330 598 372 mutationes
626 329 818 380 subierit,
848 329 1171 385 explicabimus.

279 401 347 443 Ac
381 401 435 444 de
471 401 635 458 origine
674 401 848 457 quidem
887 400 1129 456 provinciae
1160 399 1326 443 Galliae
1359 399 1584 442 maximam
1616 415 1711 443 esse

162 472 289 515 video
318 473 509 516 virorum
537 473 762 516 doctorum
792 473 1117 516 dissensionem.
1166 470 1280 514 Cum
1307 471 1420 514 enim
1452 470 1550 514 Car.
1582 470 1711 529 Sigo-

162 544 259 587 nius
287 545 361 600 (de
391 545 565 601 antiquo
587 546 679 588 iure
708 546 856 602 populi
871 545 994 587 Rom.
1022 544 1117 587 libr.
1143 545 1174 586 I.
1202 559 1237 586 c.
1262 544 1335 601 26)
1357 534 1558 600 ¹quamvis
1580 545 1713 586 multa

163 616 218 659 de
243 617 416 674 populis
447 633 496 660 ac
525 618 648 660 bellis
668 616 848 661 Gallicis
871 624 1026 667 narret,
1057 617 1110 658 de
1138 623 1326 673 tempore
1347 617 1591 672 provinciae
1611 631 1712 660 con—

164 689 335 732 stitutae
373 689 479 731 nihil
518 690 682 740 tradat,
728 690 779 732 P.
817 690 1053 732 Fonteinus
1095 689 1178 745 (de
1219 689 1453 744 provinciis
1491 689 1710 740 Romanis,

162 761 277 803 Trai.
308 762 363 803 ad
379 761 517 804 Rhen.
539 762 643 805 1843
670 777 712 817 p.
732 762 805 817 39)
837 777 862 803 a
889 761 1095 804 dictatore
1119 759 1303 803 Caesare
1335 761 1509 804 demum
1528 762 1713 805 Galliam

165 831 428 889 Cisalpinam
454 833 692 875 institutam
725 848 820 875 esse
845 840 988 889 putat,
1020 834 1162 876 Ioach.
1187 833 1454 890 Marquardt.
1486 835 1549 891 (in
1579 835 1713 877 Beck.

167 905 419 962 compendio
443 906 572 961 antiq.
593 906 716 947 Rom.
735 905 833 947 Vol.
854 905 919 947 III
946 921 988 961 p.
1006 906 1078 961 47)
1109 906 1288 948 eandem
1320 906 1405 948 iam
1430 922 1541 949 anno
1569 907 1642 949 191
1676 923 1712 949 a.

165 975 268 1020 Chr.
296 977 340 1019 in
366 977 612 1033 provinciae
643 978 821 1019 formam
849 977 1066 1020 redactam
1107 993 1201 1020 esse
1231 985 1399 1028 censet,
1438 979 1592 1035 reliqui
1624 994 1714 1021 me-

165 1049 286 1091 dium
317 1049 490 1105 aliquod
521 1056 689 1105 tempus
721 1050 908 1106 eligunt,
950 1056 999 1090 ut
1034 1065 1087 1092 ex
1114 1050 1209 1106 ipsa
1243 1051 1322 1092 hac
1348 1051 1635 1107 discrepantia
1665 1066 1714 1094 ac

166 1122 264 1178 plus
297 1128 468 1163 centum
495 1137 704 1164 annorum
735 1122 871 1178 spatio
901 1128 942 1163 et
970 1121 1173 1164 incertam
1202 1130 1243 1165 et
1265 1123 1484 1165 difficilem
1510 1139 1601 1166 rem
1619 1139 1714 1166 esse

166 1194 471 1250 intelligamus.
525 1192 615 1237 Sed
650 1202 698 1236 ut
726 1194 809 1251 ipsi
840 1193 946 1250 quid
978 1210 1130 1236 verum
1160 1195 1214 1237 sit
1243 1195 1511 1239 inveniamus
1541 1212 1620 1238 1166
1649 1197 1714 1238 in-

166 1274 285 1309 certa
323 1273 471 1308 nostra
507 1273 689 1323 vagetur
727 1266 945 1322 quaestio,
988 1266 1096 1308 fines
1141 1268 1351 1323 quosdam
1389 1269 1715 1319 constituamus,
1777 1314 1779 1322 ,

166 1338 279 1380 intra
304 1352 414 1393 quos
445 1337 631 1380 Galliam
660 1339 925 1395 provinciam
966 1339 1158 1382 extitisse
1201 1347 1413 1396 appareat.
1472 1341 1601 1383 Anno
1630 1341 1714 1398 igi-

165 1417 236 1451 tur
268 1409 344 1453 167
374 1425 411 1452 a.
446 1408 645 1460 Chr.,.in
672 1425 758 1466 quo
791 1411 907 1454 Livii
938 1413 1110 1455 annales
1140 1412 1264 1455 nobis
1295 1413 1522 1464 desinunt,
1554 1415 1715 1457 nullam

167 1481 302 1524 fuisse
333 1481 519 1524 Galliam
553 1483 819 1538 provinciam
859 1498 912 1525 ex
949 1484 1092 1527 verbis
1126 1486 1218 1527 eius
1256 1486 1484 1542 perspicue
1518 1486 1716 1528 videmur

169 1568 441 1611 cognoscere.
496 1554 670 1596 Etenim
703 1570 813 1597 anno
849 1555 926 1598 166
952 1555 1050 1598 Liv.
1081 1557 1229 1607 XLV,
1259 1557 1311 1599 44
1342 1557 1609 1613 praetoribus
1640 1574 1715 1601 sex

168 1626 226 1668 ait
256 1625 450 1668 decretas
479 1641 574 1669 esse
594 1626 670 1668 has
692 1627 950 1682 provincias,
982 1627 1090 1670 duas
1111 1628 1310 1679 urbanas,
1342 1629 1450 1671 duas
1467 1629 1714 1687 Hispanias,

170 1697 375 1749 Siciliam,
408 1696 670 1741 Sardiniam:
699 1700 743 1741 in
773 1699 932 1755 quibus
962 1700 1081 1742 nulla
1110 1699 1276 1742 Galliae
1306 1701 1465 1743 mentio
1492 1710 1568 1744 est.
1624 1703 1716 1745 Nec

169 1770 284 1826 quod
319 1770 418 1813 Liv.
462 1771 561 1827 epit.
589 1771 746 1814 XLVI
781 1779 923 1813 narrat
962 1772 1160 1814 consules
1197 1770 1431 1815 Claudium
1461 1773 1715 1818 Marcellum

171 1841 320 1885 Gallos
365 1841 570 1899 Alpinos,
624 1841 675 1885 C.
725 1843 967 1899 Sulpicium
1022 1843 1196 1886 Gallum
1236 1844 1425 1901 Ligures
1476 1846 1716 1903 subegisse,

169 1922 395 1971 propterea
433 1914 619 1958 Galliam
663 1923 766 1958 tunc
810 1917 1074 1972 provinciam
1112 1917 1268 1959 factam
1312 1932 1406 1959 esse
1455 1925 1714 1962 statuemus:

173 1993 285 2029 certe
299 1986 407 2029 duas
426 1987 680 2030 deberemus
701 1995 900 2038 statuere,
916 1989 992 2031 sed
1009 1989 1109 2032 belli
1127 1996 1292 2032 tantum
1308 1990 1501 2046 gerendi,
1516 2006 1600 2033 non
1616 2007 1716 2048 pro-

171 2059 336 2102 vinciae
357 2074 462 2116 pace
480 2059 842 2102 administrandae
863 2076 993 2103 causa
1010 2062 1206 2104 consules
1236 2062 1280 2103 in
1297 2062 1486 2119 Ligures
1506 2073 1547 2105 et
1565 2062 1715 2106 Gallos

170 2130 354 2187 Alpinos
379 2131 593 2187 profectos
633 2147 726 2174 esse
755 2148 853 2175 611111
880 2133 962 2176 1166
987 2133 1133 2184 docet,
1170 2133 1287 2189 quod
1318 2135 1491 2177 eosdem
1519 2137 1716 2179 consules

172 2202 215 2244 in
249 2202 369 2244 Italia
398 2203 558 2245 versari
585 2204 819 2260 oportebat,
851 2212 942 2247 tum
971 2221 1108 2249 annus
1143 2206 1218 2249 167
1245 2221 1282 2247 a.
1309 2204 1427 2258 Chr„
1457 2223 1542 2263 quo
1562 2208 1716 2251 Livius

172 2274 266 2317 libr.
292 2274 439 2325 XLV,
473 2275 524 2318 16
557 2284 700 2319 narrat
733 2278 1001 2333 praetoribus
1040 2294 1135 2321 esse
1166 2279 1359 2321 decretas
1391 2279 1499 2322 duas
1530 2280 1717 2322 urbanas

172 2346 436 2402 provincias,
480 2347 587 2390 duas
615 2348 870 2404 Hispanias,
918 2349 1129 2401 Siciliam,
1167 2351 1430 2402 Sardiniam,
1468 2351 1717 2394 consulibus

173 2418 298 2461 Pisas
337 2427 379 2461 et
408 2419 593 2462 Galliam
634 2435 731 2462 cum
767 2421 879 2463 binis
919 2421 1162 2478 legionibus
1208 2423 1400 2479 peditum
1441 2430 1483 2464 et
1527 2424 1718 2479 equitum

175 2491 516 2547 quadringentis,
551 2492 709 2548 quibus
741 2499 854 2535 certe
884 2508 970 2535 non
1007 2501 1147 2537 tantae
1179 2495 1325 2552 copiae
1353 2501 1496 2537 essent
1524 2495 1718 2545 traditae,

138 2586 141 2592 ν
178 2563 214 2604 si
254 2570 446 2619 pacatam
494 2564 656 2620 diuque
699 2565 827 2607 armis
872 2566 1092 2608 subactam
1133 2567 1396 2624 provinciam
1441 2567 1719 2623 accepissent.

177 2634 327 2690 Itaque
357 2650 467 2678 anno
501 2636 577 2678 168
607 2652 644 2678 a.
676 2635 779 2678 Chr.
804 2637 959 2679 Livius
996 2637 1092 2680 libr.
1118 2639 1288 2689 XLIV,
1323 2639 1371 2681 17
1403 2639 1508 2680 nihil
1548 2640 1720 2681 omnino

177 2705 304 2749 habet
329 2707 384 2749 de
401 2706 544 2750 Gallia
565 2708 807 2764 provincia:
837 2709 1042 2752 urbanam
1064 2717 1366 2754 commemorat
1386 2717 1428 2752 et
1450 2710 1721 2767 peregrinam

179 2785 221 2820 et
253 2778 432 2821 classem
464 2787 505 2820 et
534 2777 722 2822 Siciliam
753 2788 794 2823 et
825 2779 1082 2833 Sardiniam,
1118 2797 1198 2825 nec
1228 2782 1460 2839 superioris
1491 2783 1591 2825 anni
1617 2797 1719 2825 con-

181 2851 285 2900 suli,
325 2851 399 2906 qui
440 2851 485 2892 in
515 2851 657 2895 Gallia
696 2860 891 2896 versatus
921 2862 1030 2904 erat,
1069 2863 1343 2911 prorogatum
1374 2870 1468 2897 esse
1495 2855 1723 2912 imperium
