<?xml version="1.0" encoding="UTF-8"?>
<!DOCTYPE html PUBLIC "-//W3C//DTD XHTML 1.0 Transitional//EN"
    "http://www.w3.org/TR/xhtml1/DTD/xhtml1-transitional.dtd">
<html xmlns="http://www.w3.org/1999/xhtml" xml:lang="en" lang="en">
 <head>
  <title>
</title>
<meta http-equiv="Content-Type" content="text/html;charset=utf-8" />
  <meta name='ocr-system' content='tesseract 3.04.00' />
  <meta name='ocr-capabilities' content='ocr_page ocr_carea ocr_par ocr_line ocrx_word'/>
</head>
<body>
  <div class='ocr_page' id='page_1' title='image "./studiaromanasive00zump_0328.png"; bbox 0 0 1846 3100; ppageno 0'>
   <div class='ocr_carea' id='block_1_1' title="bbox 217 144 1359 190">
    <p class='ocr_par' dir='ltr' id='par_1_1' title="bbox 217 144 1359 190">
     <span class='ocr_line' id='line_1_1' title="bbox 217 144 1359 190; baseline 0.004 -11"><span class='ocrx_word' id='word_1_1' title='bbox 217 144 298 187; x_wconf 80' lang='grc'>316</span> <span class='ocrx_word' id='word_1_2' title='bbox 623 147 678 180; x_wconf 90' lang='lat' dir='ltr'>De</span> <span class='ocrx_word' id='word_1_3' title='bbox 703 147 840 189; x_wconf 86' lang='lat' dir='ltr'>legibus</span> <span class='ocrx_word' id='word_1_4' title='bbox 866 148 1130 190; x_wconf 73' lang='lat' dir='ltr'><strong>municipalibus</strong></span> <span class='ocrx_word' id='word_1_5' title='bbox 1154 148 1359 190; x_wconf 75' lang='lat' dir='ltr'>Hispanicis.</span> 
     </span>
    </p>
   </div>
   <div class='ocr_carea' id='block_1_2' title="bbox 215 255 1765 385">
    <p class='ocr_par' dir='ltr' id='par_1_2' title="bbox 215 255 1765 385">
     <span class='ocr_line' id='line_1_2' title="bbox 215 255 1765 315; baseline 0.001 -15"><span class='ocrx_word' id='word_1_6' title='bbox 215 264 258 300; x_wconf 89' lang='lat' dir='ltr'>et</span> <span class='ocrx_word' id='word_1_7' title='bbox 299 256 683 300; x_wconf 88' lang='lat' dir='ltr'>Tauromenitanos</span> <span class='ocrx_word' id='word_1_8' title='bbox 699 287 710 307; x_wconf 93' lang='lat'>,</span> <span class='ocrx_word' id='word_1_9' title='bbox 756 256 966 311; x_wconf 82' lang='lat' dir='ltr'>siquidem</span> <span class='ocrx_word' id='word_1_10' title='bbox 1009 255 1187 298; x_wconf 77' lang='lat' dir='ltr'><strong>Netinos</strong></span> <span class='ocrx_word' id='word_1_11' title='bbox 1230 257 1440 301; x_wconf 82' lang='lat' dir='ltr'>deteriore</span> <span class='ocrx_word' id='word_1_12' title='bbox 1483 258 1628 315; x_wconf 87' lang='lat' dir='ltr'>aliquo</span> <span class='ocrx_word' id='word_1_13' title='bbox 1671 259 1765 302; x_wconf 83' lang='lat' dir='ltr'>iure</span> 
     </span>
     <span class='ocr_line' id='line_1_3' title="bbox 215 325 1765 385; baseline 0.001 -12"><span class='ocrx_word' id='word_1_14' title='bbox 215 329 352 373; x_wconf 85' lang='lat' dir='ltr'>fuisse</span> <span class='ocrx_word' id='word_1_15' title='bbox 391 329 580 372; x_wconf 80' lang='lat' dir='ltr'>ostendit</span> <span class='ocrx_word' id='word_1_16' title='bbox 618 336 795 385; x_wconf 88' lang='lat' dir='ltr'>patruus</span> <span class='ocrx_word' id='word_1_17' title='bbox 827 326 925 370; x_wconf 82' lang='lat' dir='ltr'>Car.</span> <span class='ocrx_word' id='word_1_18' title='bbox 955 327 1068 370; x_wconf 91' lang='lat' dir='ltr'><strong>Tim.</strong></span> <span class='ocrx_word' id='word_1_19' title='bbox 1104 328 1159 370; x_wconf 89' lang='lat' dir='ltr'>ad</span> <span class='ocrx_word' id='word_1_20' title='bbox 1191 325 1284 371; x_wconf 80' lang='lat' dir='ltr'>Cic.</span> <span class='ocrx_word' id='word_1_21' title='bbox 1314 329 1439 373; x_wconf 85' lang='lat' dir='ltr'>Verr.</span> <span class='ocrx_word' id='word_1_22' title='bbox 1469 330 1567 374; x_wconf 86' lang='lat' dir='ltr'><strong>libr.</strong></span> <span class='ocrx_word' id='word_1_23' title='bbox 1597 331 1690 381; x_wconf 91' lang='lat' dir='ltr'>III,</span> <span class='ocrx_word' id='word_1_24' title='bbox 1725 332 1765 382; x_wconf 89' lang='lat'>6,</span> 
     </span>
    </p>
   </div>
   <div class='ocr_carea' id='block_1_3' title="bbox 215 399 1843 460">
    <p class='ocr_par' dir='ltr' id='par_1_3' title="bbox 215 399 1843 460">
     <span class='ocr_line' id='line_1_4' title="bbox 215 399 1843 460; baseline 0.002 -16"><span class='ocrx_word' id='word_1_25' title='bbox 215 402 509 445; x_wconf 78' lang='lat' dir='ltr'>Narbonensis</span> <span class='ocrx_word' id='word_1_26' title='bbox 535 401 845 451; x_wconf 75' lang='lat' dir='ltr'>Massilienses,</span> <span class='ocrx_word' id='word_1_27' title='bbox 875 400 1018 444; x_wconf 89' lang='lat' dir='ltr'>Gallia</span> <span class='ocrx_word' id='word_1_28' title='bbox 1037 399 1217 444; x_wconf 88' lang='lat' dir='ltr'>Comata</span> <span class='ocrx_word' id='word_1_29' title='bbox 1236 408 1438 457; x_wconf 89' lang='lat' dir='ltr'>quattuor</span> <span class='ocrx_word' id='word_1_30' title='bbox 1455 404 1639 460; x_wconf 90' lang='lat' dir='ltr'>populos</span> <span class='ocrx_word' id='word_1_31' title='bbox 1659 404 1766 447; x_wconf 89' lang='lat' dir='ltr'>Lin-</span> <span class='ocrx_word' id='word_1_32' title='bbox 1840 444 1843 446; x_wconf 89' lang='lat'>.</span> 
     </span>
    </p>
   </div>
   <div class='ocr_carea' id='block_1_4' title="bbox 216 471 1769 752">
    <p class='ocr_par' dir='ltr' id='par_1_4' title="bbox 216 471 1769 752">
     <span class='ocr_line' id='line_1_5' title="bbox 217 471 1766 531; baseline 0.002 -14"><span class='ocrx_word' id='word_1_33' title='bbox 217 490 366 531; x_wconf 86' lang='lat' dir='ltr'>gones,</span> <span class='ocrx_word' id='word_1_34' title='bbox 394 475 568 524; x_wconf 88' lang='lat' dir='ltr'>Remos,</span> <span class='ocrx_word' id='word_1_35' title='bbox 595 473 790 523; x_wconf 90' lang='lat' dir='ltr'>Aeduos,</span> <span class='ocrx_word' id='word_1_36' title='bbox 819 471 1048 522; x_wconf 78' lang='lat' dir='ltr'>Carnutos,</span> <span class='ocrx_word' id='word_1_37' title='bbox 1075 473 1311 529; x_wconf 87' lang='lat' dir='ltr'>Aquitania</span> <span class='ocrx_word' id='word_1_38' title='bbox 1337 482 1378 516; x_wconf 90' lang='lat' dir='ltr'>et</span> <span class='ocrx_word' id='word_1_39' title='bbox 1403 475 1554 519; x_wconf 88' lang='lat' dir='ltr'>Africa</span> <span class='ocrx_word' id='word_1_40' title='bbox 1579 477 1766 527; x_wconf 80' lang='lat' dir='ltr'>nullum3</span> 
     </span>
     <span class='ocr_line' id='line_1_6' title="bbox 216 545 1768 606; baseline 0.003 -17"><span class='ocrx_word' id='word_1_41' title='bbox 216 547 403 603; x_wconf 86' lang='lat' dir='ltr'>reliquas</span> <span class='ocrx_word' id='word_1_42' title='bbox 428 548 539 589; x_wconf 91' lang='lat' dir='ltr'>enim</span> <span class='ocrx_word' id='word_1_43' title='bbox 559 546 816 603; x_wconf 90' lang='lat' dir='ltr'>provincias,</span> <span class='ocrx_word' id='word_1_44' title='bbox 842 561 952 602; x_wconf 87' lang='lat' dir='ltr'>quae</span> <span class='ocrx_word' id='word_1_45' title='bbox 974 545 1074 601; x_wconf 86' lang='lat' dir='ltr'>quia</span> <span class='ocrx_word' id='word_1_46' title='bbox 1093 545 1261 588; x_wconf 86' lang='lat' dir='ltr'>Graeca</span> <span class='ocrx_word' id='word_1_47' title='bbox 1281 546 1447 603; x_wconf 87' lang='lat' dir='ltr'>origine</span> <span class='ocrx_word' id='word_1_48' title='bbox 1471 556 1604 599; x_wconf 87' lang='lat' dir='ltr'>erant,</span> <span class='ocrx_word' id='word_1_49' title='bbox 1630 565 1768 606; x_wconf 89' lang='lat' dir='ltr'>neque</span> 
     </span>
     <span class='ocr_line' id='line_1_7' title="bbox 217 618 1768 674; baseline 0.002 -12"><span class='ocrx_word' id='word_1_50' title='bbox 217 635 356 662; x_wconf 88' lang='lat' dir='ltr'>mores</span> <span class='ocrx_word' id='word_1_51' title='bbox 385 619 599 662; x_wconf 90' lang='lat' dir='ltr'>Romanos</span> <span class='ocrx_word' id='word_1_52' title='bbox 637 618 762 661; x_wconf 84' lang='lat' dir='ltr'>facile</span> <span class='ocrx_word' id='word_1_53' title='bbox 801 618 1066 661; x_wconf 89' lang='lat' dir='ltr'>admiserunt</span> <span class='ocrx_word' id='word_1_54' title='bbox 1104 633 1243 673; x_wconf 89' lang='lat' dir='ltr'>neque</span> <span class='ocrx_word' id='word_1_55' title='bbox 1281 619 1440 674; x_wconf 89' lang='lat' dir='ltr'>pariter</span> <span class='ocrx_word' id='word_1_56' title='bbox 1474 635 1573 663; x_wconf 89' lang='lat' dir='ltr'>cum</span> <span class='ocrx_word' id='word_1_57' title='bbox 1616 622 1768 665; x_wconf 88' lang='lat' dir='ltr'>ceteris</span> 
     </span>
     <span class='ocr_line' id='line_1_8' title="bbox 216 691 1769 752; baseline 0.002 -19"><span class='ocrx_word' id='word_1_58' title='bbox 216 691 450 752; x_wconf 82' lang='lat' dir='ltr'>provinciis</span> <span class='ocrx_word' id='word_1_59' title='bbox 479 692 534 734; x_wconf 90' lang='lat' dir='ltr'>ad</span> <span class='ocrx_word' id='word_1_60' title='bbox 563 691 780 734; x_wconf 90' lang='lat' dir='ltr'>civitatem</span> <span class='ocrx_word' id='word_1_61' title='bbox 809 691 1042 734; x_wconf 87' lang='lat' dir='ltr'>Romanam</span> <span class='ocrx_word' id='word_1_62' title='bbox 1075 698 1362 741; x_wconf 89' lang='lat' dir='ltr'>accesserunt,</span> <span class='ocrx_word' id='word_1_63' title='bbox 1392 700 1628 748; x_wconf 84' lang='lat' dir='ltr'>praetereo.</span> <span class='ocrx_word' id='word_1_64' title='bbox 1679 694 1769 738; x_wconf 89' lang='lat' dir='ltr'>Sed</span> 
     </span>
    </p>
   </div>
   <div class='ocr_carea' id='block_1_5' title="bbox 217 763 1834 820">
    <p class='ocr_par' dir='ltr' id='par_1_5' title="bbox 217 763 1834 820">
     <span class='ocr_line' id='line_1_9' title="bbox 217 763 1834 820; baseline 0.002 -14"><span class='ocrx_word' id='word_1_65' title='bbox 217 780 271 807; x_wconf 86' lang='lat' dir='ltr'>ex</span> <span class='ocrx_word' id='word_1_66' title='bbox 299 765 388 814; x_wconf 89' lang='lat' dir='ltr'>his,</span> <span class='ocrx_word' id='word_1_67' title='bbox 426 775 536 820; x_wconf 81' lang='lat' dir='ltr'>quae</span> <span class='ocrx_word' id='word_1_68' title='bbox 565 764 802 815; x_wconf 90' lang='lat' dir='ltr'>nominavi,</span> <span class='ocrx_word' id='word_1_69' title='bbox 836 763 1065 806; x_wconf 87' lang='lat' dir='ltr'>foederatis</span> <span class='ocrx_word' id='word_1_70' title='bbox 1095 763 1263 820; x_wconf 86' lang='lat' dir='ltr'>oppidis</span> <span class='ocrx_word' id='word_1_71' title='bbox 1296 764 1463 807; x_wconf 92' lang='lat' dir='ltr'>nullum</span> <span class='ocrx_word' id='word_1_72' title='bbox 1489 766 1626 809; x_wconf 87' lang='lat' dir='ltr'>fuisse</span> <span class='ocrx_word' id='word_1_73' title='bbox 1656 767 1769 818; x_wconf 89' lang='lat' dir='ltr'>dico,</span> <span class='ocrx_word' id='word_1_74' title='bbox 1831 763 1834 766; x_wconf 52' lang='grc'><strong>’</strong></span> 
     </span>
    </p>
   </div>
   <div class='ocr_carea' id='block_1_6' title="bbox 218 835 1773 1403">
    <p class='ocr_par' dir='ltr' id='par_1_6' title="bbox 218 835 1773 1403">
     <span class='ocr_line' id='line_1_10' title="bbox 218 835 1771 893; baseline 0.002 -14"><span class='ocrx_word' id='word_1_75' title='bbox 218 837 334 893; x_wconf 91' lang='lat' dir='ltr'>quod</span> <span class='ocrx_word' id='word_1_76' title='bbox 374 837 561 879; x_wconf 87' lang='lat' dir='ltr'>foederis</span> <span class='ocrx_word' id='word_1_77' title='bbox 601 836 668 879; x_wconf 91' lang='lat' dir='ltr'>sui</span> <span class='ocrx_word' id='word_1_78' title='bbox 704 836 945 879; x_wconf 90' lang='lat' dir='ltr'>libertatem</span> <span class='ocrx_word' id='word_1_79' title='bbox 975 835 1205 877; x_wconf 84' lang='lat' dir='ltr'>Latinitate</span> <span class='ocrx_word' id='word_1_80' title='bbox 1240 843 1404 879; x_wconf 88' lang='lat' dir='ltr'>mutare</span> <span class='ocrx_word' id='word_1_81' title='bbox 1439 838 1587 889; x_wconf 83' lang='lat' dir='ltr'>vellet3</span> <span class='ocrx_word' id='word_1_82' title='bbox 1631 840 1771 882; x_wconf 88' lang='lat' dir='ltr'>omnia</span> 
     </span>
     <span class='ocr_line' id='line_1_11' title="bbox 220 908 1770 967; baseline 0.002 -16"><span class='ocrx_word' id='word_1_83' title='bbox 220 911 254 951; x_wconf 90' lang='lat' dir='ltr'>si</span> <span class='ocrx_word' id='word_1_84' title='bbox 291 910 384 952; x_wconf 89' lang='lat' dir='ltr'>iure</span> <span class='ocrx_word' id='word_1_85' title='bbox 414 916 693 960; x_wconf 84' lang='lat' dir='ltr'>mutarentur,</span> <span class='ocrx_word' id='word_1_86' title='bbox 731 910 889 952; x_wconf 87' lang='lat' dir='ltr'>omisso</span> <span class='ocrx_word' id='word_1_87' title='bbox 921 909 1047 951; x_wconf 91' lang='lat' dir='ltr'>Latio</span> <span class='ocrx_word' id='word_1_88' title='bbox 1084 908 1284 950; x_wconf 89' lang='lat' dir='ltr'>continuo</span> <span class='ocrx_word' id='word_1_89' title='bbox 1317 909 1359 951; x_wconf 92' lang='lat' dir='ltr'>in</span> <span class='ocrx_word' id='word_1_90' title='bbox 1390 910 1527 967; x_wconf 85' lang='lat' dir='ltr'>ipsam</span> <span class='ocrx_word' id='word_1_91' title='bbox 1557 911 1770 956; x_wconf 87' lang='lat' dir='ltr'>civitatem</span> 
     </span>
     <span class='ocr_line' id='line_1_12' title="bbox 218 981 1771 1041; baseline 0.001 -15"><span class='ocrx_word' id='word_1_92' title='bbox 218 984 455 1026; x_wconf 85' lang='lat' dir='ltr'>Romanam</span> <span class='ocrx_word' id='word_1_93' title='bbox 481 981 754 1024; x_wconf 86' lang='lat' dir='ltr'>transierunt.</span> <span class='ocrx_word' id='word_1_94' title='bbox 807 982 958 1037; x_wconf 89' lang='lat' dir='ltr'>Itaque</span> <span class='ocrx_word' id='word_1_95' title='bbox 984 981 1188 1023; x_wconf 84' lang='lat' dir='ltr'>Messana</span> <span class='ocrx_word' id='word_1_96' title='bbox 1213 996 1238 1023; x_wconf 91' lang='lat' dir='ltr'>a</span> <span class='ocrx_word' id='word_1_97' title='bbox 1263 981 1405 1024; x_wconf 89' lang='lat' dir='ltr'>Plinio</span> <span class='ocrx_word' id='word_1_98' title='bbox 1429 982 1514 1034; x_wconf 93' lang='lat' dir='ltr'>III,</span> <span class='ocrx_word' id='word_1_99' title='bbox 1544 984 1597 1027; x_wconf 85' lang='lat'>88</span> <span class='ocrx_word' id='word_1_100' title='bbox 1625 985 1771 1041; x_wconf 87' lang='lat' dir='ltr'>appel—</span> 
     </span>
     <span class='ocr_line' id='line_1_13' title="bbox 222 1053 1773 1105; baseline 0.002 -8"><span class='ocrx_word' id='word_1_101' title='bbox 222 1056 336 1098; x_wconf 90' lang='lat' dir='ltr'>latur</span> <span class='ocrx_word' id='word_1_102' title='bbox 364 1055 523 1097; x_wconf 86' lang='lat' dir='ltr'>civium</span> <span class='ocrx_word' id='word_1_103' title='bbox 549 1053 854 1103; x_wconf 88' lang='lat' dir='ltr'>Romanorum,</span> <span class='ocrx_word' id='word_1_104' title='bbox 880 1053 1218 1096; x_wconf 86' lang='lat' dir='ltr'>Tauromenium</span> <span class='ocrx_word' id='word_1_105' title='bbox 1239 1053 1426 1105; x_wconf 82' lang='lat' dir='ltr'>colonia3</span> <span class='ocrx_word' id='word_1_106' title='bbox 1455 1055 1558 1098; x_wconf 86' lang='lat' dir='ltr'>item</span> <span class='ocrx_word' id='word_1_107' title='bbox 1578 1056 1773 1100; x_wconf 83' lang='lat' dir='ltr'>Massilia</span> 
     </span>
     <span class='ocr_line' id='line_1_14' title="bbox 219 1126 1771 1184; baseline 0.002 -14"><span class='ocrx_word' id='word_1_108' title='bbox 219 1135 267 1170; x_wconf 92' lang='lat' dir='ltr'>ut</span> <span class='ocrx_word' id='word_1_109' title='bbox 299 1128 455 1170; x_wconf 82' lang='lat' dir='ltr'>foedus</span> <span class='ocrx_word' id='word_1_110' title='bbox 483 1128 727 1184; x_wconf 86' lang='lat' dir='ltr'>deponeret,</span> <span class='ocrx_word' id='word_1_111' title='bbox 760 1126 841 1169; x_wconf 83' lang='lat' dir='ltr'>nisi</span> <span class='ocrx_word' id='word_1_112' title='bbox 875 1126 1046 1168; x_wconf 90' lang='lat' dir='ltr'>civitate</span> <span class='ocrx_word' id='word_1_113' title='bbox 1076 1126 1176 1168; x_wconf 87' lang='lat' dir='ltr'>data</span> <span class='ocrx_word' id='word_1_114' title='bbox 1204 1141 1289 1168; x_wconf 92' lang='lat' dir='ltr'>non</span> <span class='ocrx_word' id='word_1_115' title='bbox 1316 1127 1490 1170; x_wconf 90' lang='lat' dir='ltr'>videtur</span> <span class='ocrx_word' id='word_1_116' title='bbox 1518 1143 1613 1171; x_wconf 90' lang='lat' dir='ltr'>esse</span> <span class='ocrx_word' id='word_1_117' title='bbox 1644 1137 1771 1173; x_wconf 81' lang='lat' dir='ltr'>mota.</span> 
     </span>
     <span class='ocr_line' id='line_1_15' title="bbox 220 1197 1772 1257; baseline 0.001 -14"><span class='ocrx_word' id='word_1_118' title='bbox 220 1199 496 1257; x_wconf 87' lang='lat' dir='ltr'>Lingonibus</span> <span class='ocrx_word' id='word_1_119' title='bbox 529 1206 671 1242; x_wconf 91' lang='lat' dir='ltr'>autem</span> <span class='ocrx_word' id='word_1_120' title='bbox 704 1215 803 1242; x_wconf 90' lang='lat' dir='ltr'>cum</span> <span class='ocrx_word' id='word_1_121' title='bbox 832 1200 1062 1256; x_wconf 87' lang='lat' dir='ltr'>imperator</span> <span class='ocrx_word' id='word_1_122' title='bbox 1088 1197 1205 1241; x_wconf 88' lang='lat' dir='ltr'>Otho</span> <span class='ocrx_word' id='word_1_123' title='bbox 1234 1199 1464 1255; x_wconf 85' lang='lat' dir='ltr'>gratificari</span> <span class='ocrx_word' id='word_1_124' title='bbox 1490 1201 1640 1251; x_wconf 88' lang='lat' dir='ltr'>vellet,</span> <span class='ocrx_word' id='word_1_125' title='bbox 1669 1218 1772 1245; x_wconf 91' lang='lat' dir='ltr'>num</span> 
     </span>
     <span class='ocr_line' id='line_1_16' title="bbox 221 1271 1771 1331; baseline 0.001 -15"><span class='ocrx_word' id='word_1_126' title='bbox 221 1274 499 1316; x_wconf 85' lang='lat' dir='ltr'>Latinitatem</span> <span class='ocrx_word' id='word_1_127' title='bbox 529 1272 711 1315; x_wconf 84' lang='lat' dir='ltr'>obtulit?</span> <span class='ocrx_word' id='word_1_128' title='bbox 770 1272 906 1314; x_wconf 90' lang='lat' dir='ltr'>Immo</span> <span class='ocrx_word' id='word_1_129' title='bbox 943 1271 1159 1314; x_wconf 89' lang='lat' dir='ltr'>civitatem</span> <span class='ocrx_word' id='word_1_130' title='bbox 1189 1271 1448 1323; x_wconf 86' lang='lat' dir='ltr'>Romanam,</span> <span class='ocrx_word' id='word_1_131' title='bbox 1490 1289 1619 1330; x_wconf 89' lang='lat' dir='ltr'>quam</span> <span class='ocrx_word' id='word_1_132' title='bbox 1656 1275 1771 1331; x_wconf 88' lang='lat' dir='ltr'>prin-</span> 
     </span>
     <span class='ocr_line' id='line_1_17' title="bbox 221 1344 1772 1403; baseline 0.001 -15"><span class='ocrx_word' id='word_1_133' title='bbox 221 1347 338 1403; x_wconf 86' lang='lat' dir='ltr'>cipes</span> <span class='ocrx_word' id='word_1_134' title='bbox 367 1361 515 1388; x_wconf 86' lang='lat' dir='ltr'>eorum</span> <span class='ocrx_word' id='word_1_135' title='bbox 541 1346 626 1388; x_wconf 90' lang='lat' dir='ltr'>iam</span> <span class='ocrx_word' id='word_1_136' title='bbox 655 1351 752 1387; x_wconf 89' lang='lat' dir='ltr'>ante</span> <span class='ocrx_word' id='word_1_137' title='bbox 783 1344 1021 1387; x_wconf 88' lang='lat' dir='ltr'>habuerant</span> <span class='ocrx_word' id='word_1_138' title='bbox 1050 1344 1173 1398; x_wconf 91' lang='lat' dir='ltr'>(Tac.</span> <span class='ocrx_word' id='word_1_139' title='bbox 1199 1344 1314 1387; x_wconf 88' lang='lat' dir='ltr'>Hist.</span> <span class='ocrx_word' id='word_1_140' title='bbox 1333 1345 1369 1395; x_wconf 90' lang='lat' dir='ltr'>I,</span> <span class='ocrx_word' id='word_1_141' title='bbox 1400 1346 1489 1400; x_wconf 85' lang='lat'>78).</span> <span class='ocrx_word' id='word_1_142' title='bbox 1543 1346 1631 1389; x_wconf 90' lang='lat' dir='ltr'>Sed</span> <span class='ocrx_word' id='word_1_143' title='bbox 1657 1347 1772 1390; x_wconf 87' lang='lat' dir='ltr'>idem</span> 
     </span>
    </p>
   </div>
   <div class='ocr_carea' id='block_1_7' title="bbox 221 1410 1846 1474">
    <p class='ocr_par' dir='ltr' id='par_1_7' title="bbox 221 1410 1846 1474">
     <span class='ocr_line' id='line_1_18' title="bbox 221 1410 1846 1474; baseline 0.002 -14"><span class='ocrx_word' id='word_1_144' title='bbox 221 1434 273 1461; x_wconf 89' lang='lat' dir='ltr'>ex</span> <span class='ocrx_word' id='word_1_145' title='bbox 310 1417 624 1474; x_wconf 87' lang='lat' dir='ltr'>antiquioribus</span> <span class='ocrx_word' id='word_1_146' title='bbox 661 1417 867 1474; x_wconf 87' lang='lat' dir='ltr'>exemplis</span> <span class='ocrx_word' id='word_1_147' title='bbox 906 1416 1171 1473; x_wconf 85' lang='lat' dir='ltr'>intelligitur.</span> <span class='ocrx_word' id='word_1_148' title='bbox 1235 1416 1476 1461; x_wconf 85' lang='lat' dir='ltr'>Foederata</span> <span class='ocrx_word' id='word_1_149' title='bbox 1504 1419 1605 1461; x_wconf 92' lang='lat' dir='ltr'>olim</span> <span class='ocrx_word' id='word_1_150' title='bbox 1633 1419 1774 1463; x_wconf 87' lang='lat' dir='ltr'>fuerat</span> <span class='ocrx_word' id='word_1_151' title='bbox 1844 1410 1846 1413; x_wconf 30' lang='lat'><strong><em>¹</em></strong></span> 
     </span>
    </p>
   </div>
   <div class='ocr_carea' id='block_1_8' title="bbox 220 1488 1775 2925">
    <p class='ocr_par' dir='ltr' id='par_1_8' title="bbox 220 1488 1775 2925">
     <span class='ocr_line' id='line_1_19' title="bbox 222 1488 1771 1548; baseline 0.001 -14"><span class='ocrx_word' id='word_1_152' title='bbox 222 1491 438 1535; x_wconf 87' lang='lat' dir='ltr'>Gaditana</span> <span class='ocrx_word' id='word_1_153' title='bbox 467 1490 617 1533; x_wconf 87' lang='lat' dir='ltr'>civitas</span> <span class='ocrx_word' id='word_1_154' title='bbox 649 1488 763 1544; x_wconf 87' lang='lat' dir='ltr'>(Cic.</span> <span class='ocrx_word' id='word_1_155' title='bbox 795 1505 835 1546; x_wconf 90' lang='lat' dir='ltr'>p.</span> <span class='ocrx_word' id='word_1_156' title='bbox 863 1488 985 1531; x_wconf 89' lang='lat' dir='ltr'>Balb.</span> <span class='ocrx_word' id='word_1_157' title='bbox 1016 1504 1051 1532; x_wconf 88' lang='lat' dir='ltr'>c.</span> <span class='ocrx_word' id='word_1_158' title='bbox 1085 1489 1133 1532; x_wconf 80' lang='lat'>14</span> <span class='ocrx_word' id='word_1_159' title='bbox 1161 1493 1266 1545; x_wconf 90' lang='lat' dir='ltr'>sq.),</span> <span class='ocrx_word' id='word_1_160' title='bbox 1301 1505 1380 1533; x_wconf 90' lang='lat' dir='ltr'>nec</span> <span class='ocrx_word' id='word_1_161' title='bbox 1406 1491 1582 1534; x_wconf 88' lang='lat' dir='ltr'>foedere</span> <span class='ocrx_word' id='word_1_162' title='bbox 1611 1507 1771 1548; x_wconf 86' lang='lat' dir='ltr'>aequo:</span> 
     </span>
     <span class='ocr_line' id='line_1_20' title="bbox 220 1561 1774 1620; baseline 0 -13"><span class='ocrx_word' id='word_1_163' title='bbox 220 1580 324 1607; x_wconf 92' lang='lat' dir='ltr'>num</span> <span class='ocrx_word' id='word_1_164' title='bbox 354 1564 488 1620; x_wconf 85' lang='lat' dir='ltr'>igitur</span> <span class='ocrx_word' id='word_1_165' title='bbox 519 1561 680 1606; x_wconf 87' lang='lat' dir='ltr'>Caesar</span> <span class='ocrx_word' id='word_1_166' title='bbox 709 1578 807 1605; x_wconf 91' lang='lat' dir='ltr'>cum</span> <span class='ocrx_word' id='word_1_167' title='bbox 835 1562 1093 1605; x_wconf 88' lang='lat' dir='ltr'>beneficium</span> <span class='ocrx_word' id='word_1_168' title='bbox 1126 1562 1294 1606; x_wconf 88' lang='lat' dir='ltr'>deferre</span> <span class='ocrx_word' id='word_1_169' title='bbox 1327 1563 1468 1614; x_wconf 92' lang='lat' dir='ltr'>vellet,</span> <span class='ocrx_word' id='word_1_170' title='bbox 1498 1563 1774 1608; x_wconf 83' lang='lat' dir='ltr'>Latinitatem</span> 
     </span>
     <span class='ocr_line' id='line_1_21' title="bbox 221 1634 1773 1692; baseline -0.001 -12"><span class='ocrx_word' id='word_1_171' title='bbox 221 1637 408 1680; x_wconf 83' lang='lat' dir='ltr'>obtulit?</span> <span class='ocrx_word' id='word_1_172' title='bbox 464 1637 574 1679; x_wconf 87' lang='lat' dir='ltr'>Eam</span> <span class='ocrx_word' id='word_1_173' title='bbox 616 1635 879 1692; x_wconf 86' lang='lat' dir='ltr'>sprevissent</span> <span class='ocrx_word' id='word_1_174' title='bbox 913 1642 1045 1677; x_wconf 88' lang='lat' dir='ltr'>certe:</span> <span class='ocrx_word' id='word_1_175' title='bbox 1092 1634 1245 1677; x_wconf 83' lang='lat' dir='ltr'>obtulit</span> <span class='ocrx_word' id='word_1_176' title='bbox 1278 1635 1493 1679; x_wconf 90' lang='lat' dir='ltr'>civitatem</span> <span class='ocrx_word' id='word_1_177' title='bbox 1525 1636 1773 1688; x_wconf 80' lang='lat' dir='ltr'>Romanam,</span> 
     </span>
     <span class='ocr_line' id='line_1_22' title="bbox 222 1707 1775 1765; baseline -0.001 -13"><span class='ocrx_word' id='word_1_178' title='bbox 222 1725 308 1765; x_wconf 86' lang='lat' dir='ltr'>qua</span> <span class='ocrx_word' id='word_1_179' title='bbox 349 1715 524 1764; x_wconf 86' lang='lat' dir='ltr'>accepta</span> <span class='ocrx_word' id='word_1_180' title='bbox 568 1708 807 1764; x_wconf 84' lang='lat' dir='ltr'>municipes</span> <span class='ocrx_word' id='word_1_181' title='bbox 850 1708 1095 1750; x_wconf 90' lang='lat' dir='ltr'>extiterunt.</span> <span class='ocrx_word' id='word_1_182' title='bbox 1167 1707 1454 1750; x_wconf 85' lang='lat' dir='ltr'>Foederatum</span> <span class='ocrx_word' id='word_1_183' title='bbox 1491 1709 1594 1752; x_wconf 89' lang='lat' dir='ltr'>item</span> <span class='ocrx_word' id='word_1_184' title='bbox 1634 1710 1775 1753; x_wconf 87' lang='lat' dir='ltr'>fuerat</span> 
     </span>
     <span class='ocr_line' id='line_1_23' title="bbox 225 1778 1774 1838; baseline -0.001 -13"><span class='ocrx_word' id='word_1_185' title='bbox 225 1782 459 1838; x_wconf 90' lang='lat' dir='ltr'>antiquitus</span> <span class='ocrx_word' id='word_1_186' title='bbox 487 1780 732 1838; x_wconf 86' lang='lat' dir='ltr'>Saguntum</span> <span class='ocrx_word' id='word_1_187' title='bbox 764 1778 876 1837; x_wconf 83' lang='lat' dir='ltr'>(Cic.</span> <span class='ocrx_word' id='word_1_188' title='bbox 904 1796 943 1836; x_wconf 92' lang='lat' dir='ltr'>p.</span> <span class='ocrx_word' id='word_1_189' title='bbox 966 1779 1088 1822; x_wconf 89' lang='lat' dir='ltr'>Balb.</span> <span class='ocrx_word' id='word_1_190' title='bbox 1111 1780 1200 1832; x_wconf 80' lang='lat'>22),</span> <span class='ocrx_word' id='word_1_191' title='bbox 1227 1779 1344 1836; x_wconf 91' lang='lat' dir='ltr'>quod</span> <span class='ocrx_word' id='word_1_192' title='bbox 1373 1780 1544 1824; x_wconf 87' lang='lat' dir='ltr'>civitate</span> <span class='ocrx_word' id='word_1_193' title='bbox 1569 1781 1774 1833; x_wconf 86' lang='lat' dir='ltr'>Romana,</span> 
     </span>
     <span class='ocr_line' id='line_1_24' title="bbox 225 1851 1775 1910; baseline 0 -13"><span class='ocrx_word' id='word_1_194' title='bbox 225 1870 310 1898; x_wconf 92' lang='lat' dir='ltr'>non</span> <span class='ocrx_word' id='word_1_195' title='bbox 338 1854 453 1897; x_wconf 89' lang='lat' dir='ltr'>Latii</span> <span class='ocrx_word' id='word_1_196' title='bbox 481 1854 575 1896; x_wconf 87' lang='lat' dir='ltr'>iure</span> <span class='ocrx_word' id='word_1_197' title='bbox 602 1853 756 1895; x_wconf 88' lang='lat' dir='ltr'>foedus</span> <span class='ocrx_word' id='word_1_198' title='bbox 784 1860 973 1895; x_wconf 90' lang='lat' dir='ltr'>mutasse</span> <span class='ocrx_word' id='word_1_199' title='bbox 999 1852 1201 1894; x_wconf 86' lang='lat' dir='ltr'>diximus.</span> <span class='ocrx_word' id='word_1_200' title='bbox 1258 1851 1410 1905; x_wconf 81' lang='lat' dir='ltr'>Quid?</span> <span class='ocrx_word' id='word_1_201' title='bbox 1453 1853 1505 1895; x_wconf 92' lang='lat' dir='ltr'>In</span> <span class='ocrx_word' id='word_1_202' title='bbox 1530 1853 1626 1910; x_wconf 88' lang='lat' dir='ltr'>ipsa</span> <span class='ocrx_word' id='word_1_203' title='bbox 1651 1854 1775 1897; x_wconf 79' lang='lat' dir='ltr'>Italia</span> 
     </span>
     <span class='ocr_line' id='line_1_25' title="bbox 225 1923 1775 1975; baseline -0.001 -5"><span class='ocrx_word' id='word_1_204' title='bbox 225 1943 366 1970; x_wconf 90' lang='lat' dir='ltr'>nonne</span> <span class='ocrx_word' id='word_1_205' title='bbox 394 1927 495 1969; x_wconf 89' lang='lat' dir='ltr'>olim</span> <span class='ocrx_word' id='word_1_206' title='bbox 524 1927 698 1968; x_wconf 86' lang='lat' dir='ltr'>foedera</span> <span class='ocrx_word' id='word_1_207' title='bbox 727 1926 896 1968; x_wconf 86' lang='lat' dir='ltr'>fuerant</span> <span class='ocrx_word' id='word_1_208' title='bbox 923 1923 1205 1975; x_wconf 87' lang='lat' dir='ltr'>Sabinorum,</span> <span class='ocrx_word' id='word_1_209' title='bbox 1244 1923 1527 1975; x_wconf 88' lang='lat' dir='ltr'>Volscorum,</span> <span class='ocrx_word' id='word_1_210' title='bbox 1562 1925 1775 1969; x_wconf 90' lang='lat' dir='ltr'>Hernico-</span> 
     </span>
     <span class='ocr_line' id='line_1_26' title="bbox 226 1995 1774 2057; baseline -0.001 -15"><span class='ocrx_word' id='word_1_211' title='bbox 226 2017 321 2043; x_wconf 88' lang='lat' dir='ltr'>rum</span> <span class='ocrx_word' id='word_1_212' title='bbox 350 1999 464 2057; x_wconf 90' lang='lat' dir='ltr'>(Cic.</span> <span class='ocrx_word' id='word_1_213' title='bbox 491 2015 533 2056; x_wconf 91' lang='lat' dir='ltr'>p.</span> <span class='ocrx_word' id='word_1_214' title='bbox 557 1998 680 2041; x_wconf 90' lang='lat' dir='ltr'>Balb.</span> <span class='ocrx_word' id='word_1_215' title='bbox 704 1999 786 2053; x_wconf 83' lang='lat'>13),</span> <span class='ocrx_word' id='word_1_216' title='bbox 813 2013 955 2041; x_wconf 90' lang='lat' dir='ltr'>nonne</span> <span class='ocrx_word' id='word_1_217' title='bbox 976 1996 1163 2047; x_wconf 87' lang='lat' dir='ltr'>Tarenti,</span> <span class='ocrx_word' id='word_1_218' title='bbox 1191 1997 1427 2039; x_wconf 81' lang='lat' dir='ltr'>Heracleae</span> <span class='ocrx_word' id='word_1_219' title='bbox 1457 1995 1568 2052; x_wconf 88' lang='lat' dir='ltr'>(Cic.</span> <span class='ocrx_word' id='word_1_220' title='bbox 1591 2013 1633 2054; x_wconf 92' lang='lat' dir='ltr'>p.</span> <span class='ocrx_word' id='word_1_221' title='bbox 1652 1997 1774 2041; x_wconf 87' lang='lat' dir='ltr'>Balb.</span> 
     </span>
     <span class='ocr_line' id='line_1_27' title="bbox 228 2069 1775 2128; baseline -0.003 -12"><span class='ocrx_word' id='word_1_222' title='bbox 228 2073 302 2128; x_wconf 77' lang='lat'>22)</span> <span class='ocrx_word' id='word_1_223' title='bbox 335 2072 648 2126; x_wconf 85' lang='lat' dir='ltr'>multarumque</span> <span class='ocrx_word' id='word_1_224' title='bbox 678 2070 848 2113; x_wconf 85' lang='lat' dir='ltr'>urbium</span> <span class='ocrx_word' id='word_1_225' title='bbox 878 2070 1143 2114; x_wconf 81' lang='lat' dir='ltr'>Graecarum</span> <span class='ocrx_word' id='word_1_226' title='bbox 1174 2069 1352 2111; x_wconf 85' lang='lat' dir='ltr'>Italiae?</span> <span class='ocrx_word' id='word_1_227' title='bbox 1399 2069 1470 2112; x_wconf 87' lang='lat' dir='ltr'>Ex</span> <span class='ocrx_word' id='word_1_228' title='bbox 1492 2070 1651 2126; x_wconf 87' lang='lat' dir='ltr'>quibus</span> <span class='ocrx_word' id='word_1_229' title='bbox 1677 2070 1775 2112; x_wconf 91' lang='lat' dir='ltr'>nul-</span> 
     </span>
     <span class='ocr_line' id='line_1_28' title="bbox 225 2142 1775 2200; baseline -0.002 -12"><span class='ocrx_word' id='word_1_230' title='bbox 225 2146 315 2188; x_wconf 90' lang='lat' dir='ltr'>lum</span> <span class='ocrx_word' id='word_1_231' title='bbox 344 2145 438 2195; x_wconf 89' lang='lat' dir='ltr'>fuit,</span> <span class='ocrx_word' id='word_1_232' title='bbox 470 2144 586 2200; x_wconf 92' lang='lat' dir='ltr'>quod</span> <span class='ocrx_word' id='word_1_233' title='bbox 616 2158 806 2198; x_wconf 92' lang='lat' dir='ltr'>unquam</span> <span class='ocrx_word' id='word_1_234' title='bbox 830 2143 984 2185; x_wconf 83' lang='lat' dir='ltr'>foedus</span> <span class='ocrx_word' id='word_1_235' title='bbox 1007 2158 1133 2185; x_wconf 90' lang='lat' dir='ltr'>suum</span> <span class='ocrx_word' id='word_1_236' title='bbox 1153 2142 1383 2184; x_wconf 87' lang='lat' dir='ltr'>Latinitate</span> <span class='ocrx_word' id='word_1_237' title='bbox 1404 2143 1590 2185; x_wconf 88' lang='lat' dir='ltr'>mutarit.</span> <span class='ocrx_word' id='word_1_238' title='bbox 1629 2142 1775 2199; x_wconf 89' lang='lat' dir='ltr'>Ipsam</span> 
     </span>
     <span class='ocr_line' id='line_1_29' title="bbox 227 2214 1775 2271; baseline -0.001 -11"><span class='ocrx_word' id='word_1_239' title='bbox 227 2218 353 2260; x_wconf 87' lang='lat' dir='ltr'>etiam</span> <span class='ocrx_word' id='word_1_240' title='bbox 393 2217 607 2260; x_wconf 89' lang='lat' dir='ltr'>civitatem</span> <span class='ocrx_word' id='word_1_241' title='bbox 638 2216 874 2259; x_wconf 88' lang='lat' dir='ltr'>Romanam</span> <span class='ocrx_word' id='word_1_242' title='bbox 914 2217 1088 2258; x_wconf 88' lang='lat' dir='ltr'>fuerunt</span> <span class='ocrx_word' id='word_1_243' title='bbox 1127 2215 1199 2270; x_wconf 93' lang='lat' dir='ltr'>qui</span> <span class='ocrx_word' id='word_1_244' title='bbox 1236 2229 1360 2267; x_wconf 85' lang='lat' dir='ltr'>aegre</span> <span class='ocrx_word' id='word_1_245' title='bbox 1398 2229 1448 2256; x_wconf 90' lang='lat' dir='ltr'>ac</span> <span class='ocrx_word' id='word_1_246' title='bbox 1483 2229 1618 2271; x_wconf 88' lang='lat' dir='ltr'>prope</span> <span class='ocrx_word' id='word_1_247' title='bbox 1650 2214 1775 2258; x_wconf 78' lang='lat' dir='ltr'>inviti</span> 
     </span>
     <span class='ocr_line' id='line_1_30' title="bbox 226 2286 1773 2347; baseline -0.002 -14"><span class='ocrx_word' id='word_1_248' title='bbox 226 2291 490 2347; x_wconf 83' lang='lat' dir='ltr'>acciperent:</span> <span class='ocrx_word' id='word_1_249' title='bbox 536 2289 749 2346; x_wconf 91' lang='lat' dir='ltr'>siquidem</span> <span class='ocrx_word' id='word_1_250' title='bbox 788 2289 884 2344; x_wconf 86' lang='lat' dir='ltr'>lege</span> <span class='ocrx_word' id='word_1_251' title='bbox 912 2288 1022 2330; x_wconf 85' lang='lat' dir='ltr'>Iulia</span> <span class='ocrx_word' id='word_1_252' title='bbox 1065 2302 1162 2329; x_wconf 88' lang='lat' dir='ltr'>curn</span> <span class='ocrx_word' id='word_1_253' title='bbox 1194 2286 1344 2329; x_wconf 88' lang='lat' dir='ltr'>civitas</span> <span class='ocrx_word' id='word_1_254' title='bbox 1375 2287 1574 2330; x_wconf 91' lang='lat' dir='ltr'>omnibus</span> <span class='ocrx_word' id='word_1_255' title='bbox 1604 2286 1773 2344; x_wconf 88' lang='lat' dir='ltr'>populis</span> 
     </span>
     <span class='ocr_line' id='line_1_31' title="bbox 226 2359 1775 2417; baseline -0.003 -11"><span class='ocrx_word' id='word_1_256' title='bbox 226 2363 387 2406; x_wconf 83' lang='lat' dir='ltr'>Italicis</span> <span class='ocrx_word' id='word_1_257' title='bbox 417 2363 655 2412; x_wconf 83' lang='lat' dir='ltr'>offerretur,</span> <span class='ocrx_word' id='word_1_258' title='bbox 688 2359 780 2404; x_wconf 81' lang='lat' dir='ltr'>Cio.</span> <span class='ocrx_word' id='word_1_259' title='bbox 809 2377 850 2417; x_wconf 87' lang='lat' dir='ltr'>p.</span> <span class='ocrx_word' id='word_1_260' title='bbox 879 2359 1001 2403; x_wconf 89' lang='lat' dir='ltr'>Balb.</span> <span class='ocrx_word' id='word_1_261' title='bbox 1033 2374 1070 2401; x_wconf 89' lang='lat' dir='ltr'>c.</span> <span class='ocrx_word' id='word_1_262' title='bbox 1094 2359 1119 2402; x_wconf 91' lang='grc'>8</span> <span class='ocrx_word' id='word_1_263' title='bbox 1150 2373 1348 2414; x_wconf 84' lang='lat' dir='ltr'>magnam</span> <span class='ocrx_word' id='word_1_264' title='bbox 1378 2359 1436 2401; x_wconf 87' lang='lat' dir='ltr'>ait</span> <span class='ocrx_word' id='word_1_265' title='bbox 1463 2359 1775 2402; x_wconf 86' lang='lat' dir='ltr'>contentionem</span> 
     </span>
     <span class='ocr_line' id='line_1_32' title="bbox 226 2433 1774 2489; baseline -0.003 -11"><span class='ocrx_word' id='word_1_266' title='bbox 226 2435 582 2479; x_wconf 88' lang='lat' dir='ltr'>Heracleensium</span> <span class='ocrx_word' id='word_1_267' title='bbox 609 2442 651 2476; x_wconf 89' lang='lat' dir='ltr'>et</span> <span class='ocrx_word' id='word_1_268' title='bbox 674 2433 1051 2489; x_wconf 85' lang='lat' dir='ltr'>Neapolitanorum</span> <span class='ocrx_word' id='word_1_269' title='bbox 1071 2446 1165 2473; x_wconf 90' lang='lat' dir='ltr'>esse</span> <span class='ocrx_word' id='word_1_270' title='bbox 1191 2438 1342 2481; x_wconf 89' lang='lat' dir='ltr'>ortam,</span> <span class='ocrx_word' id='word_1_271' title='bbox 1371 2446 1468 2473; x_wconf 87' lang='lat' dir='ltr'>cum</span> <span class='ocrx_word' id='word_1_272' title='bbox 1494 2447 1650 2488; x_wconf 85' lang='lat' dir='ltr'>magna</span> <span class='ocrx_word' id='word_1_273' title='bbox 1674 2446 1774 2488; x_wconf 89' lang='lat' dir='ltr'>pars</span> 
     </span>
     <span class='ocr_line' id='line_1_33' title="bbox 227 2503 1774 2550; baseline -0.004 0"><span class='ocrx_word' id='word_1_274' title='bbox 227 2509 271 2550; x_wconf 91' lang='lat' dir='ltr'>in</span> <span class='ocrx_word' id='word_1_275' title='bbox 312 2508 366 2550; x_wconf 88' lang='lat' dir='ltr'>iis</span> <span class='ocrx_word' id='word_1_276' title='bbox 414 2506 659 2549; x_wconf 85' lang='lat' dir='ltr'>civitatibus</span> <span class='ocrx_word' id='word_1_277' title='bbox 705 2506 890 2548; x_wconf 88' lang='lat' dir='ltr'>foederis</span> <span class='ocrx_word' id='word_1_278' title='bbox 940 2505 1006 2547; x_wconf 89' lang='lat' dir='ltr'>sui</span> <span class='ocrx_word' id='word_1_279' title='bbox 1050 2503 1286 2545; x_wconf 88' lang='lat' dir='ltr'>libertatem</span> <span class='ocrx_word' id='word_1_280' title='bbox 1329 2503 1491 2545; x_wconf 87' lang='lat' dir='ltr'>civitati</span> <span class='ocrx_word' id='word_1_281' title='bbox 1534 2503 1774 2545; x_wconf 83' lang='lat' dir='ltr'>anteferret.</span> 
     </span>
     <span class='ocr_line' id='line_1_34' title="bbox 229 2574 1774 2635; baseline -0.005 -12"><span class='ocrx_word' id='word_1_282' title='bbox 229 2581 376 2635; x_wconf 78' lang='lat' dir='ltr'>Quare</span> <span class='ocrx_word' id='word_1_283' title='bbox 404 2595 502 2622; x_wconf 88' lang='lat' dir='ltr'>cum</span> <span class='ocrx_word' id='word_1_284' title='bbox 531 2594 749 2634; x_wconf 91' lang='lat' dir='ltr'>nunquam</span> <span class='ocrx_word' id='word_1_285' title='bbox 778 2579 936 2620; x_wconf 87' lang='lat' dir='ltr'>factum</span> <span class='ocrx_word' id='word_1_286' title='bbox 970 2591 1063 2619; x_wconf 89' lang='lat' dir='ltr'>esse</span> <span class='ocrx_word' id='word_1_287' title='bbox 1094 2576 1339 2626; x_wconf 82' lang='lat' dir='ltr'>videamus,</span> <span class='ocrx_word' id='word_1_288' title='bbox 1376 2583 1422 2617; x_wconf 92' lang='lat' dir='ltr'>ut</span> <span class='ocrx_word' id='word_1_289' title='bbox 1461 2575 1534 2630; x_wconf 90' lang='lat' dir='ltr'>qui</span> <span class='ocrx_word' id='word_1_290' title='bbox 1570 2574 1774 2617; x_wconf 88' lang='lat' dir='ltr'>foederati</span> 
     </span>
     <span class='ocr_line' id='line_1_35' title="bbox 227 2647 1775 2704; baseline -0.005 -8"><span class='ocrx_word' id='word_1_291' title='bbox 227 2654 434 2703; x_wconf 81' lang='lat' dir='ltr'>fuissent,</span> <span class='ocrx_word' id='word_1_292' title='bbox 474 2651 629 2694; x_wconf 90' lang='lat' dir='ltr'>deinde</span> <span class='ocrx_word' id='word_1_293' title='bbox 658 2650 802 2692; x_wconf 90' lang='lat' dir='ltr'>Latini</span> <span class='ocrx_word' id='word_1_294' title='bbox 839 2649 1012 2699; x_wconf 83' lang='lat' dir='ltr'>fierent,</span> <span class='ocrx_word' id='word_1_295' title='bbox 1050 2663 1103 2690; x_wconf 93' lang='lat' dir='ltr'>ne</span> <span class='ocrx_word' id='word_1_296' title='bbox 1133 2648 1449 2704; x_wconf 87' lang='lat' dir='ltr'>Vespasianum</span> <span class='ocrx_word' id='word_1_297' title='bbox 1490 2647 1664 2702; x_wconf 88' lang='lat' dir='ltr'>quidem</span> <span class='ocrx_word' id='word_1_298' title='bbox 1702 2653 1775 2688; x_wconf 89' lang='lat' dir='ltr'>aut</span> 
     </span>
     <span class='ocr_line' id='line_1_36' title="bbox 230 2717 1774 2781; baseline -0.005 -14"><span class='ocrx_word' id='word_1_299' title='bbox 230 2725 528 2767; x_wconf 88' lang='lat' dir='ltr'>Domitianum</span> <span class='ocrx_word' id='word_1_300' title='bbox 565 2723 814 2781; x_wconf 89' lang='lat' dir='ltr'>putabimus</span> <span class='ocrx_word' id='word_1_301' title='bbox 840 2721 1076 2778; x_wconf 88' lang='lat' dir='ltr'>Hispaniae</span> <span class='ocrx_word' id='word_1_302' title='bbox 1112 2719 1356 2763; x_wconf 87' lang='lat' dir='ltr'>civitatibus</span> <span class='ocrx_word' id='word_1_303' title='bbox 1396 2718 1625 2762; x_wconf 87' lang='lat' dir='ltr'>foederatis</span> <span class='ocrx_word' id='word_1_304' title='bbox 1654 2717 1774 2760; x_wconf 87' lang='lat' dir='ltr'>Lati-</span> 
     </span>
     <span class='ocr_line' id='line_1_37' title="bbox 228 2793 1774 2850; baseline -0.005 -10"><span class='ocrx_word' id='word_1_305' title='bbox 228 2797 403 2840; x_wconf 81' lang='lat' dir='ltr'>nitatem</span> <span class='ocrx_word' id='word_1_306' title='bbox 433 2797 653 2839; x_wconf 88' lang='lat' dir='ltr'>obtulisse.</span> <span class='ocrx_word' id='word_1_307' title='bbox 713 2795 863 2850; x_wconf 91' lang='lat' dir='ltr'>Neque</span> <span class='ocrx_word' id='word_1_308' title='bbox 893 2794 999 2835; x_wconf 88' lang='lat' dir='ltr'>ratio</span> <span class='ocrx_word' id='word_1_309' title='bbox 1028 2793 1212 2835; x_wconf 88' lang='lat' dir='ltr'>inveniri</span> <span class='ocrx_word' id='word_1_310' title='bbox 1241 2807 1326 2835; x_wconf 92' lang='lat' dir='ltr'>non</span> <span class='ocrx_word' id='word_1_311' title='bbox 1356 2798 1516 2849; x_wconf 82' lang='lat' dir='ltr'>potest,</span> <span class='ocrx_word' id='word_1_312' title='bbox 1553 2805 1630 2834; x_wconf 91' lang='lat' dir='ltr'>cur</span> <span class='ocrx_word' id='word_1_313' title='bbox 1663 2805 1774 2832; x_wconf 90' lang='lat' dir='ltr'>nun—</span> 
     </span>
     <span class='ocr_line' id='line_1_38' title="bbox 230 2862 1774 2925; baseline -0.006 -13"><span class='ocrx_word' id='word_1_314' title='bbox 230 2885 357 2925; x_wconf 91' lang='lat' dir='ltr'>quam</span> <span class='ocrx_word' id='word_1_315' title='bbox 389 2869 565 2911; x_wconf 85' lang='lat' dir='ltr'>foedera</span> <span class='ocrx_word' id='word_1_316' title='bbox 593 2868 822 2911; x_wconf 88' lang='lat' dir='ltr'>Latinitate</span> <span class='ocrx_word' id='word_1_317' title='bbox 860 2873 1022 2908; x_wconf 88' lang='lat' dir='ltr'>mutata</span> <span class='ocrx_word' id='word_1_318' title='bbox 1058 2865 1155 2907; x_wconf 86' lang='lat' dir='ltr'>sint.</span> <span class='ocrx_word' id='word_1_319' title='bbox 1217 2865 1330 2907; x_wconf 87' lang='lat' dir='ltr'>Vere</span> <span class='ocrx_word' id='word_1_320' title='bbox 1366 2863 1478 2907; x_wconf 90' lang='lat' dir='ltr'>enim</span> <span class='ocrx_word' id='word_1_321' title='bbox 1518 2862 1553 2905; x_wconf 87' lang='lat' dir='ltr'>si</span> <span class='ocrx_word' id='word_1_322' title='bbox 1584 2862 1774 2904; x_wconf 85' lang='lat' dir='ltr'>iudicare</span> 
     </span>
    </p>
   </div>
  </div>
 </body>
</html>
