1846 3100
585 133 641 165 De
664 131 776 164 Gallia
800 131 1035 163 Romanorum
1061 130 1247 172 provincia.
1629 129 1683 173 79

138 241 330 284 Africam
378 247 420 283 et
455 239 689 296 Hispanias
733 238 902 294 (Αιβύην
946 239 1105 278 ἅπασαν
1145 239 1210 278 καὶ
1236 237 1412 294 Ἰβηρίαν
1452 239 1683 296 ἑκατέραν),

139 311 300 356 Crasso
332 312 418 354 Dio
455 319 497 354 et
533 311 760 367 Appianus
793 309 962 365 Syriam
1002 316 1043 351 et
1081 309 1280 352 finitimos
1317 310 1526 367 populos,
1571 326 1684 353 unus

137 385 398 429 Plutarchus
426 382 520 426 Cat.
553 398 589 426 c.
622 383 673 424 43
706 381 875 435 Syriam
907 389 949 423 et
978 382 1254 437 Aegyptum,
1293 380 1469 425 Caesari
1501 382 1685 437 denique

138 457 291 513 reliqui
322 456 502 506 Gallias,
531 455 688 497 Livius
720 454 1010 498 Germaniam.
1061 452 1179 507 Quid
1208 454 1342 511 igitur
1372 455 1415 496 in
1443 455 1538 510 lege
1568 455 1685 496 erat?

89 562 93 566 -
140 529 371 573 Germania
401 535 443 570 et
473 528 729 583 Aegyptus,
769 541 876 581 quae
909 524 1085 568 Caesari
1123 533 1164 567 et
1191 524 1351 568 Crasso
1382 527 1562 569 traditae
1592 542 1686 569 esse

141 603 355 652 dicuntur,
383 600 485 656 quia
514 600 557 641 in
575 606 782 655 potestate
798 599 946 655 populi
965 599 1146 640 Romani
1175 613 1259 640 non
1286 606 1417 648 erant,
1445 599 1687 655 significant

141 690 286 717 earum
316 673 487 716 nomina
515 671 569 714 ob
596 687 691 713 eam
721 686 894 714 causam
921 671 1056 713 fuisse
1086 671 1128 712 in
1153 670 1338 725 legibus,
1373 670 1488 725 quod
1515 686 1588 713 eae
1619 671 1686 712 III

140 747 246 789 viris
284 744 584 802 permittebant
622 758 771 800 pacem
807 744 945 785 facere
987 750 1028 784 et
1064 742 1222 784 bellum
1263 757 1411 798 gerere
1444 743 1550 798 (Dio
1581 744 1608 784 l.
1638 743 1687 797 l.)

142 834 240 861 cum
271 825 419 861 contra
444 818 550 860 alios
577 831 860 872 quoscunque
887 814 1109 865 volebant,
1148 822 1238 856 tum
1273 822 1421 857 contra
1448 812 1687 855 Germanos

142 899 184 934 et
210 890 474 947 Aegyptios,
509 904 593 945 qua
618 889 780 931 ratione
811 889 863 930 iis
895 903 1062 930 summa
1094 887 1284 929 omnium
1312 902 1455 929 rerum
1484 893 1688 942 potestas,

109 961 122 973 '
142 978 250 1019 quae
281 963 468 1018 alioquin
503 979 528 1005 a
559 970 709 1005 senatu
749 961 995 1017 populoque
1025 961 1219 1002 Romano
1254 958 1470 1015 proficisci
1507 958 1687 1008 solebat,

142 1035 300 1078 tradita
338 1043 416 1078 est.
484 1033 573 1077 Sed
604 1034 775 1084 Africa,
821 1040 1031 1088 quatenus
1067 1032 1241 1087 quidem
1283 1030 1506 1087 provincia
1542 1030 1689 1086 populi

142 1108 324 1151 Romani
353 1107 672 1156 continebatur,
717 1113 830 1148 certe
857 1105 1064 1161 Pompeio
1103 1119 1187 1145 non
1225 1110 1290 1145 est
1328 1102 1547 1152 mandata,
1591 1117 1688 1144 cum

145 1181 261 1237 quod
291 1181 379 1223 duo
409 1187 575 1222 tantum
605 1179 697 1221 eius
723 1178 868 1234 legati,
900 1178 953 1219 L.
972 1176 1180 1219 Afranius
1211 1183 1252 1216 et
1278 1175 1340 1217 M.
1366 1175 1578 1225 Petreius,
1611 1190 1689 1216 no-

145 1255 384 1304 minantur,
424 1259 465 1295 et
495 1251 611 1308 quod
646 1259 742 1294 octo
779 1251 876 1292 illae
907 1250 1154 1306 provinciae
1185 1246 1422 1304 praetoriae
1450 1248 1565 1302 apud
1598 1246 1689 1289 Cic.

146 1326 270 1383 epist.
297 1325 423 1376 VIII,
455 1326 497 1376 8,
538 1325 592 1367 de
621 1323 780 1380 quibus
810 1323 853 1364 in
884 1320 1126 1364 Comment.
1164 1320 1300 1377 epigr.
1333 1318 1430 1361 Vol.
1462 1319 1505 1359 ΙΙ
1540 1334 1581 1375 p.
1609 1318 1689 1361 209

145 1399 347 1448 diximus,
381 1398 472 1439 sine
490 1397 640 1439 Africa
659 1396 777 1437 nullo
800 1395 927 1437 modo
945 1394 1057 1437 effici
1081 1400 1264 1450 possunt
1290 1392 1387 1449 (has
1411 1391 1521 1433 enim
1540 1376 1690 1434 causas

146 1485 224 1514 cur
255 1470 308 1512 de
337 1469 488 1512 Africa
517 1483 602 1511 non
637 1467 844 1517 crederet,
875 1467 1016 1509 attulit
1037 1465 1218 1519 Pighius
1239 1464 1393 1506 Annal.
1418 1463 1486 1506 111
1515 1480 1556 1520 p.
1576 1464 1690 1519 398),

145 1550 239 1585 tum
267 1541 381 1598 quod
413 1556 524 1584 anno
556 1540 624 1591 51,
665 1555 763 1582 cum
794 1540 940 1582 eadem
967 1553 1144 1594 prorsus
1175 1535 1256 1580 Cn.
1282 1536 1477 1593 Pompeii
1502 1543 1691 1592 potestas

147 1622 252 1665 erat,
279 1614 330 1656 P.
346 1614 497 1656 Atium
510 1613 675 1656 Varum
706 1626 785 1654 suo
803 1611 895 1652 iure
914 1611 1108 1653 Africam
1138 1609 1302 1652 rexisse
1327 1616 1505 1651 constat.
1545 1608 1692 1662 Quare

149 1688 265 1745 quod
295 1688 340 1729 in
370 1687 466 1742 lege
498 1685 552 1727 de
572 1685 721 1727 Africa
751 1690 853 1734 erat,
884 1683 939 1726 ad
961 1682 1240 1726 barbarorum
1269 1696 1416 1737 regna,
1445 1680 1692 1724 Numidiam

148 1767 189 1804 et
212 1758 525 1802 Mauretaniam
544 1765 585 1799 et
609 1756 644 1799 si
670 1771 755 1811 qua
783 1756 866 1797 alia
893 1756 1055 1797 minora
1086 1760 1217 1803 erant,
1245 1751 1477 1809 spectabat,
1511 1753 1692 1808 quibus-

150 1848 248 1876 cum
289 1830 371 1874 Cn.
398 1829 606 1886 Pompeio
641 1827 966 1885 permittebatur
1002 1826 1159 1868 bellum
1206 1840 1379 1881 gerere,
1425 1832 1472 1867 ut
1514 1825 1693 1867 eandem

148 1921 276 1961 quam
307 1902 469 1946 Caesar
503 1901 778 1944 victoriarum
817 1915 867 1943 ac
907 1900 1163 1956 praedarum
1202 1897 1469 1940 occasionem
1505 1897 1692 1940 haberet.

149 1977 344 2020 Tertium
376 1974 560 2030 denique
590 1981 668 2023 est,
696 1973 813 2028 quod
836 1973 992 2015 Livius
1022 1972 1080 2014 ita
1105 1978 1262 2021 narrat,
1294 1970 1416 2026 quasi
1445 1969 1694 2012 nominatim

148 2050 244 2106 lege
275 2047 491 2090 Trebonia
521 2044 680 2088 Crasso
714 2044 862 2101 Syria,
899 2044 1106 2100 Pompeio
1134 2043 1344 2100 Hispania
1381 2043 1599 2098 assignata
1627 2042 1694 2092 sit,

149 2121 195 2163 id
226 2120 343 2176 quod
373 2134 522 2177 parum
550 2117 772 2174 probabile
803 2132 897 2160 esse
935 2117 1019 2174 iam
1049 2116 1310 2159 Garatonius
1348 2117 1391 2157 in
1420 2114 1538 2157 exitu
1565 2128 1694 2155 anno-

153 2192 321 2235 tationis
351 2191 406 2234 ad
436 2189 528 2233 Cic.
571 2190 625 2233 de
660 2205 780 2246 prov.
805 2193 930 2231 'cons.
967 2189 1289 2239 animadvertit,
1331 2187 1408 2230 sed
1444 2191 1696 2242 argumento

151 2273 292 2308 tamen
322 2264 464 2305 minus
495 2277 598 2305 vero
623 2269 762 2304 utens.
805 2261 976 2303 Etenim
997 2259 1151 2303 Cicero
1184 2261 1239 2303 ad
1258 2260 1348 2302 Att.
1365 2259 1443 2308 IV,
1466 2259 1491 2300 9
1522 2258 1695 2299 ineunte

152 2351 299 2380 mense
319 2335 437 2378 Maio
463 2335 563 2378 anni
589 2335 641 2376 55
656 2334 762 2376 haec
792 2332 960 2375 scribit:
993 2336 1073 2374 Nos
1100 2336 1166 2374 laic
1192 2347 1283 2373 cum
1306 2333 1490 2384 Pompeio
1507 2332 1697 2383 fuimus.

153 2411 296 2451 Multa
323 2423 477 2449 mecum
517 2409 564 2448 de
601 2406 832 2460 republica,
870 2420 968 2446 sane
997 2406 1075 2446 sibi
1102 2407 1341 2458 displicens,
1381 2409 1430 2443 ut
1458 2401 1697 2454 loquebatur

151 2484 230 2533 (sic
256 2487 314 2521 est
338 2483 447 2521 enim
475 2482 520 2520 in
549 2481 622 2520 boe
650 2480 811 2519 homine
837 2478 1090 2531 dicendum),
1120 2478 1287 2528 Syriam
1314 2488 1517 2527 spernens,
1549 2474 1698 2524 Hispa-

144 2556 268 2593 niam
301 2555 473 2593 iactam.
529 2550 657 2604 'Quae
690 2548 951 2592 Garatonius
994 2549 1049 2590 ad
1085 2548 1225 2602 legem
1257 2545 1516 2587 Treboniam
1552 2543 1696 2591 refert,

153 2638 239 2680 qua
267 2638 366 2665 cum
393 2621 580 2664 Crassus
611 2628 653 2664 et
682 2621 913 2677 Pompeius
931 2620 1099 2676 Syriam
1130 2626 1171 2661 et
1199 2617 1454 2674 Hispaniam
1480 2622 1554 2657 aut
1582 2629 1697 2656 com-

154 2710 301 2752 parare
330 2694 441 2736 inter
472 2708 516 2735 se
544 2700 618 2735 aut
647 2693 788 2735 sortiri
818 2692 925 2734 iussi
955 2698 1110 2740 essent,
1139 2691 1209 2732 hic
1225 2688 1477 2745 Hispaniam
1508 2686 1697 2729 obtinere

154 2767 390 2810 maluisset.
453 2764 669 2820 Equidem
705 2765 833 2820 longe
875 2764 997 2806 aliter
1041 2761 1311 2805 sentiendum
1349 2773 1444 2802 esse
1487 2758 1696 2800 existimo.

155 2838 264 2881 Nam
291 2839 336 2880 in
365 2838 460 2894 ipsa
483 2837 556 2879 illa
585 2837 775 2879 citeriore
804 2836 1028 2892 Hispania,
1059 2849 1167 2890 quae
1197 2831 1353 2875 deinde
1380 2830 1582 2887 Pompeio
1613 2838 1698 2872 tra-
