<?xml version="1.0" encoding="UTF-8"?>
<!DOCTYPE html PUBLIC "-//W3C//DTD XHTML 1.0 Transitional//EN"
    "http://www.w3.org/TR/xhtml1/DTD/xhtml1-transitional.dtd">
<html xmlns="http://www.w3.org/1999/xhtml" xml:lang="en" lang="en">
 <head>
  <title>
</title>
<meta http-equiv="Content-Type" content="text/html;charset=utf-8" />
  <meta name='ocr-system' content='tesseract 3.04.00' />
  <meta name='ocr-capabilities' content='ocr_page ocr_carea ocr_par ocr_line ocrx_word'/>
</head>
<body>
  <div class='ocr_page' id='page_1' title='image "./studiaromanasive00zump_0140.png"; bbox 0 0 1846 3100; ppageno 0'>
   <div class='ocr_carea' id='block_1_1' title="bbox 222 139 1320 189">
    <p class='ocr_par' dir='ltr' id='par_1_1' title="bbox 222 139 1320 189">
     <span class='ocr_line' id='line_1_1' title="bbox 222 139 1320 189; baseline 0.002 -12"><span class='ocrx_word' id='word_1_1' title='bbox 222 139 301 183; x_wconf 77' lang='lat'><strong>128</strong></span> <span class='ocrx_word' id='word_1_2' title='bbox 658 145 711 177; x_wconf 87' lang='lat' dir='ltr'><strong>De</strong></span> <span class='ocrx_word' id='word_1_3' title='bbox 737 143 851 178; x_wconf 80' lang='lat' dir='ltr'><strong>Gallia</strong></span> <span class='ocrx_word' id='word_1_4' title='bbox 876 144 1110 178; x_wconf 81' lang='lat' dir='ltr'><strong>Romanorum</strong></span> <span class='ocrx_word' id='word_1_5' title='bbox 1135 146 1320 189; x_wconf 79' lang='lat' dir='ltr'><strong>provincia.</strong></span> 
     </span>
    </p>
   </div>
   <div class='ocr_carea' id='block_1_2' title="bbox 197 251 1764 2912">
    <p class='ocr_par' dir='ltr' id='par_1_2' title="bbox 197 251 1764 2912">
     <span class='ocr_line' id='line_1_2' title="bbox 219 251 1763 309; baseline 0.005 -17"><span class='ocrx_word' id='word_1_6' title='bbox 219 251 344 294; x_wconf 90' lang='lat' dir='ltr'><strong>donis</strong></span> <span class='ocrx_word' id='word_1_7' title='bbox 374 267 472 294; x_wconf 90' lang='lat' dir='ltr'><strong>eum</strong></span> <span class='ocrx_word' id='word_1_8' title='bbox 500 268 600 295; x_wconf 88' lang='lat' dir='ltr'><strong>sane</strong></span> <span class='ocrx_word' id='word_1_9' title='bbox 629 268 759 295; x_wconf 87' lang='lat' dir='ltr'><strong>usum</strong></span> <span class='ocrx_word' id='word_1_10' title='bbox 787 267 882 294; x_wconf 89' lang='lat' dir='ltr'><strong>esse</strong></span> <span class='ocrx_word' id='word_1_11' title='bbox 911 252 1098 294; x_wconf 82' lang='lat' dir='ltr'><strong>ostendit</strong></span> <span class='ocrx_word' id='word_1_12' title='bbox 1126 253 1220 309; x_wconf 87' lang='lat' dir='ltr'><strong>ipse</strong></span> <span class='ocrx_word' id='word_1_13' title='bbox 1250 253 1426 298; x_wconf 75' lang='lat' dir='ltr'><strong>Tacitus</strong></span> <span class='ocrx_word' id='word_1_14' title='bbox 1457 256 1614 299; x_wconf 88' lang='lat' dir='ltr'><strong>Annal.</strong></span> <span class='ocrx_word' id='word_1_15' title='bbox 1637 256 1696 308; x_wconf 93' lang='lat' dir='ltr'><strong>II,</strong></span> <span class='ocrx_word' id='word_1_16' title='bbox 1725 257 1763 299; x_wconf 82' lang='lat'><strong>5.</strong></span> 
     </span>
     <span class='ocr_line' id='line_1_3' title="bbox 219 323 1764 384; baseline 0.005 -19"><span class='ocrx_word' id='word_1_17' title='bbox 219 323 512 366; x_wconf 81' lang='lat' dir='ltr'><strong>Veruntamen</strong></span> <span class='ocrx_word' id='word_1_18' title='bbox 556 326 775 380; x_wconf 87' lang='lat' dir='ltr'><strong>quaeritur</strong></span> <span class='ocrx_word' id='word_1_19' title='bbox 815 325 940 367; x_wconf 84' lang='lat' dir='ltr'><strong>etiam</strong></span> <span class='ocrx_word' id='word_1_20' title='bbox 979 325 1104 380; x_wconf 81' lang='lat' dir='ltr'><strong>quale</strong></span> <span class='ocrx_word' id='word_1_21' title='bbox 1131 324 1368 368; x_wconf 88' lang='lat' dir='ltr'><strong>Galliarum</strong></span> <span class='ocrx_word' id='word_1_22' title='bbox 1397 327 1624 384; x_wconf 88' lang='lat' dir='ltr'><strong>imperium</strong></span> <span class='ocrx_word' id='word_1_23' title='bbox 1652 328 1764 372; x_wconf 87' lang='lat' dir='ltr'><strong>Ger-</strong></span> 
     </span>
     <span class='ocr_line' id='line_1_4' title="bbox 218 397 1764 456; baseline 0.004 -18"><span class='ocrx_word' id='word_1_24' title='bbox 218 397 411 442; x_wconf 83' lang='lat' dir='ltr'><strong>manicus</strong></span> <span class='ocrx_word' id='word_1_25' title='bbox 439 397 660 448; x_wconf 91' lang='lat' dir='ltr'><strong>habuerit;</strong></span> <span class='ocrx_word' id='word_1_26' title='bbox 695 398 907 453; x_wconf 79' lang='lat' dir='ltr'><strong>siquidem</strong></span> <span class='ocrx_word' id='word_1_27' title='bbox 938 405 977 439; x_wconf 88' lang='lat' dir='ltr'><strong>ct</strong></span> <span class='ocrx_word' id='word_1_28' title='bbox 1008 397 1114 440; x_wconf 92' lang='lat' dir='ltr'><strong>alios</strong></span> <span class='ocrx_word' id='word_1_29' title='bbox 1141 398 1333 455; x_wconf 83' lang='lat' dir='ltr'><strong>Augusti</strong></span> <span class='ocrx_word' id='word_1_30' title='bbox 1365 400 1625 456; x_wconf 87' lang='lat' dir='ltr'><strong>propinquos</strong></span> <span class='ocrx_word' id='word_1_31' title='bbox 1653 402 1764 444; x_wconf 88' lang='lat' dir='ltr'><strong>vidi-</strong></span> 
     </span>
     <span class='ocr_line' id='line_1_5' title="bbox 217 469 1764 530; baseline 0.003 -18"><span class='ocrx_word' id='word_1_32' title='bbox 217 485 312 512; x_wconf 90' lang='lat' dir='ltr'><strong>mus</strong></span> <span class='ocrx_word' id='word_1_33' title='bbox 352 477 393 512; x_wconf 91' lang='lat' dir='ltr'><strong>et</strong></span> <span class='ocrx_word' id='word_1_34' title='bbox 424 469 732 512; x_wconf 85' lang='lat' dir='ltr'><strong>Germanicum</strong></span> <span class='ocrx_word' id='word_1_35' title='bbox 768 470 911 526; x_wconf 90' lang='lat' dir='ltr'><strong>ipsum</strong></span> <span class='ocrx_word' id='word_1_36' title='bbox 940 478 1090 526; x_wconf 90' lang='lat' dir='ltr'><strong>postea</strong></span> <span class='ocrx_word' id='word_1_37' title='bbox 1120 470 1280 514; x_wconf 88' lang='lat' dir='ltr'><strong>scimus</strong></span> <span class='ocrx_word' id='word_1_38' title='bbox 1311 471 1370 513; x_wconf 88' lang='lat' dir='ltr'><strong>ita</strong></span> <span class='ocrx_word' id='word_1_39' title='bbox 1400 473 1637 528; x_wconf 83' lang='lat' dir='ltr'><strong>praefuisse</strong></span> <span class='ocrx_word' id='word_1_40' title='bbox 1665 489 1764 530; x_wconf 92' lang='lat' dir='ltr'><strong>pro-</strong></span> 
     </span>
     <span class='ocr_line' id='line_1_6' title="bbox 217 542 1760 599; baseline 0.003 -16"><span class='ocrx_word' id='word_1_41' title='bbox 217 542 391 592; x_wconf 90' lang='lat' dir='ltr'><strong>vinciis,</strong></span> <span class='ocrx_word' id='word_1_42' title='bbox 433 549 482 584; x_wconf 90' lang='lat' dir='ltr'><strong>ut</strong></span> <span class='ocrx_word' id='word_1_43' title='bbox 515 550 684 599; x_wconf 89' lang='lat' dir='ltr'><strong>praeter</strong></span> <span class='ocrx_word' id='word_1_44' title='bbox 721 558 792 585; x_wconf 88' lang='lat' dir='ltr'><strong>eos</strong></span> <span class='ocrx_word' id='word_1_45' title='bbox 831 550 974 585; x_wconf 80' lang='lat' dir='ltr'><strong>essent</strong></span> <span class='ocrx_word' id='word_1_46' title='bbox 1007 543 1138 599; x_wconf 91' lang='lat' dir='ltr'><strong>legati</strong></span> <span class='ocrx_word' id='word_1_47' title='bbox 1166 544 1360 599; x_wconf 87' lang='lat' dir='ltr'><strong>Augusti</strong></span> <span class='ocrx_word' id='word_1_48' title='bbox 1400 544 1581 588; x_wconf 86' lang='lat' dir='ltr'><strong>subiecti</strong></span> <span class='ocrx_word' id='word_1_49' title='bbox 1621 553 1760 589; x_wconf 83' lang='lat' dir='ltr'><strong>tamen</strong></span> 
     </span>
     <span class='ocr_line' id='line_1_7' title="bbox 215 615 1762 671; baseline 0.002 -14"><span class='ocrx_word' id='word_1_50' title='bbox 215 615 386 657; x_wconf 91' lang='lat' dir='ltr'><strong>illorum</strong></span> <span class='ocrx_word' id='word_1_51' title='bbox 417 629 608 657; x_wconf 90' lang='lat' dir='ltr'><strong>summae</strong></span> <span class='ocrx_word' id='word_1_52' title='bbox 637 615 762 670; x_wconf 87' lang='lat' dir='ltr'><strong>quasi</strong></span> <span class='ocrx_word' id='word_1_53' title='bbox 791 615 1013 671; x_wconf 86' lang='lat' dir='ltr'><strong>potestati3</strong></span> <span class='ocrx_word' id='word_1_54' title='bbox 1049 622 1192 658; x_wconf 85' lang='lat' dir='ltr'><strong>contra</strong></span> <span class='ocrx_word' id='word_1_55' title='bbox 1216 616 1439 659; x_wconf 85' lang='lat' dir='ltr'><strong>Tiberium</strong></span> <span class='ocrx_word' id='word_1_56' title='bbox 1463 617 1522 660; x_wconf 90' lang='lat' dir='ltr'><strong>ita</strong></span> <span class='ocrx_word' id='word_1_57' title='bbox 1550 617 1762 660; x_wconf 84' lang='lat' dir='ltr'><strong>intellexi-</strong></span> 
     </span>
     <span class='ocr_line' id='line_1_8' title="bbox 216 686 1761 746; baseline 0.003 -18"><span class='ocrx_word' id='word_1_58' title='bbox 216 702 310 729; x_wconf 90' lang='lat' dir='ltr'><strong>mus</strong></span> <span class='ocrx_word' id='word_1_59' title='bbox 351 686 504 730; x_wconf 83' lang='lat' dir='ltr'><strong>Galliis</strong></span> <span class='ocrx_word' id='word_1_60' title='bbox 544 687 803 743; x_wconf 85' lang='lat' dir='ltr'><strong>imperasse,</strong></span> <span class='ocrx_word' id='word_1_61' title='bbox 858 694 907 729; x_wconf 89' lang='lat' dir='ltr'><strong>ut</strong></span> <span class='ocrx_word' id='word_1_62' title='bbox 943 687 1035 743; x_wconf 90' lang='lat' dir='ltr'><strong>ipse</strong></span> <span class='ocrx_word' id='word_1_63' title='bbox 1073 703 1181 743; x_wconf 93' lang='lat' dir='ltr'><strong>quos</strong></span> <span class='ocrx_word' id='word_1_64' title='bbox 1221 689 1350 732; x_wconf 91' lang='lat' dir='ltr'><strong>vellet</strong></span> <span class='ocrx_word' id='word_1_65' title='bbox 1389 689 1519 732; x_wconf 88' lang='lat' dir='ltr'><strong>rebus</strong></span> <span class='ocrx_word' id='word_1_66' title='bbox 1561 691 1761 746; x_wconf 87' lang='lat' dir='ltr'><strong>gerendis</strong></span> 
     </span>
     <span class='ocr_line' id='line_1_9' title="bbox 214 759 1763 819; baseline 0.003 -19"><span class='ocrx_word' id='word_1_67' title='bbox 214 759 462 814; x_wconf 86' lang='lat' dir='ltr'><strong>praeficeret</strong></span> <span class='ocrx_word' id='word_1_68' title='bbox 507 760 683 816; x_wconf 88' lang='lat' dir='ltr'><strong>suisque</strong></span> <span class='ocrx_word' id='word_1_69' title='bbox 719 766 885 801; x_wconf 87' lang='lat' dir='ltr'><strong>tantum</strong></span> <span class='ocrx_word' id='word_1_70' title='bbox 924 759 1077 816; x_wconf 86' lang='lat' dir='ltr'><strong>legatis</strong></span> <span class='ocrx_word' id='word_1_71' title='bbox 1115 767 1321 803; x_wconf 84' lang='lat' dir='ltr'><strong>uteretur.</strong></span> <span class='ocrx_word' id='word_1_72' title='bbox 1391 761 1458 803; x_wconf 86' lang='lat' dir='ltr'><strong>Ex</strong></span> <span class='ocrx_word' id='word_1_73' title='bbox 1496 768 1592 804; x_wconf 89' lang='lat' dir='ltr'><strong>utro</strong></span> <span class='ocrx_word' id='word_1_74' title='bbox 1629 762 1763 819; x_wconf 89' lang='lat' dir='ltr'><strong>igitur</strong></span> 
     </span>
     <span class='ocr_line' id='line_1_10' title="bbox 216 830 1761 890; baseline 0.004 -18"><span class='ocrx_word' id='word_1_75' title='bbox 216 845 373 887; x_wconf 87' lang='lat' dir='ltr'><strong>genere</strong></span> <span class='ocrx_word' id='word_1_76' title='bbox 416 840 518 875; x_wconf 88' lang='lat' dir='ltr'><strong>tunc</strong></span> <span class='ocrx_word' id='word_1_77' title='bbox 565 840 654 875; x_wconf 86' lang='lat' dir='ltr'><strong>erat</strong></span> <span class='ocrx_word' id='word_1_78' title='bbox 692 830 938 875; x_wconf 86' lang='lat' dir='ltr'><strong>Germanici</strong></span> <span class='ocrx_word' id='word_1_79' title='bbox 978 832 1234 888; x_wconf 87' lang='lat' dir='ltr'><strong>imperium?</strong></span> <span class='ocrx_word' id='word_1_80' title='bbox 1292 833 1408 876; x_wconf 90' lang='lat' dir='ltr'><strong>Num</strong></span> <span class='ocrx_word' id='word_1_81' title='bbox 1451 841 1620 890; x_wconf 88' lang='lat' dir='ltr'><strong>praeter</strong></span> <span class='ocrx_word' id='word_1_82' title='bbox 1663 851 1761 878; x_wconf 88' lang='lat' dir='ltr'><strong>eum</strong></span> 
     </span>
     <span class='ocr_line' id='line_1_11' title="bbox 215 903 1760 964; baseline 0.003 -19"><span class='ocrx_word' id='word_1_83' title='bbox 215 905 408 960; x_wconf 85' lang='lat' dir='ltr'><strong>Augusti</strong></span> <span class='ocrx_word' id='word_1_84' title='bbox 446 913 487 947; x_wconf 93' lang='lat' dir='ltr'><strong>et</strong></span> <span class='ocrx_word' id='word_1_85' title='bbox 514 905 676 948; x_wconf 89' lang='lat' dir='ltr'><strong>Tiberii</strong></span> <span class='ocrx_word' id='word_1_86' title='bbox 718 905 849 960; x_wconf 89' lang='lat' dir='ltr'><strong>legati</strong></span> <span class='ocrx_word' id='word_1_87' title='bbox 891 904 1073 960; x_wconf 86' lang='lat' dir='ltr'><strong>singulis</strong></span> <span class='ocrx_word' id='word_1_88' title='bbox 1105 903 1344 947; x_wconf 87' lang='lat' dir='ltr'><strong>Galliarum</strong></span> <span class='ocrx_word' id='word_1_89' title='bbox 1377 907 1606 960; x_wconf 86' lang='lat' dir='ltr'><strong>provinciis</strong></span> <span class='ocrx_word' id='word_1_90' title='bbox 1637 923 1760 964; x_wconf 85' lang='lat' dir='ltr'><strong>prae-</strong></span> 
     </span>
     <span class='ocr_line' id='line_1_12' title="bbox 213 977 1760 1034; baseline 0.003 -16"><span class='ocrx_word' id='word_1_91' title='bbox 213 977 360 1018; x_wconf 85' lang='lat' dir='ltr'><strong>erant?</strong></span> <span class='ocrx_word' id='word_1_92' title='bbox 413 978 503 1020; x_wconf 89' lang='lat' dir='ltr'><strong>Iam</strong></span> <span class='ocrx_word' id='word_1_93' title='bbox 537 993 614 1034; x_wconf 90' lang='lat' dir='ltr'><strong>per</strong></span> <span class='ocrx_word' id='word_1_94' title='bbox 651 993 696 1019; x_wconf 92' lang='lat' dir='ltr'><strong>se</strong></span> <span class='ocrx_word' id='word_1_95' title='bbox 734 977 878 1033; x_wconf 90' lang='lat' dir='ltr'><strong>ipsum</strong></span> <span class='ocrx_word' id='word_1_96' title='bbox 915 977 1089 1032; x_wconf 84' lang='lat' dir='ltr'><strong>quidem</strong></span> <span class='ocrx_word' id='word_1_97' title='bbox 1127 992 1279 1034; x_wconf 86' lang='lat' dir='ltr'><strong>parum</strong></span> <span class='ocrx_word' id='word_1_98' title='bbox 1319 978 1399 1020; x_wconf 89' lang='lat' dir='ltr'><strong>hoc</strong></span> <span class='ocrx_word' id='word_1_99' title='bbox 1437 979 1633 1026; x_wconf 85' lang='lat' dir='ltr'><strong>videatur</strong></span> <span class='ocrx_word' id='word_1_100' title='bbox 1665 996 1760 1023; x_wconf 89' lang='lat' dir='ltr'><strong>esse</strong></span> 
     </span>
     <span class='ocr_line' id='line_1_13' title="bbox 212 1048 1759 1109; baseline 0.003 -18"><span class='ocrx_word' id='word_1_101' title='bbox 212 1048 454 1104; x_wconf 82' lang='lat' dir='ltr'><strong>probabile3</strong></span> <span class='ocrx_word' id='word_1_102' title='bbox 499 1066 598 1092; x_wconf 86' lang='lat' dir='ltr'><strong>nam</strong></span> <span class='ocrx_word' id='word_1_103' title='bbox 633 1050 864 1106; x_wconf 88' lang='lat' dir='ltr'><strong>Augustus</strong></span> <span class='ocrx_word' id='word_1_104' title='bbox 905 1057 1039 1100; x_wconf 89' lang='lat' dir='ltr'><strong>certe,</strong></span> <span class='ocrx_word' id='word_1_105' title='bbox 1082 1050 1156 1104; x_wconf 90' lang='lat' dir='ltr'><strong>qui</strong></span> <span class='ocrx_word' id='word_1_106' title='bbox 1195 1065 1292 1092; x_wconf 92' lang='lat' dir='ltr'><strong>eum</strong></span> <span class='ocrx_word' id='word_1_107' title='bbox 1331 1050 1506 1093; x_wconf 90' lang='lat' dir='ltr'><strong>Tiberio</strong></span> <span class='ocrx_word' id='word_1_108' title='bbox 1545 1067 1759 1109; x_wconf 86' lang='lat' dir='ltr'><strong>opponere</strong></span> 
     </span>
     <span class='ocr_line' id='line_1_14' title="bbox 211 1121 1758 1178; baseline 0.004 -16"><span class='ocrx_word' id='word_1_109' title='bbox 211 1121 402 1171; x_wconf 90' lang='lat' dir='ltr'><strong>volebat,</strong></span> <span class='ocrx_word' id='word_1_110' title='bbox 445 1123 678 1178; x_wconf 87' lang='lat' dir='ltr'><strong>potentiam</strong></span> <span class='ocrx_word' id='word_1_111' title='bbox 716 1122 808 1164; x_wconf 90' lang='lat' dir='ltr'><strong>eius</strong></span> <span class='ocrx_word' id='word_1_112' title='bbox 845 1136 1022 1177; x_wconf 90' lang='lat' dir='ltr'><strong>prorsus</strong></span> <span class='ocrx_word' id='word_1_113' title='bbox 1059 1122 1330 1178; x_wconf 85' lang='lat' dir='ltr'><strong>infregisset,</strong></span> <span class='ocrx_word' id='word_1_114' title='bbox 1376 1123 1412 1166; x_wconf 89' lang='lat' dir='ltr'><strong>si</strong></span> <span class='ocrx_word' id='word_1_115' title='bbox 1453 1124 1558 1166; x_wconf 88' lang='lat' dir='ltr'><strong>alios</strong></span> <span class='ocrx_word' id='word_1_116' title='bbox 1588 1125 1626 1167; x_wconf 93' lang='lat' dir='ltr'><strong>ei</strong></span> <span class='ocrx_word' id='word_1_117' title='bbox 1659 1140 1758 1168; x_wconf 89' lang='lat' dir='ltr'><strong>suos</strong></span> 
     </span>
     <span class='ocr_line' id='line_1_15' title="bbox 210 1193 1757 1252; baseline 0.003 -17"><span class='ocrx_word' id='word_1_118' title='bbox 210 1193 373 1249; x_wconf 91' lang='lat' dir='ltr'><strong>legatos</strong></span> <span class='ocrx_word' id='word_1_119' title='bbox 401 1193 654 1245; x_wconf 84' lang='lat' dir='ltr'><strong>addidisset,</strong></span> <span class='ocrx_word' id='word_1_120' title='bbox 679 1209 759 1236; x_wconf 89' lang='lat' dir='ltr'><strong>nec</strong></span> <span class='ocrx_word' id='word_1_121' title='bbox 783 1194 867 1250; x_wconf 91' lang='lat' dir='ltr'><strong>ipsi</strong></span> <span class='ocrx_word' id='word_1_122' title='bbox 889 1193 1046 1249; x_wconf 90' lang='lat' dir='ltr'><strong>quibus</strong></span> <span class='ocrx_word' id='word_1_123' title='bbox 1071 1194 1135 1236; x_wconf 91' lang='lat' dir='ltr'><strong>uti</strong></span> <span class='ocrx_word' id='word_1_124' title='bbox 1156 1195 1283 1237; x_wconf 86' lang='lat' dir='ltr'><strong>vellet</strong></span> <span class='ocrx_word' id='word_1_125' title='bbox 1302 1196 1460 1252; x_wconf 86' lang='lat' dir='ltr'><strong>eligere</strong></span> <span class='ocrx_word' id='word_1_126' title='bbox 1478 1198 1757 1252; x_wconf 84' lang='lat' dir='ltr'><strong>permisisset.</strong></span> 
     </span>
     <span class='ocr_line' id='line_1_16' title="bbox 211 1263 1755 1324; baseline 0.003 -17"><span class='ocrx_word' id='word_1_127' title='bbox 211 1263 301 1308; x_wconf 86' lang='lat' dir='ltr'><strong>Sed</strong></span> <span class='ocrx_word' id='word_1_128' title='bbox 338 1267 518 1308; x_wconf 86' lang='lat' dir='ltr'><strong>certiora</strong></span> <span class='ocrx_word' id='word_1_129' title='bbox 546 1282 599 1309; x_wconf 90' lang='lat' dir='ltr'><strong>ex</strong></span> <span class='ocrx_word' id='word_1_130' title='bbox 629 1268 680 1310; x_wconf 87' lang='lat' dir='ltr'><strong>iis</strong></span> <span class='ocrx_word' id='word_1_131' title='bbox 707 1282 815 1322; x_wconf 90' lang='lat' dir='ltr'><strong>quae</strong></span> <span class='ocrx_word' id='word_1_132' title='bbox 844 1266 1019 1308; x_wconf 81' lang='lat' dir='ltr'><strong>Tacitus</strong></span> <span class='ocrx_word' id='word_1_133' title='bbox 1050 1273 1212 1317; x_wconf 87' lang='lat' dir='ltr'><strong>narrat,</strong></span> <span class='ocrx_word' id='word_1_134' title='bbox 1254 1267 1528 1324; x_wconf 84' lang='lat' dir='ltr'><strong>colliguntur.</strong></span> <span class='ocrx_word' id='word_1_135' title='bbox 1583 1270 1755 1312; x_wconf 84' lang='lat' dir='ltr'><strong>Etenim</strong></span> 
     </span>
     <span class='ocr_line' id='line_1_17' title="bbox 211 1338 1758 1392; baseline 0.003 -13"><span class='ocrx_word' id='word_1_136' title='bbox 211 1352 246 1379; x_wconf 88' lang='lat' dir='ltr'><strong>c.</strong></span> <span class='ocrx_word' id='word_1_137' title='bbox 276 1338 320 1380; x_wconf 74' lang='lat'><strong>31</strong></span> <span class='ocrx_word' id='word_1_138' title='bbox 365 1339 428 1380; x_wconf 88' lang='lat' dir='ltr'><strong>sic</strong></span> <span class='ocrx_word' id='word_1_139' title='bbox 461 1338 611 1381; x_wconf 90' lang='lat' dir='ltr'><strong>habet:</strong></span> <span class='ocrx_word' id='word_1_140' title='bbox 658 1342 738 1381; x_wconf 83' lang='lat' dir='ltr'><strong>duo</strong></span> <span class='ocrx_word' id='word_1_141' title='bbox 774 1341 890 1392; x_wconf 77' lang='lat' dir='ltr'><strong>apud</strong></span> <span class='ocrx_word' id='word_1_142' title='bbox 922 1342 1057 1392; x_wconf 80' lang='lat' dir='ltr'><strong>ripam</strong></span> <span class='ocrx_word' id='word_1_143' title='bbox 1093 1341 1229 1380; x_wconf 67' lang='lat' dir='ltr'><strong>Rheni</strong></span> <span class='ocrx_word' id='word_1_144' title='bbox 1263 1344 1464 1381; x_wconf 75' lang='lat' dir='ltr'><strong>exercitus</strong></span> <span class='ocrx_word' id='word_1_145' title='bbox 1495 1349 1642 1383; x_wconf 80' lang='lat' dir='ltr'><strong>erant:</strong></span> <span class='ocrx_word' id='word_1_146' title='bbox 1684 1346 1758 1383; x_wconf 81' lang='lat' dir='ltr'><strong>cui</strong></span> 
     </span>
     <span class='ocr_line' id='line_1_18' title="bbox 208 1413 1753 1465; baseline 0.005 -15"><span class='ocrx_word' id='word_1_147' title='bbox 208 1425 355 1450; x_wconf 76' lang='lat' dir='ltr'><strong>nomen</strong></span> <span class='ocrx_word' id='word_1_148' title='bbox 382 1414 604 1463; x_wconf 75' lang='lat' dir='ltr'><strong>superiori,</strong></span> <span class='ocrx_word' id='word_1_149' title='bbox 641 1413 712 1452; x_wconf 82' lang='lat' dir='ltr'><strong>sub</strong></span> <span class='ocrx_word' id='word_1_150' title='bbox 742 1413 784 1454; x_wconf 82' lang='lat' dir='ltr'><strong>C.</strong></span> <span class='ocrx_word' id='word_1_151' title='bbox 813 1414 915 1453; x_wconf 76' lang='lat' dir='ltr'><em>Silio</em></span> <span class='ocrx_word' id='word_1_152' title='bbox 945 1415 1091 1465; x_wconf 80' lang='lat' dir='ltr'><strong>legato,</strong></span> <span class='ocrx_word' id='word_1_153' title='bbox 1122 1415 1364 1465; x_wconf 72' lang='lat' dir='ltr'><strong>inferiorem</strong></span> <span class='ocrx_word' id='word_1_154' title='bbox 1396 1417 1452 1455; x_wconf 92' lang='lat' dir='ltr'><strong>A.</strong></span> <span class='ocrx_word' id='word_1_155' title='bbox 1482 1416 1657 1458; x_wconf 80' lang='lat' dir='ltr'><strong>Caecina</strong></span> <span class='ocrx_word' id='word_1_156' title='bbox 1684 1431 1753 1457; x_wconf 84' lang='lat' dir='ltr'><strong>cu-</strong></span> 
     </span>
     <span class='ocr_line' id='line_1_19' title="bbox 207 1482 1753 1541; baseline 0.006 -19"><span class='ocrx_word' id='word_1_157' title='bbox 207 1482 338 1524; x_wconf 69' lang='lat' dir='ltr'><strong>rabat.</strong></span> <span class='ocrx_word' id='word_1_158' title='bbox 388 1482 484 1524; x_wconf 89' lang='lat' dir='ltr'><strong>Hos</strong></span> <span class='ocrx_word' id='word_1_159' title='bbox 513 1497 589 1538; x_wconf 90' lang='lat' dir='ltr'><strong>per</strong></span> <span class='ocrx_word' id='word_1_160' title='bbox 618 1482 770 1539; x_wconf 85' lang='lat' dir='ltr'><strong>ipsam,</strong></span> <span class='ocrx_word' id='word_1_161' title='bbox 803 1499 888 1539; x_wconf 88' lang='lat' dir='ltr'><strong>qua</strong></span> <span class='ocrx_word' id='word_1_162' title='bbox 912 1491 1031 1526; x_wconf 90' lang='lat' dir='ltr'><strong>erant</strong></span> <span class='ocrx_word' id='word_1_163' title='bbox 1059 1484 1289 1541; x_wconf 90' lang='lat' dir='ltr'><strong>dignitate,</strong></span> <span class='ocrx_word' id='word_1_164' title='bbox 1323 1500 1422 1528; x_wconf 86' lang='lat' dir='ltr'><strong>sane</strong></span> <span class='ocrx_word' id='word_1_165' title='bbox 1451 1487 1575 1530; x_wconf 84' lang='lat' dir='ltr'><strong>facile</strong></span> <span class='ocrx_word' id='word_1_166' title='bbox 1605 1489 1753 1531; x_wconf 88' lang='lat' dir='ltr'><strong>existi-</strong></span> 
     </span>
     <span class='ocr_line' id='line_1_20' title="bbox 206 1555 1754 1616; baseline 0.005 -20"><span class='ocrx_word' id='word_1_167' title='bbox 206 1555 418 1598; x_wconf 90' lang='lat' dir='ltr'><strong>mabimus</strong></span> <span class='ocrx_word' id='word_1_168' title='bbox 456 1555 620 1610; x_wconf 81' lang='lat' dir='ltr'><strong>legatos</strong></span> <span class='ocrx_word' id='word_1_169' title='bbox 657 1556 793 1599; x_wconf 88' lang='lat' dir='ltr'><strong>fuisse</strong></span> <span class='ocrx_word' id='word_1_170' title='bbox 822 1556 1013 1612; x_wconf 90' lang='lat' dir='ltr'><strong>Augusti</strong></span> <span class='ocrx_word' id='word_1_171' title='bbox 1049 1563 1091 1598; x_wconf 86' lang='lat' dir='ltr'><strong>ct</strong></span> <span class='ocrx_word' id='word_1_172' title='bbox 1115 1556 1278 1599; x_wconf 90' lang='lat' dir='ltr'><strong>Tiberii</strong></span> <span class='ocrx_word' id='word_1_173' title='bbox 1314 1558 1357 1600; x_wconf 94' lang='lat' dir='ltr'><strong>in</strong></span> <span class='ocrx_word' id='word_1_174' title='bbox 1386 1559 1563 1616; x_wconf 86' lang='lat' dir='ltr'><strong>Belgica</strong></span> <span class='ocrx_word' id='word_1_175' title='bbox 1591 1567 1634 1602; x_wconf 88' lang='lat' dir='ltr'><strong>et</strong></span> <span class='ocrx_word' id='word_1_176' title='bbox 1659 1560 1754 1604; x_wconf 89' lang='lat' dir='ltr'><strong>Lu-</strong></span> 
     </span>
     <span class='ocr_line' id='line_1_21' title="bbox 207 1625 1754 1687; baseline 0.005 -19"><span class='ocrx_word' id='word_1_177' title='bbox 207 1628 445 1684; x_wconf 83' lang='lat' dir='ltr'><strong>gdunensi3</strong></span> <span class='ocrx_word' id='word_1_178' title='bbox 476 1643 573 1669; x_wconf 88' lang='lat' dir='ltr'><strong>nam</strong></span> <span class='ocrx_word' id='word_1_179' title='bbox 602 1625 652 1669; x_wconf 87' lang='lat' dir='ltr'><strong>C.</strong></span> <span class='ocrx_word' id='word_1_180' title='bbox 682 1627 830 1678; x_wconf 89' lang='lat' dir='ltr'><strong>Silius,</strong></span> <span class='ocrx_word' id='word_1_181' title='bbox 861 1628 975 1670; x_wconf 89' lang='lat' dir='ltr'><strong>filius</strong></span> <span class='ocrx_word' id='word_1_182' title='bbox 1003 1629 1191 1671; x_wconf 91' lang='lat' dir='ltr'><strong>consulis</strong></span> <span class='ocrx_word' id='word_1_183' title='bbox 1217 1630 1317 1671; x_wconf 87' lang='lat' dir='ltr'><strong>anni</strong></span> <span class='ocrx_word' id='word_1_184' title='bbox 1337 1631 1360 1673; x_wconf 84' lang='lat'>3</span> <span class='ocrx_word' id='word_1_185' title='bbox 1388 1646 1430 1687; x_wconf 92' lang='lat' dir='ltr'><strong>p.</strong></span> <span class='ocrx_word' id='word_1_186' title='bbox 1450 1630 1570 1683; x_wconf 54' lang='lat' dir='ltr'><strong>Chr,</strong></span> <span class='ocrx_word' id='word_1_187' title='bbox 1597 1648 1754 1676; x_wconf 90' lang='lat' dir='ltr'><strong>consu-</strong></span> 
     </span>
     <span class='ocr_line' id='line_1_22' title="bbox 205 1698 1753 1762; baseline 0.005 -22"><span class='ocrx_word' id='word_1_188' title='bbox 205 1700 336 1741; x_wconf 87' lang='lat' dir='ltr'><strong>latum</strong></span> <span class='ocrx_word' id='word_1_189' title='bbox 376 1707 569 1756; x_wconf 85' lang='lat' dir='ltr'><strong>gesserat</strong></span> <span class='ocrx_word' id='word_1_190' title='bbox 607 1698 700 1742; x_wconf 81' lang='lat' dir='ltr'><strong>Cal.</strong></span> <span class='ocrx_word' id='word_1_191' title='bbox 731 1700 823 1743; x_wconf 92' lang='lat' dir='ltr'><strong>Ian.</strong></span> <span class='ocrx_word' id='word_1_192' title='bbox 861 1700 960 1742; x_wconf 91' lang='lat' dir='ltr'><strong>anni</strong></span> <span class='ocrx_word' id='word_1_193' title='bbox 993 1700 1041 1743; x_wconf 83' lang='lat'><strong>13</strong></span> <span class='ocrx_word' id='word_1_194' title='bbox 1071 1715 1113 1756; x_wconf 90' lang='lat' dir='ltr'><strong>p.</strong></span> <span class='ocrx_word' id='word_1_195' title='bbox 1143 1699 1270 1751; x_wconf 59' lang='lat' dir='ltr'><strong>Chr„</strong></span> <span class='ocrx_word' id='word_1_196' title='bbox 1315 1702 1368 1744; x_wconf 91' lang='lat' dir='ltr'><strong>A.</strong></span> <span class='ocrx_word' id='word_1_197' title='bbox 1400 1701 1587 1746; x_wconf 84' lang='lat' dir='ltr'><strong>Caecina</strong></span> <span class='ocrx_word' id='word_1_198' title='bbox 1623 1706 1753 1762; x_wconf 84' lang='lat' dir='ltr'><strong>longe</strong></span> 
     </span>
     <span class='ocr_line' id='line_1_23' title="bbox 206 1772 1752 1829; baseline 0.005 -17"><span class='ocrx_word' id='word_1_199' title='bbox 206 1772 332 1813; x_wconf 87' lang='lat' dir='ltr'><strong>etiam</strong></span> <span class='ocrx_word' id='word_1_200' title='bbox 359 1772 569 1814; x_wconf 88' lang='lat' dir='ltr'><strong>vetustior</strong></span> <span class='ocrx_word' id='word_1_201' title='bbox 594 1780 684 1815; x_wconf 90' lang='lat' dir='ltr'><strong>erat</strong></span> <span class='ocrx_word' id='word_1_202' title='bbox 713 1772 962 1822; x_wconf 88' lang='lat' dir='ltr'><strong>consularis,</strong></span> <span class='ocrx_word' id='word_1_203' title='bbox 996 1773 1154 1829; x_wconf 88' lang='lat' dir='ltr'><strong>quippe</strong></span> <span class='ocrx_word' id='word_1_204' title='bbox 1184 1774 1256 1828; x_wconf 93' lang='lat' dir='ltr'><strong>qui</strong></span> <span class='ocrx_word' id='word_1_205' title='bbox 1284 1775 1370 1817; x_wconf 93' lang='lat' dir='ltr'><strong>iam</strong></span> <span class='ocrx_word' id='word_1_206' title='bbox 1394 1791 1504 1818; x_wconf 91' lang='lat' dir='ltr'><strong>anno</strong></span> <span class='ocrx_word' id='word_1_207' title='bbox 1527 1776 1552 1819; x_wconf 87' lang='lat'>9</span> <span class='ocrx_word' id='word_1_208' title='bbox 1583 1793 1619 1819; x_wconf 91' lang='lat' dir='ltr'><strong>a.</strong></span> <span class='ocrx_word' id='word_1_209' title='bbox 1647 1775 1752 1820; x_wconf 86' lang='lat' dir='ltr'><strong>Chr.</strong></span> 
     </span>
     <span class='ocr_line' id='line_1_24' title="bbox 205 1843 1751 1902; baseline 0.005 -17"><span class='ocrx_word' id='word_1_210' title='bbox 205 1850 380 1899; x_wconf 89' lang='lat' dir='ltr'><strong>propter</strong></span> <span class='ocrx_word' id='word_1_211' title='bbox 410 1843 571 1886; x_wconf 87' lang='lat' dir='ltr'><strong>bellum</strong></span> <span class='ocrx_word' id='word_1_212' title='bbox 596 1845 888 1887; x_wconf 86' lang='lat' dir='ltr'><strong>Pannonicum</strong></span> <span class='ocrx_word' id='word_1_213' title='bbox 925 1845 1099 1902; x_wconf 89' lang='lat' dir='ltr'><strong>egregie</strong></span> <span class='ocrx_word' id='word_1_214' title='bbox 1132 1852 1302 1901; x_wconf 89' lang='lat' dir='ltr'><strong>gestum</strong></span> <span class='ocrx_word' id='word_1_215' title='bbox 1341 1861 1439 1889; x_wconf 92' lang='lat' dir='ltr'><strong>cum</strong></span> <span class='ocrx_word' id='word_1_216' title='bbox 1468 1848 1618 1891; x_wconf 84' lang='lat' dir='ltr'><strong>Druso</strong></span> <span class='ocrx_word' id='word_1_217' title='bbox 1649 1864 1751 1893; x_wconf 87' lang='lat' dir='ltr'><strong>con-</strong></span> 
     </span>
     <span class='ocr_line' id='line_1_25' title="bbox 206 1915 1750 1976; baseline 0.005 -19"><span class='ocrx_word' id='word_1_218' title='bbox 206 1916 391 1958; x_wconf 85' lang='lat' dir='ltr'><strong>sulatum</strong></span> <span class='ocrx_word' id='word_1_219' title='bbox 429 1918 667 1973; x_wconf 87' lang='lat' dir='ltr'><strong>accepisset</strong></span> <span class='ocrx_word' id='word_1_220' title='bbox 702 1915 795 1959; x_wconf 83' lang='lat' dir='ltr'><strong>Cal.</strong></span> <span class='ocrx_word' id='word_1_221' title='bbox 826 1917 948 1959; x_wconf 89' lang='lat' dir='ltr'><strong>Iuliis</strong></span> <span class='ocrx_word' id='word_1_222' title='bbox 984 1918 1078 1959; x_wconf 93' lang='lat' dir='ltr'><strong>loco</strong></span> <span class='ocrx_word' id='word_1_223' title='bbox 1115 1917 1166 1958; x_wconf 92' lang='lat' dir='ltr'><strong>T.</strong></span> <span class='ocrx_word' id='word_1_224' title='bbox 1198 1917 1390 1971; x_wconf 83' lang='lat' dir='ltr'><strong>Quinctii</strong></span> <span class='ocrx_word' id='word_1_225' title='bbox 1419 1918 1609 1976; x_wconf 85' lang='lat' dir='ltr'><strong>Crispini</strong></span> <span class='ocrx_word' id='word_1_226' title='bbox 1649 1921 1750 1964; x_wconf 83' lang='lat' dir='ltr'><strong>Sul-</strong></span> 
     </span>
     <span class='ocr_line' id='line_1_26' title="bbox 203 1988 1747 2045; baseline 0.005 -16"><span class='ocrx_word' id='word_1_227' title='bbox 203 1988 374 2043; x_wconf 90' lang='lat' dir='ltr'><strong>piciani.</strong></span> <span class='ocrx_word' id='word_1_228' title='bbox 435 1989 524 2030; x_wconf 83' lang='lat' dir='ltr'><strong>Sed</strong></span> <span class='ocrx_word' id='word_1_229' title='bbox 558 1989 618 2031; x_wconf 89' lang='lat' dir='ltr'><strong>ita</strong></span> <span class='ocrx_word' id='word_1_230' title='bbox 651 1989 704 2030; x_wconf 91' lang='lat' dir='ltr'><strong>iis</strong></span> <span class='ocrx_word' id='word_1_231' title='bbox 735 1989 887 2045; x_wconf 87' lang='lat' dir='ltr'><strong>legatis</strong></span> <span class='ocrx_word' id='word_1_232' title='bbox 913 2005 1020 2032; x_wconf 85' lang='lat' dir='ltr'><strong>usus</strong></span> <span class='ocrx_word' id='word_1_233' title='bbox 1049 1997 1112 2031; x_wconf 90' lang='lat' dir='ltr'><strong>est</strong></span> <span class='ocrx_word' id='word_1_234' title='bbox 1138 1989 1443 2042; x_wconf 86' lang='lat' dir='ltr'><strong>Germanicus,</strong></span> <span class='ocrx_word' id='word_1_235' title='bbox 1484 2000 1532 2034; x_wconf 92' lang='lat' dir='ltr'><strong>ut</strong></span> <span class='ocrx_word' id='word_1_236' title='bbox 1559 2007 1632 2035; x_wconf 91' lang='lat' dir='ltr'><strong>eos</strong></span> <span class='ocrx_word' id='word_1_237' title='bbox 1662 2009 1747 2036; x_wconf 91' lang='lat' dir='ltr'><strong>non</strong></span> 
     </span>
     <span class='ocr_line' id='line_1_27' title="bbox 203 2060 1747 2120; baseline 0.005 -19"><span class='ocrx_word' id='word_1_238' title='bbox 203 2060 352 2116; x_wconf 91' lang='lat' dir='ltr'><strong>ipsius,</strong></span> <span class='ocrx_word' id='word_1_239' title='bbox 384 2060 460 2102; x_wconf 86' lang='lat' dir='ltr'><strong>sed</strong></span> <span class='ocrx_word' id='word_1_240' title='bbox 486 2060 648 2102; x_wconf 89' lang='lat' dir='ltr'><strong>Tiberii</strong></span> <span class='ocrx_word' id='word_1_241' title='bbox 673 2061 808 2103; x_wconf 88' lang='lat' dir='ltr'><strong>fuisse</strong></span> <span class='ocrx_word' id='word_1_242' title='bbox 842 2061 1007 2117; x_wconf 87' lang='lat' dir='ltr'><strong>sibique</strong></span> <span class='ocrx_word' id='word_1_243' title='bbox 1041 2063 1260 2119; x_wconf 89' lang='lat' dir='ltr'><strong>proprium</strong></span> <span class='ocrx_word' id='word_1_244' title='bbox 1289 2063 1514 2120; x_wconf 88' lang='lat' dir='ltr'><strong>imperium</strong></span> <span class='ocrx_word' id='word_1_245' title='bbox 1543 2065 1747 2110; x_wconf 88' lang='lat' dir='ltr'><strong>habuisse</strong></span> 
     </span>
     <span class='ocr_line' id='line_1_28' title="bbox 203 2132 1748 2192; baseline 0.005 -19"><span class='ocrx_word' id='word_1_246' title='bbox 203 2147 328 2174; x_wconf 91' lang='lat' dir='ltr'><strong>nemo</strong></span> <span class='ocrx_word' id='word_1_247' title='bbox 361 2132 518 2174; x_wconf 90' lang='lat' dir='ltr'><strong>credat.</strong></span> <span class='ocrx_word' id='word_1_248' title='bbox 576 2132 687 2175; x_wconf 90' lang='lat' dir='ltr'><strong>Nam</strong></span> <span class='ocrx_word' id='word_1_249' title='bbox 713 2134 895 2189; x_wconf 90' lang='lat' dir='ltr'><strong>primum</strong></span> <span class='ocrx_word' id='word_1_250' title='bbox 924 2132 1111 2178; x_wconf 85' lang='lat' dir='ltr'><strong>Caecina</strong></span> <span class='ocrx_word' id='word_1_251' title='bbox 1140 2135 1248 2178; x_wconf 86' lang='lat' dir='ltr'><strong>duas</strong></span> <span class='ocrx_word' id='word_1_252' title='bbox 1276 2136 1467 2192; x_wconf 89' lang='lat' dir='ltr'><strong>legiones</strong></span> <span class='ocrx_word' id='word_1_253' title='bbox 1499 2137 1672 2180; x_wconf 88' lang='lat' dir='ltr'><strong>iubetur</strong></span> <span class='ocrx_word' id='word_1_254' title='bbox 1704 2138 1748 2180; x_wconf 91' lang='lat' dir='ltr'><strong>in</strong></span> 
     </span>
     <span class='ocr_line' id='line_1_29' title="bbox 206 2204 1748 2263; baseline 0.005 -17"><span class='ocrx_word' id='word_1_255' title='bbox 206 2204 386 2247; x_wconf 91' lang='lat' dir='ltr'><strong>hiberna</strong></span> <span class='ocrx_word' id='word_1_256' title='bbox 416 2204 574 2246; x_wconf 89' lang='lat' dir='ltr'><strong>ducere</strong></span> <span class='ocrx_word' id='word_1_257' title='bbox 605 2205 660 2258; x_wconf 89' lang='grc' dir='ltr'><strong>(Ι,</strong></span> <span class='ocrx_word' id='word_1_258' title='bbox 688 2204 775 2260; x_wconf 75' lang='lat'><strong>37),</strong></span> <span class='ocrx_word' id='word_1_259' title='bbox 803 2213 893 2247; x_wconf 92' lang='lat' dir='ltr'><strong>tum</strong></span> <span class='ocrx_word' id='word_1_260' title='bbox 921 2206 964 2247; x_wconf 92' lang='lat' dir='ltr'><strong>in</strong></span> <span class='ocrx_word' id='word_1_261' title='bbox 995 2207 1090 2263; x_wconf 91' lang='lat' dir='ltr'><strong>ipsa</strong></span> <span class='ocrx_word' id='word_1_262' title='bbox 1119 2208 1392 2263; x_wconf 89' lang='lat' dir='ltr'><strong>expeditione</strong></span> <span class='ocrx_word' id='word_1_263' title='bbox 1423 2224 1534 2252; x_wconf 87' lang='lat' dir='ltr'><strong>anno</strong></span> <span class='ocrx_word' id='word_1_264' title='bbox 1567 2209 1618 2252; x_wconf 78' lang='lat'><strong>14</strong></span> <span class='ocrx_word' id='word_1_265' title='bbox 1651 2225 1748 2252; x_wconf 89' lang='lat' dir='ltr'><strong>sus-</strong></span> 
     </span>
     <span class='ocr_line' id='line_1_30' title="bbox 203 2276 1746 2337; baseline 0.004 -19"><span class='ocrx_word' id='word_1_266' title='bbox 203 2283 325 2332; x_wconf 88' lang='lat' dir='ltr'><strong>cepta</strong></span> <span class='ocrx_word' id='word_1_267' title='bbox 374 2276 597 2333; x_wconf 89' lang='lat' dir='ltr'><strong>expeditas</strong></span> <span class='ocrx_word' id='word_1_268' title='bbox 647 2283 811 2319; x_wconf 90' lang='lat' dir='ltr'><strong>tantum</strong></span> <span class='ocrx_word' id='word_1_269' title='bbox 849 2279 1041 2322; x_wconf 89' lang='lat' dir='ltr'><strong>cohortes</strong></span> <span class='ocrx_word' id='word_1_270' title='bbox 1079 2279 1206 2322; x_wconf 87' lang='lat' dir='ltr'><strong>habet</strong></span> <span class='ocrx_word' id='word_1_271' title='bbox 1244 2295 1324 2322; x_wconf 91' lang='lat' dir='ltr'><strong>nec</strong></span> <span class='ocrx_word' id='word_1_272' title='bbox 1360 2281 1492 2322; x_wconf 91' lang='lat' dir='ltr'><strong>ullam</strong></span> <span class='ocrx_word' id='word_1_273' title='bbox 1529 2281 1746 2337; x_wconf 88' lang='lat' dir='ltr'><strong>legionum</strong></span> 
     </span>
     <span class='ocr_line' id='line_1_31' title="bbox 202 2349 1747 2408; baseline 0.003 -18"><span class='ocrx_word' id='word_1_274' title='bbox 202 2356 377 2405; x_wconf 87' lang='lat' dir='ltr'><strong>partem.</strong></span> <span class='ocrx_word' id='word_1_275' title='bbox 439 2349 498 2391; x_wconf 94' lang='lat' dir='ltr'><strong>At</strong></span> <span class='ocrx_word' id='word_1_276' title='bbox 526 2349 767 2404; x_wconf 88' lang='lat' dir='ltr'><strong>insequenti</strong></span> <span class='ocrx_word' id='word_1_277' title='bbox 796 2366 907 2392; x_wconf 85' lang='lat' dir='ltr'><strong>anno</strong></span> <span class='ocrx_word' id='word_1_278' title='bbox 931 2358 1132 2406; x_wconf 87' lang='lat' dir='ltr'><strong>quattuor</strong></span> <span class='ocrx_word' id='word_1_279' title='bbox 1156 2352 1346 2408; x_wconf 89' lang='lat' dir='ltr'><strong>legiones</strong></span> <span class='ocrx_word' id='word_1_280' title='bbox 1375 2352 1507 2402; x_wconf 85' lang='lat' dir='ltr'><strong>ducit,</strong></span> <span class='ocrx_word' id='word_1_281' title='bbox 1534 2353 1747 2408; x_wconf 90' lang='lat' dir='ltr'><strong>reliquum</strong></span> 
     </span>
     <span class='ocr_line' id='line_1_32' title="bbox 201 2421 1746 2479; baseline 0.004 -17"><span class='ocrx_word' id='word_1_282' title='bbox 201 2422 434 2464; x_wconf 85' lang='lat' dir='ltr'><strong>exercitum</strong></span> <span class='ocrx_word' id='word_1_283' title='bbox 464 2422 556 2478; x_wconf 90' lang='lat' dir='ltr'><strong>ipse</strong></span> <span class='ocrx_word' id='word_1_284' title='bbox 583 2421 883 2473; x_wconf 85' lang='lat' dir='ltr'><strong>Germanicus,</strong></span> <span class='ocrx_word' id='word_1_285' title='bbox 913 2423 968 2479; x_wconf 86' lang='grc' dir='ltr'><strong>(Ι,</strong></span> <span class='ocrx_word' id='word_1_286' title='bbox 998 2424 1072 2477; x_wconf 77' lang='grc'><strong>56)</strong></span> <span class='ocrx_word' id='word_1_287' title='bbox 1099 2431 1147 2465; x_wconf 89' lang='lat' dir='ltr'><strong>ut</strong></span> <span class='ocrx_word' id='word_1_288' title='bbox 1176 2422 1226 2466; x_wconf 84' lang='lat' dir='ltr'><strong>C.</strong></span> <span class='ocrx_word' id='word_1_289' title='bbox 1254 2422 1388 2466; x_wconf 88' lang='lat' dir='ltr'><strong>Silius</strong></span> <span class='ocrx_word' id='word_1_290' title='bbox 1416 2424 1460 2466; x_wconf 91' lang='lat' dir='ltr'><strong>in</strong></span> <span class='ocrx_word' id='word_1_291' title='bbox 1486 2423 1627 2467; x_wconf 89' lang='lat' dir='ltr'><strong>Gallia</strong></span> <span class='ocrx_word' id='word_1_292' title='bbox 1656 2426 1746 2468; x_wconf 91' lang='lat' dir='ltr'><strong>sine</strong></span> 
     </span>
     <span class='ocr_line' id='line_1_33' title="bbox 201 2495 1745 2554; baseline 0.003 -19"><span class='ocrx_word' id='word_1_293' title='bbox 201 2495 391 2536; x_wconf 89' lang='lat' dir='ltr'><strong>exercitu</strong></span> <span class='ocrx_word' id='word_1_294' title='bbox 426 2495 600 2537; x_wconf 84' lang='lat' dir='ltr'><strong>relictus</strong></span> <span class='ocrx_word' id='word_1_295' title='bbox 642 2509 736 2536; x_wconf 89' lang='lat' dir='ltr'><strong>esse</strong></span> <span class='ocrx_word' id='word_1_296' title='bbox 773 2495 991 2546; x_wconf 84' lang='lat' dir='ltr'><strong>videatur3</strong></span> <span class='ocrx_word' id='word_1_297' title='bbox 1038 2496 1194 2538; x_wconf 89' lang='lat' dir='ltr'><strong>deinde</strong></span> <span class='ocrx_word' id='word_1_298' title='bbox 1229 2497 1272 2537; x_wconf 91' lang='lat' dir='ltr'><strong>in</strong></span> <span class='ocrx_word' id='word_1_299' title='bbox 1312 2497 1444 2540; x_wconf 87' lang='lat' dir='ltr'><strong>altera</strong></span> <span class='ocrx_word' id='word_1_300' title='bbox 1476 2497 1745 2554; x_wconf 88' lang='lat' dir='ltr'><strong>expeditione</strong></span> 
     </span>
     <span class='ocr_line' id='line_1_34' title="bbox 201 2563 1744 2625; baseline 0.004 -18"><span class='ocrx_word' id='word_1_301' title='bbox 201 2563 387 2608; x_wconf 87' lang='lat' dir='ltr'><strong>Caecina</strong></span> <span class='ocrx_word' id='word_1_302' title='bbox 419 2567 498 2609; x_wconf 88' lang='lat' dir='ltr'><strong>etsi</strong></span> <span class='ocrx_word' id='word_1_303' title='bbox 524 2567 650 2609; x_wconf 91' lang='lat' dir='ltr'><strong>etiam</strong></span> <span class='ocrx_word' id='word_1_304' title='bbox 679 2566 922 2622; x_wconf 88' lang='lat' dir='ltr'><strong>legionibus</strong></span> <span class='ocrx_word' id='word_1_305' title='bbox 952 2567 1181 2623; x_wconf 89' lang='lat' dir='ltr'><strong>aliquando</strong></span> <span class='ocrx_word' id='word_1_306' title='bbox 1206 2576 1375 2623; x_wconf 88' lang='lat' dir='ltr'><strong>praeest</strong></span> <span class='ocrx_word' id='word_1_307' title='bbox 1405 2569 1460 2625; x_wconf 95' lang='lat' dir='ltr'><strong>(I,</strong></span> <span class='ocrx_word' id='word_1_308' title='bbox 1486 2569 1574 2624; x_wconf 82' lang='lat'><strong>63),</strong></span> <span class='ocrx_word' id='word_1_309' title='bbox 1604 2576 1744 2613; x_wconf 86' lang='lat' dir='ltr'><strong>tamen</strong></span> 
     </span>
     <span class='ocr_line' id='line_1_35' title="bbox 198 2638 1744 2696; baseline 0.003 -17"><span class='ocrx_word' id='word_1_310' title='bbox 198 2638 328 2679; x_wconf 90' lang='lat' dir='ltr'><strong>modo</strong></span> <span class='ocrx_word' id='word_1_311' title='bbox 361 2639 603 2694; x_wconf 86' lang='lat' dir='ltr'><strong>expeditam</strong></span> <span class='ocrx_word' id='word_1_312' title='bbox 634 2646 798 2681; x_wconf 85' lang='lat' dir='ltr'><strong>tantum</strong></span> <span class='ocrx_word' id='word_1_313' title='bbox 826 2655 1000 2681; x_wconf 89' lang='lat' dir='ltr'><strong>manum</strong></span> <span class='ocrx_word' id='word_1_314' title='bbox 1031 2639 1151 2682; x_wconf 91' lang='lat' dir='ltr'><strong>ducit</strong></span> <span class='ocrx_word' id='word_1_315' title='bbox 1179 2641 1233 2696; x_wconf 86' lang='lat' dir='ltr'><strong>(I,</strong></span> <span class='ocrx_word' id='word_1_316' title='bbox 1263 2641 1356 2696; x_wconf 82' lang='grc'><strong>61),</strong></span> <span class='ocrx_word' id='word_1_317' title='bbox 1389 2642 1516 2684; x_wconf 90' lang='lat' dir='ltr'><strong>modo</strong></span> <span class='ocrx_word' id='word_1_318' title='bbox 1549 2641 1744 2684; x_wconf 79' lang='lat' dir='ltr'><strong>cohorte-s</strong></span> 
     </span>
     <span class='ocr_line' id='line_1_36' title="bbox 198 2709 1743 2770; baseline 0.003 -19"><span class='ocrx_word' id='word_1_319' title='bbox 198 2709 302 2752; x_wconf 87' lang='lat' dir='ltr'><strong>alias</strong></span> <span class='ocrx_word' id='word_1_320' title='bbox 338 2710 392 2765; x_wconf 88' lang='grc' dir='ltr'><strong>(Ι,</strong></span> <span class='ocrx_word' id='word_1_321' title='bbox 424 2710 510 2766; x_wconf 84' lang='grc'>60).</span> <span class='ocrx_word' id='word_1_322' title='bbox 579 2712 777 2766; x_wconf 91' lang='lat' dir='ltr'><strong>Denique</strong></span> <span class='ocrx_word' id='word_1_323' title='bbox 809 2727 918 2754; x_wconf 89' lang='lat' dir='ltr'><strong>anno</strong></span> <span class='ocrx_word' id='word_1_324' title='bbox 955 2712 1004 2754; x_wconf 90' lang='grc'><strong>16</strong></span> <span class='ocrx_word' id='word_1_325' title='bbox 1035 2710 1085 2754; x_wconf 88' lang='lat' dir='ltr'><strong>C.</strong></span> <span class='ocrx_word' id='word_1_326' title='bbox 1114 2711 1248 2755; x_wconf 88' lang='lat' dir='ltr'><strong>Silius</strong></span> <span class='ocrx_word' id='word_1_327' title='bbox 1283 2721 1325 2755; x_wconf 88' lang='lat' dir='ltr'><strong>et</strong></span> <span class='ocrx_word' id='word_1_328' title='bbox 1354 2714 1408 2756; x_wconf 89' lang='lat' dir='ltr'><strong>A.</strong></span> <span class='ocrx_word' id='word_1_329' title='bbox 1437 2712 1623 2756; x_wconf 87' lang='lat' dir='ltr'><strong>Caecina</strong></span> <span class='ocrx_word' id='word_1_330' title='bbox 1653 2714 1743 2770; x_wconf 88' lang='lat' dir='ltr'><strong>pri-</strong></span> 
     </span>
     <span class='ocr_line' id='line_1_37' title="bbox 199 2782 1742 2841; baseline 0.003 -18"><span class='ocrx_word' id='word_1_331' title='bbox 199 2797 313 2822; x_wconf 89' lang='lat' dir='ltr'><strong>mum</strong></span> <span class='ocrx_word' id='word_1_332' title='bbox 348 2782 475 2825; x_wconf 87' lang='lat' dir='ltr'><strong>classi</strong></span> <span class='ocrx_word' id='word_1_333' title='bbox 504 2783 778 2826; x_wconf 85' lang='lat' dir='ltr'><strong>fabricandae</strong></span> <span class='ocrx_word' id='word_1_334' title='bbox 808 2792 1132 2840; x_wconf 90' lang='lat' dir='ltr'><strong>praeponuntur</strong></span> <span class='ocrx_word' id='word_1_335' title='bbox 1159 2785 1237 2841; x_wconf 90' lang='grc' dir='ltr'><strong>(Π,</strong></span> <span class='ocrx_word' id='word_1_336' title='bbox 1268 2787 1334 2841; x_wconf 81' lang='grc'><strong>6),</strong></span> <span class='ocrx_word' id='word_1_337' title='bbox 1364 2794 1455 2828; x_wconf 89' lang='lat' dir='ltr'><strong>tum</strong></span> <span class='ocrx_word' id='word_1_338' title='bbox 1482 2785 1615 2828; x_wconf 84' lang='lat' dir='ltr'><strong>Silius</strong></span> <span class='ocrx_word' id='word_1_339' title='bbox 1644 2801 1742 2828; x_wconf 90' lang='lat' dir='ltr'><strong>cum</strong></span> 
     </span>
     <span class='ocr_line' id='line_1_38' title="bbox 197 2854 1740 2912; baseline 0.004 -18"><span class='ocrx_word' id='word_1_340' title='bbox 197 2854 396 2910; x_wconf 87' lang='lat' dir='ltr'><strong>expedita</strong></span> <span class='ocrx_word' id='word_1_341' title='bbox 432 2871 560 2907; x_wconf 85' lang='lat' dir='ltr'><strong>manu</strong></span> <span class='ocrx_word' id='word_1_342' title='bbox 597 2857 641 2897; x_wconf 91' lang='lat' dir='ltr'><strong>in</strong></span> <span class='ocrx_word' id='word_1_343' title='bbox 670 2854 849 2898; x_wconf 88' lang='lat' dir='ltr'><strong>Chattos</strong></span> <span class='ocrx_word' id='word_1_344' title='bbox 880 2856 1079 2912; x_wconf 87' lang='lat' dir='ltr'><strong>irrumpit</strong></span> <span class='ocrx_word' id='word_1_345' title='bbox 1118 2857 1197 2911; x_wconf 92' lang='grc' dir='ltr'>(ΙΙ,</span> <span class='ocrx_word' id='word_1_346' title='bbox 1227 2858 1274 2911; x_wconf 78' lang='grc'><strong>7)</strong></span> <span class='ocrx_word' id='word_1_347' title='bbox 1311 2866 1351 2900; x_wconf 92' lang='lat' dir='ltr'><strong>et</strong></span> <span class='ocrx_word' id='word_1_348' title='bbox 1382 2865 1612 2900; x_wconf 86' lang='lat' dir='ltr'><strong>auctumno</strong></span> <span class='ocrx_word' id='word_1_349' title='bbox 1644 2873 1740 2900; x_wconf 91' lang='lat' dir='ltr'><strong>cum</strong></span> 
     </span>
    </p>
   </div>
  </div>
 </body>
</html>
