1846 3100
178 174 258 218 376
593 177 647 209 De
672 177 917 220 propagatione
944 177 1088 210 civitatis
1109 178 1297 211 Romanae.

174 285 402 342 imperium
437 285 483 327 in
514 285 600 327 fide
637 299 687 327 ac
718 284 958 327 reverentia
986 283 1170 327 nominis
1200 285 1383 330 Romani
1412 288 1722 341 continebatur,

174 358 292 400 illinc
329 357 490 407 omnia,
534 372 643 413 quae
685 356 740 398 ad
780 356 1084 412 imperatorum
1123 358 1287 401 cultum
1329 360 1562 416 divinum„
1584 362 1723 417 qualis

175 437 323 487 postea
350 430 394 472 in
426 429 624 472 omnibus
655 429 889 486 provinciis
918 430 1078 480 extitit,
1119 431 1307 486 profecta
1337 440 1449 474 sunt.
1505 431 1614 477 Orta
1640 434 1723 477 ibi-

176 503 275 546 dem
305 510 369 545 est
396 501 695 559 metropolium
721 501 842 551 ratio,
877 517 986 557 quae
1012 510 1100 545 tota
1130 518 1228 546 cum
1256 504 1558 561 imperatorum
1590 506 1723 548 sacris

175 575 347 618 videtur
384 590 478 618 esse
509 574 748 617 coniuncta.
817 573 914 616 Non
943 575 1202 618 immorabor
1230 577 1274 618 in
1301 585 1444 620 vetere
1475 579 1723 636 metropolis

177 648 510 705 significatione,
550 662 660 703 quae
695 646 797 689 satis
831 654 931 690 nota
959 654 1036 697 est,
1066 663 1152 703 qua
1182 648 1307 690 etiam
1335 649 1548 706 Iosephus
1575 651 1723 708 Antiq.

173 720 282 771 XII,
315 721 353 770 3,
388 722 405 762 1
453 719 728 762 Antiochiam
767 717 938 762 Seleuci
970 719 1181 762 Nicatoris
1216 728 1353 764 aetate
1385 720 1537 778 Syriae
1566 730 1723 767 metro-

174 792 305 848 polim
333 791 584 849 appellavit:
629 807 715 847 quo
744 798 934 848 tempore
965 787 1081 848 qdod
1113 807 1269 835 nomen
1297 793 1471 838 honoris
1501 810 1551 838 ac
1581 796 1723 852 digni-

174 865 272 908 tatis
299 862 532 907 Antiochia
560 880 585 907 a
613 863 790 921 regibus
823 864 913 907 suis
945 872 1188 921 acceperat,
1231 872 1442 909 retentum
1471 882 1565 911 esse
1595 869 1723 912 etiam

176 937 256 980 sub
309 937 486 994 imperio
531 937 723 980 Romano
771 938 935 979 nummi
982 938 1026 979 in
1073 937 1267 982 libertate
1314 939 1481 996 imperii
1527 941 1723 997 percussi

174 1011 375 1067 (Eckhel.
405 1011 462 1053 D.
491 1010 544 1052 N.
571 1010 653 1060 III,
685 1010 788 1066 271)
824 1010 1069 1053 ostendunt.
1126 1011 1278 1068 Neque
1308 1012 1445 1069 magis
1474 1013 1560 1056 huc
1590 1014 1723 1070 perti-

173 1092 259 1134 net,
289 1083 406 1139 quod
435 1083 529 1140 ipsa
553 1083 709 1134 Roma,
738 1090 954 1140 tamquam
983 1091 1109 1140 caput
1141 1098 1191 1126 ac
1219 1090 1352 1127 mater
1380 1085 1512 1129 totius
1542 1086 1724 1144 imperii,

173 1171 481 1212 nonnunquam
509 1155 590 1198 sub
620 1156 948 1212 imperatoribus
979 1157 1226 1213 metropolis
1256 1157 1467 1214 appellata
1497 1166 1575 1209 est,
1606 1159 1725 1202 velut

171 1229 215 1271 in
245 1229 431 1271 nummis
456 1227 849 1271 Nicomedensium.
921 1228 1010 1272 Sed
1049 1245 1171 1271 suam
1206 1237 1333 1285 atque
1369 1230 1471 1272 inde
1508 1230 1724 1274 diversam
1800 1279 1804 1283 ,

174 1301 530 1358 significationem
558 1300 744 1344 habebat
772 1301 877 1344 haec
903 1301 1149 1358 metropolis
1173 1301 1294 1352 ratio,
1324 1317 1451 1357 quam
1472 1309 1605 1345 totam
1625 1317 1723 1346 cum

171 1374 475 1430 imperatorum
508 1374 626 1416 cultu
656 1373 804 1416 divino
833 1374 1103 1416 coniunctam
1131 1374 1268 1417 fuisse
1298 1375 1424 1417 docet
1456 1375 1600 1431 ipsum
1637 1376 1723 1418 ori-

172 1446 286 1504 ginis
326 1454 508 1503 tempus.
574 1445 684 1488 Nam
715 1461 814 1488 cum
841 1447 998 1502 templa
1028 1447 1130 1489 divo
1159 1446 1271 1489 Iulio
1302 1447 1484 1503 primum
1519 1448 1722 1504 Augusto

170 1520 404 1576 imperante
433 1519 606 1562 condita
636 1534 731 1562 esse
761 1526 924 1562 certum
954 1520 1031 1570 sit,
1068 1518 1235 1575 qua'de
1268 1534 1314 1561 re
1342 1519 1454 1564 infra
1482 1534 1622 1575 pauca
1655 1520 1723 1563 di-

172 1607 340 1642 cemus,
371 1592 525 1635 eodem
553 1599 741 1648 tempore
772 1591 935 1634 Tarsus
966 1592 1011 1634 in
1042 1592 1227 1634 nummis
1258 1599 1437 1635 vocatur
1463 1593 1722 1649 metropolis,

172 1665 253 1707 sub
282 1664 452 1707 Nerone
482 1664 659 1720 Ancyra
686 1663 881 1708 Galatiae
907 1665 1219 1722 vulgatumque
1244 1664 1289 1706 id
1318 1679 1471 1706 nomen
1504 1663 1584 1707 sub
1613 1664 1722 1708 Tra-

169 1737 267 1780 iano
307 1745 348 1780 et
385 1737 622 1779 Hadriano.
689 1737 840 1793 Neque
882 1737 995 1780 enim
1040 1744 1153 1779 certe
1193 1753 1357 1779 merum
1397 1736 1603 1780 honorem
1632 1753 1722 1781 me-

170 1809 347 1866 tropolis
378 1809 546 1851 nomine
578 1809 785 1852 contineri
814 1809 1168 1852 existimabimus.
1226 1809 1433 1852 Solebant
1462 1810 1509 1851 id
1537 1810 1722 1867 impera-

170 1889 283 1924 tores
315 1881 497 1924 Romani
536 1888 578 1924 et
614 1881 800 1924 tribuere
840 1890 881 1924 et
917 1882 1146 1938 aliquando
1181 1882 1367 1924 adimere
1404 1882 1523 1934 (vide
1558 1880 1721 1938 Spanh.

170 1962 212 1997 et
241 1955 422 1998 Eckhel.
453 1955 481 1997 1.
508 1955 571 2010 1.),
604 1955 721 1998 velut
746 1955 912 2011 Tyrum
942 1955 996 1997 ab
1024 1955 1248 1997 Hadriano
1276 1954 1448 1996 titulum
1473 1956 1722 2012 metropolis

170 2028 388 2084 accepisse
406 2028 535 2070 refert
555 2026 715 2070 Suidas
736 2044 768 2070 s.
786 2043 825 2070 v.
842 2027 1007 2073 Παῦλος
1025 2026 1185 2083 Τύριος,
1217 2035 1258 2069 et
1278 2025 1513 2083 Septimius
1531 2025 1721 2071 Severus

169 2099 513 2143 Laodicensibus
541 2100 609 2142 ius
641 2100 887 2156 metropolis
917 2099 1128 2142 concessit
1158 2099 1323 2154 (Malal.
1349 2099 1444 2142 XII
1472 2115 1516 2157 p.
1540 2100 1622 2144 294
1652 2101 1721 2143 ed.

170 2174 332 2223 Bonn.;
367 2171 526 2215 Suidas
557 2188 590 2214 s.
621 2188 661 2214 V.
691 2170 813 2223 Sev.;
846 2172 1008 2216 Herod.
1039 2173 1120 2222 III,
1152 2172 1240 2227 69),
1273 2179 1314 2214 et
1342 2171 1602 2228 Elagabalus
1630 2172 1721 2230 Ty-

170 2245 245 2287 riis
274 2260 373 2287 cum
401 2244 682 2294 irasceretur,
724 2260 823 2287 cum
849 2244 1014 2300 reliquo
1041 2244 1134 2286 iure
1158 2245 1282 2286 etiam
1302 2245 1548 2302 metropolis
1567 2260 1722 2289 nomen

170 2317 225 2359 ad
255 2315 459 2359 Sidonios
487 2316 701 2359 transtulit
740 2315 1000 2369 (Comment.
1028 2316 1248 2373 epigraph.
1278 2316 1299 2358 I
1330 2331 1371 2372 p.
1401 2316 1502 2367 432;
1539 2317 1719 2360 Eckhel.

170 2389 238 2432 III
269 2405 311 2446 p.
336 2388 451 2443 387).
504 2388 650 2442 Quare
677 2389 793 2444 quod
822 2389 996 2431 honoris
1027 2404 1158 2431 causa
1185 2389 1461 2444 imperatores
1491 2389 1720 2440 deferrent,

168 2461 428 2518 ignominiae
460 2476 590 2503 causa
620 2461 866 2504 civitatibus
896 2462 1151 2509 adimerent,
1194 2460 1237 2502 in
1269 2475 1317 2502 eo
1348 2475 1444 2503 cum
1473 2461 1620 2516 utique
1650 2461 1719 2503 ius

168 2533 342 2589 aliquod
373 2533 508 2575 fuisse
539 2548 716 2575 necesse
745 2533 820 2583 sit,
860 2534 1024 2576 nullum
1056 2533 1173 2575 aliud
1203 2533 1377 2588 reperiri
1405 2534 1560 2590 poterit
1590 2548 1718 2589 quam

168 2606 251 2649 hoc
278 2606 393 2661 quod
423 2620 475 2647 ex
502 2605 808 2661 imperatorum
834 2605 1001 2662 templis
1030 2604 1255 2661 pendebat.
1318 2605 1428 2648 Nam
1463 2621 1560 2648 cum
1591 2621 1719 2662 repu-

172 2677 284 2719 blica
318 2677 616 2733 metropolium
649 2678 852 2720 honorem
889 2693 939 2720 ac
964 2692 1119 2719 nomen
1149 2677 1266 2719 nullo
1298 2686 1421 2734 pacto
1450 2678 1585 2720 fuisse
1617 2693 1718 2720 con-

170 2749 366 2792 iunctum
388 2764 440 2791 ex
460 2750 654 2806 catalogo
674 2750 983 2807 metropolium,
1009 2749 1082 2804 qui
1107 2764 1160 2791 ex
1177 2764 1448 2792 nummorum
1471 2749 1720 2792 auctoritate

172 2821 225 2863 ab
261 2821 442 2864 Eckhel.
463 2821 539 2864 ·IV
579 2838 618 2878 p.
650 2822 731 2866 ‘273
772 2822 992 2864 confectus
1035 2829 1125 2871 est,
1167 2821 1414 2877 planissime
1453 2821 1717 2878 intelligitur.

172 2893 303 2936 Velut
328 2893 495 2936 Tarsus
524 2894 608 2937 iam
636 2894 688 2937 ab
718 2893 910 2950 Augusti
936 2900 1071 2937 aetate
1098 2893 1256 2936 dicitur
1283 2894 1543 2951 metropolis,
1572 2894 1718 2936 addito
