1846 3100
582 140 637 173 De
665 132 777 173 Gallia
800 138 1032 172 Romanorum
1063 139 1247 181 provincia.
1627 137 1677 182 81

144 243 276 288 altera
301 245 356 288 de
383 245 617 302 provinciis
646 246 716 287 lex
739 246 844 288 solet
873 245 928 288 ad
954 245 1137 288 eundem
1167 244 1218 288 C.
1239 245 1503 290 Trebonium
1524 250 1687 292 referri.

137 316 262 373 Ipsos
293 318 490 360 consules
521 318 613 360 eius
646 318 802 360 latores
832 318 967 360 fuisse
998 326 1142 374 aperte
1171 317 1332 361 indicat
1363 319 1514 363 Vellei.
1542 321 1600 371 II,
1635 321 1687 365 46

137 388 390 446 Pompeium
430 391 485 432 ad
523 391 730 448 populum
772 390 826 432 de
862 405 911 431 ea
944 405 990 433 re
1026 390 1177 432 tulisse
1211 406 1411 442 narrans,
1452 407 1501 434 ac
1529 393 1687 436 certius

137 461 263 503 etiam
302 461 474 505 Hirtius
514 462 613 505 bell.
644 461 756 505 Gall.
786 462 919 512 VIII,
958 462 1011 505 53
1048 462 1302 505 Marcellum
1335 465 1554 507 consulem
1590 472 1687 508 ante

138 540 306 589 tempus
335 534 390 576 ad
422 542 616 577 senatum
646 535 699 577 de
728 533 928 577 Caesaris
958 534 1189 591 provinciis
1220 543 1366 578 contra
1393 537 1532 593 legem
1556 537 1686 580 Pom-

137 605 222 661 peii
250 613 292 648 et
319 603 481 648 Crassi.
533 604 831 661 Convenitque
859 621 1037 663 prorsus
1062 607 1219 650 Dionis
1245 609 1566 653 accuratissima
1589 625 1687 652 nar·-

137 677 267 728 ratio,
305 677 378 734 qui
409 685 450 720 et
478 693 514 720 c.
541 678 593 721 33
622 678 719 721 libr.
740 679 962 721 XXXIX
990 686 1214 735 antequam
1243 680 1460 723 Trebonia
1488 681 1559 724 lex
1587 697 1688 738 pro-

139 749 415 806 mulgaretur,
439 751 636 793 consules
656 751 774 807 ipsos
795 752 1009 807 recepisse
1030 752 1173 803 tradit,
1202 768 1247 795 se
1268 753 1394 795 etiam
1415 753 1468 795 de
1488 751 1687 797 Caesaris

138 820 298 864 honore
337 822 518 873 laturos,
566 830 608 865 et
647 838 682 866 c.
720 824 775 866 36
818 824 997 866 dimissa
1034 839 1058 866 a
1098 824 1271 867 tribuno
1313 824 1451 881 plebis
1492 826 1687 868 contione

139 894 336 937 consules
369 910 523 938 novam
562 896 802 938 contionem
843 897 1034 952 coegisse
1071 912 1309 952 novamque
1350 897 1491 952 legem
1531 913 1686 955 propo-

140 966 293 1008 suisse.
336 964 405 1009 Cf.
437 967 563 1009 etiam
593 967 779 1024 Appian.
811 967 908 1010 bell.
941 970 1019 1011 civ.
1037 970 1096 1020 II,
1131 971 1194 1013 118.
1245 969 1368 1023 Quae
1400 984 1497 1011 cum
1514 970 1573 1013 ita
1589 971 1686 1020 sint,

140 1038 320 1081 dubium
352 1039 490 1081 videri
520 1039 671 1090 debet,
712 1056 764 1082 an
798 1041 915 1097 apud
948 1041 1123 1083 Livium
1156 1042 1254 1098 epit.
1290 1040 1395 1092 CV,
1427 1057 1452 1083 a
1482 1057 1566 1097 quo
1593 1043 1687 1085 loco

140 1125 270 1167 supra
302 1111 485 1167 profecti
523 1127 696 1163 sumus,
733 1112 956 1169 probanda
991 1114 1045 1155 sit
1074 1114 1305 1156 auctoritas
1338 1115 1493 1156 veteris
1525 1115 1686 1157 codicis

139 1197 207 1232 ea,
248 1197 357 1238 quae
393 1192 491 1226 sunt
535 1185 708 1226 Caesam·
744 1188 886 1227 Gallia
915 1192 954 1226 et
982 1188 1228 1236 Germania,
1273 1187 1525 1237 omittentis,
1563 1202 1686 1243 prae-

140 1255 286 1297 sertim
323 1270 421 1297 cum
459 1270 541 1297 non
572 1255 733 1308 Gallia,
777 1258 853 1299 sed
887 1256 1052 1300 Galliae
1081 1258 1358 1314 appellandae
1389 1259 1561 1301 fuerint.
1622 1259 1687 1301 Ita

141 1342 242 1370 sane
281 1327 454 1371 maximi
481 1329 597 1371 Livii
626 1344 791 1372 errores
823 1330 1074 1372 tollerentur
1103 1345 1183 1373 nec
1215 1330 1440 1391 quicquam
1471 1331 1685 1387 relinque-

139 1406 270 1450 retur,
312 1400 429 1455 quod
459 1415 544 1442 non
571 1401 696 1457 plane
728 1409 841 1444 esset
870 1417 1032 1444 verum.
1089 1402 1200 1445 Nam
1231 1401 1407 1446 Catonis
1437 1402 1611 1457 quidem
1641 1402 1686 1443 in

139 1471 355 1514 Trebonia
383 1472 480 1529 lege
507 1487 613 1523 eam,
643 1473 697 1516 de
723 1489 808 1529 qua
823 1473 979 1517 Livius
1007 1475 1167 1525 scribit,
1196 1475 1486 1531 pertinaciam,
1513 1475 1557 1516 in
1584 1490 1686 1518 con-

140 1544 271 1586 sulari
305 1545 445 1588 nullas
485 1547 656 1588 omnino
685 1554 827 1603 partes
853 1547 988 1588 fuisse
1018 1547 1174 1589 Dionis
1200 1547 1386 1589 narratio
1411 1547 1686 1590 demonstrat.

140 1614 229 1658 Sed
245 1617 391 1659 nescio
409 1624 548 1661 tamen
566 1633 650 1673 quo
663 1626 789 1675 pacto
803 1618 1141 1661 additamentum
1157 1619 1265 1661 illud
1280 1619 1512 1676 irrepserit,
1528 1620 1686 1675 quippe

140 1689 255 1744 quod
283 1689 422 1731 solum
451 1705 504 1732 ex
533 1690 733 1733 omnibus
762 1689 980 1733 veteribus
1010 1692 1258 1734 auctoribus
1283 1691 1539 1734 Germaniae
1568 1706 1686 1733 men-

140 1760 299 1803 tionem
335 1761 486 1812 faciat,
527 1777 655 1818 quam
684 1762 881 1804 traditam
912 1778 1007 1806 esse
1038 1761 1236 1814 Caesari,
1273 1771 1483 1820 quatenus
1514 1763 1686 1805 omnino

140 1832 249 1874 tradi
280 1833 442 1889 potuit,
479 1834 570 1876 veri
603 1842 668 1877 est
699 1835 972 1877 simillimum.
1032 1835 1219 1878 Videtur
1248 1836 1381 1891 igitur
1411 1835 1455 1877 in
1484 1835 1686 1892 primario

139 1903 212 1946 illo
242 1896 402 1956 codice,
434 1921 487 1947 ex
512 1921 597 1961 quo
626 1907 778 1963 reliqui
806 1915 1053 1958 manarunt,
1096 1908 1309 1965 copiosior
1340 1908 1475 1950 fuisse
1502 1907 1686 1950 narratio

142 1984 184 2018 et
213 1977 426 2020 excidisse
454 1978 616 2034 aliquid
646 1979 773 2021 etiam
798 1980 841 2022 in
869 1980 1160 2023 vetustissimo
1188 1980 1261 2036 qui
1286 1987 1401 2021 extat
1425 1979 1586 2022 codice.

253 2048 343 2091 Sed
378 2050 503 2105 quale
530 2051 661 2092 fuerit
688 2051 797 2093 illud
826 2052 940 2107 quod
970 2052 1184 2095 consulari
1212 2053 1308 2109 lege
1337 2050 1513 2094 Caesari
1540 2052 1687 2094 datum

141 2127 219 2171 est,
244 2121 412 2178 imperii
439 2122 620 2164 alterum
647 2123 986 2178 quinquennium
1010 2139 1060 2166 ac
1083 2139 1168 2183 quo
1192 2132 1380 2180 tempore
1409 2124 1687 2180 descriptum,

142 2207 401 2249 magnopere
429 2194 659 2250 quaeritur.
714 2196 806 2237 Iam
833 2196 943 2251 legis
973 2196 1170 2238 Vatiniae
1201 2196 1341 2246 diem,
1375 2211 1460 2251 quo
1489 2195 1687 2252 superius

141 2265 479 2320 quinquennium
521 2266 667 2308 datum
713 2274 826 2317 erat,
884 2267 1096 2324 incepisse
1140 2267 1367 2310 docuimus
1414 2283 1439 2310 a
1483 2265 1688 2310 Calendis

142 2335 334 2386 Martiis,
363 2344 412 2378 ut
442 2338 593 2379 exierit
623 2336 715 2380 Cal.
744 2338 873 2381 Mart.
903 2338 1003 2380 anni
1033 2339 1110 2381 54:
1155 2354 1285 2394 quare
1317 2354 1415 2381 cum
1446 2337 1688 2387 Caesarem,

143 2407 213 2450 cui
239 2408 360 2464 prius
383 2409 469 2452 lata
500 2410 554 2452 sit
586 2410 822 2452 consularis
853 2410 924 2451 lex
953 2425 1079 2465 quam
1110 2410 1283 2453 Vatinia
1314 2410 1486 2460 exierit,
1525 2415 1689 2452 constet

142 2479 254 2521 inter
281 2480 402 2536 prius
430 2488 471 2523 et
501 2481 612 2523 inter
639 2482 817 2524 alterum
850 2481 1188 2537 quinquennium
1217 2483 1383 2525 nullum
1409 2489 1579 2537 tempus
1611 2480 1688 2522 ha-

143 2551 291 2594 buisse
324 2551 503 2608 imperio
536 2560 650 2595 certa
682 2553 779 2610 lege
807 2553 906 2596 dato
937 2569 1142 2603 vacuum,
1182 2554 1263 2596 tria
1288 2554 1465 2610 cogitari
1493 2559 1688 2609 possunt,

144 2631 217 2665 aut
254 2639 280 2665 a
317 2621 409 2665 Cal.
439 2623 568 2666 Mart.
606 2625 705 2666 anni
735 2625 788 2667 54
827 2633 900 2667 aut
936 2641 961 2668 a
995 2623 1087 2668 Cal.
1116 2627 1208 2668 Ian.
1248 2625 1443 2668 eiusdem
1477 2624 1577 2665 anni
1615 2630 1689 2665 aut

145 2694 329 2750 denique
362 2710 388 2737 a
417 2695 559 2751 priore
597 2695 739 2752 aliquo
781 2697 851 2739 die
890 2698 1071 2740 alterum
1104 2697 1442 2754 quinquennium
1484 2710 1579 2738 esse
1622 2695 1688 2737 in-

145 2774 327 2822 ceptum.
386 2767 474 2809 Iam
503 2767 540 2809 si
567 2765 659 2810 Cal.
687 2768 816 2811 Mart.
847 2769 946 2811 anni
977 2770 1030 2812 54
1068 2770 1160 2812 eius
1198 2769 1366 2810 initium
1405 2768 1505 2817 erit,
1547 2767 1688 2810 exitus

145 2837 191 2879 in
219 2838 391 2880 easdem
420 2835 512 2880 Cal.
540 2839 639 2881 anni
667 2840 720 2883 49
750 2840 931 2892 incidet,
968 2855 1107 2896 neque
1139 2855 1189 2883 ea
1218 2856 1286 2883 res
1316 2840 1405 2882 ullo
1435 2846 1560 2896 pacto
1590 2853 1689 2882 cum

1393 2911 1419 2955 6
