1846 3100
562 141 616 174 De
640 142 888 184 propagatione
915 141 1058 174 civitatis
1084 142 1271 174 Romanae.
1605 141 1682 184 341

141 265 290 294 manae
333 257 423 294 erat
464 249 726 300 retinentior,
765 249 994 306 propagari
1025 256 1137 292 certe
1173 256 1371 307 coeptum
1404 259 1482 303 est,
1517 267 1570 294 ex
1600 267 1686 309 quo

145 323 439 380 Vespasianus
471 322 630 378 quique
662 322 700 363 ei
734 329 1034 364 successerunt
1060 322 1337 378 imperatores
1367 324 1505 380 ipsam
1537 324 1686 367 civita-

140 404 226 438 tem
256 395 476 438 liberalius
504 394 743 451 peregrinis
778 394 947 450 populis
976 395 1302 450 impertiendam
1337 411 1431 439 esse
1460 396 1683 438 intellexe-

139 475 252 510 runt.
304 467 404 521 Quo
434 467 487 510 de
519 481 675 523 genere
696 466 906 522 quaedam
938 482 1080 522 supra,
1111 467 1185 510 ubi
1217 467 1270 510 de
1298 468 1391 510 iure
1412 468 1685 510 Baeticarum

139 540 362 582 civitatum
395 539 726 596 disputavimus,
762 539 953 595 exposita
983 546 1095 581 sunt.
1150 538 1240 581 Sed
1270 540 1382 582 ultra
1408 540 1514 582 haec
1542 555 1685 596 perse-

139 613 212 668 qui
243 626 327 654 non
357 612 494 668 magis
524 611 664 667 placet
695 626 823 667 quam
859 625 943 666 quo
982 618 1171 667 tempore
1204 609 1379 654 Africae
1409 618 1449 653 et
1477 611 1685 655 Graeciae

138 691 180 726 et
207 684 338 726 Asiae
369 690 410 726 et
439 682 717 726 barbararum
746 682 966 725 nationum
1004 683 1197 725 civitates
1237 683 1292 726 ad
1326 690 1519 726 senatum
1549 684 1685 727 hono-

141 771 293 812 resque
335 756 546 798 admissae
590 755 674 797 sint
715 755 954 797 ostendere.
1012 755 1128 797 Illud
1177 755 1352 810 quidem
1397 756 1684 812 perspicimus

139 835 321 870 exeunte
359 829 530 870 saeculo
559 843 601 884 p.
629 825 731 870 Chr.
764 828 896 877 altero
934 842 1031 869 cum
1061 826 1123 869 M.
1151 827 1359 870 Aurelius
1390 827 1685 885 Antoninique

137 901 408 957 imperarent,
439 900 683 956 exaequatis
713 899 823 942 inter
851 914 896 942 se
924 898 1122 942 omnibus
1157 899 1324 943 civibus
1354 900 1559 944 Romanis
1587 902 1684 943 nul-

137 973 229 1015 lum
264 972 446 1029 amplius
478 973 613 1015 fuisse
654 972 723 1014 ius
754 972 964 1014 honorum
1002 972 1272 1028 quorundam
1302 974 1518 1029 peculiare
1528 991 1539 1024 3
1583 990 1684 1017 nam

136 1045 430 1094 iureconsulti,
462 1045 535 1100 qui
563 1045 637 1087 illa
662 1052 796 1087 aetate
828 1044 1104 1101 scripserunt,
1133 1045 1239 1086 nihil
1267 1045 1321 1087 de
1353 1060 1402 1087 eo
1426 1061 1683 1088 commemo-

135 1124 231 1160 rant
262 1117 562 1173 Ulpianusque
592 1117 716 1174 (Dig.
743 1117 778 1169 I,
805 1118 845 1167 9,
880 1118 950 1172 11)
979 1118 1068 1160 sine
1095 1119 1184 1160 ulla
1210 1118 1473 1175 exceptione,
1501 1119 1683 1174 quicun-

137 1205 220 1245 que
261 1198 430 1232 senator
468 1189 690 1233 Romanus
729 1191 772 1232 in
812 1191 955 1247 aliqua
988 1191 1158 1233 civitate
1199 1191 1265 1241 sit,
1305 1206 1405 1233 eum
1431 1191 1683 1234 muneribus

138 1261 469 1319 municipalibus
503 1262 675 1305 liberari
704 1264 841 1306 docet.
899 1263 1113 1306 Effectum
1149 1264 1282 1320 igitur
1320 1270 1423 1307 tunc
1458 1266 1536 1315 est,
1566 1263 1683 1319 quod

135 1334 223 1376 Dio
253 1334 352 1382 LII,
375 1335 423 1377 19
456 1335 745 1378 Maecenatem
775 1335 876 1378 facit
903 1334 1122 1392 Augusto,
1153 1351 1251 1379 cum
1279 1337 1507 1394 imperium
1534 1351 1683 1393 capes-

138 1414 264 1457 seret,
293 1407 545 1450 suadentem
573 1410 665 1454 τούς
691 1424 733 1449 τε
759 1410 1067 1463 γενναιοτάτους
1097 1410 1163 1450 καὶ
1195 1410 1289 1455 τοὺς
1314 1411 1501 1465 ἀρίστους
1526 1410 1620 1454 τούς
1640 1425 1683 1451 τε

135 1481 468 1527 πλουσιωτάτους
512 1483 788 1536 ἀντειςάγαγε,
829 1482 881 1537 μὴ
925 1481 1046 1536 μόνον
1079 1482 1123 1523 ἐκ
1153 1486 1223 1538 τῆς
1247 1482 1432 1534 Ἰταλίας,
1470 1482 1576 1523 ἀλλὰ
1615 1483 1683 1523 καὶ

134 1554 245 1608 παρὰ
275 1556 352 1595 τῶν
386 1555 613 1609 συμμάχων
643 1557 721 1595 τῶν
753 1569 796 1595 τε
828 1554 1018 1608 ὑπηκόων
1043 1555 1340 1608 ἐπιλεξάμενος,
1368 1554 1486 1611 quod
1506 1555 1577 1596 ille
1597 1569 1683 1596 non

134 1623 339 1682 Augusto
378 1626 664 1682 praescripsit,
704 1625 781 1668 sed
822 1625 1020 1668 omnibus
1052 1626 1381 1682 imperatoribus
1415 1626 1683 1683 propositum

135 1698 272 1740 fuisse
302 1698 374 1748 ait,
400 1705 448 1739 ut
471 1697 643 1756 civitate
674 1697 994 1753 honoribusque
1023 1713 1120 1740 cum
1140 1698 1338 1741 omnibus
1358 1699 1682 1741 communicatis

135 1786 270 1812 unum
301 1785 350 1812 ac
376 1770 548 1812 firmum
576 1770 803 1826 imperium
839 1769 1069 1812 efficerent.
1126 1771 1279 1813 Ultimi
1319 1778 1462 1813 autem
1493 1772 1681 1814 omnium

136 1843 389 1886 senatoriam
418 1842 669 1898 dignitatem
694 1841 838 1898 adepti
868 1842 1068 1884 videntur
1091 1858 1185 1885 esse
1204 1843 1501 1894 Alexandrini,
1523 1843 1681 1901 quibus

136 1913 405 1957 Caracallum
444 1915 636 1964 demum,
674 1914 747 1969 qui
792 1913 907 1956 idem
952 1914 1165 1956 civitatem
1203 1914 1439 1957 Romanam
1482 1915 1681 1958 omnibus

133 1987 334 2043 ingenuis
359 1987 604 2043 impertivit,
634 1987 716 2029 hoc
746 1987 815 2028 ius
846 1986 1048 2028 tribuisse
1077 1986 1164 2028 Dio
1191 1986 1269 2037 LI,
1304 1987 1354 2030 17
1389 1987 1549 2030 scribit.

249 2059 341 2103 Sed
369 2060 510 2115 ipsum
541 2059 752 2101 honorum
780 2060 862 2110 ius,
896 2058 1011 2114 quod
1035 2056 1217 2100 Claudio
1246 2059 1480 2116 imperante
1501 2059 1681 2102 Aeduo-

134 2146 230 2173 rum
257 2131 524 2187 principibus
556 2132 703 2174 datum
738 2140 815 2181 est,
848 2131 972 2186 quale
1000 2130 1142 2180 fuerit,
1175 2131 1372 2188 pluribus
1403 2131 1681 2174 consideran-

137 2203 242 2245 dum
273 2210 349 2246 est.
405 2203 521 2246 Num
557 2219 643 2246 uno
675 2204 748 2246 illo
777 2202 1086 2253 continebatur,
1117 2209 1165 2245 ut
1196 2203 1358 2245 aditum
1391 2211 1564 2246 senatus
1592 2203 1680 2246 Ro-

140 2275 254 2317 mani
297 2276 582 2331 patefaceret?
645 2276 830 2319 Videtur
874 2290 974 2317 sane
1017 2275 1062 2316 id
1105 2275 1296 2317 indicare
1337 2275 1538 2326 Tacitus,
1583 2291 1680 2318 cum

138 2353 354 2389 senatores
388 2347 499 2398 illos,
538 2348 612 2404 qui
651 2347 789 2391 Gallis
832 2346 1184 2397 adversabantur,
1226 2347 1287 2389 sic
1326 2346 1517 2390 dicentes
1554 2348 1678 2390 facit:

122 2422 385 2470 fruerentur
413 2434 510 2460 sane
539 2420 731 2461 vocabulo
761 2423 951 2471 civitatis,
984 2422 1167 2472 insignia
1192 2426 1380 2472 patrum,
1417 2421 1563 2461 decora
1594 2435 1681 2461 ma-

131 2494 387 2544 gistratuum
414 2505 466 2531 ne
491 2494 724 2545 vulgarent,
751 2492 826 2548 qui
859 2492 894 2534 si
922 2491 1028 2548 quid
1059 2491 1186 2532 etiam
1216 2490 1334 2532 aliud
1363 2490 1407 2531 in
1438 2505 1488 2532 eo
1513 2491 1679 2541 fuisset,

131 2563 336 2611 «videntur
366 2562 517 2605 afferre
548 2563 764 2606 debuisse.
819 2564 969 2606 Fuerit
999 2562 1132 2618 igitur
1161 2562 1242 2604 hoc
1272 2562 1354 2604 tale
1385 2560 1570 2604 Claudio
1600 2562 1680 2604 im-

135 2641 342 2691 peratore,
376 2635 453 2676 sed
484 2650 538 2677 an
567 2641 662 2677 ante
695 2650 792 2677 eum
825 2636 963 2678 maius
998 2634 1127 2677 fuerit
1158 2649 1207 2676 ac
1242 2633 1366 2690 plura
1403 2633 1680 2690 comprehen-

136 2706 258 2756 derit,
289 2721 546 2763 magnopere
573 2708 803 2763 quaeritur.
848 2707 1009 2762 Quare,
1035 2713 1084 2748 ut
1112 2706 1166 2748 ab
1192 2706 1396 2762 Augusto
1423 2713 1464 2748 et
1495 2703 1680 2747 Claudio

137 2779 192 2821 ad
218 2778 462 2820 inferiorem
489 2778 792 2835 imperatorum
812 2786 990 2822 aetatem
1013 2778 1316 2835 processimus,
1349 2777 1407 2819 ita
1435 2777 1681 2820 faciendum

139 2865 233 2893 esse
260 2857 479 2907 putamus,
507 2857 554 2892 ut
581 2851 635 2894 ad
662 2851 900 2906 antiquiora
928 2858 1117 2908 tempora
1143 2848 1450 2905 regrediamur,
1469 2849 1681 2905 numquid
