1846 3100
142 148 224 191 294
550 153 605 185 De
630 152 767 193 legibus
794 152 1058 194 municipalibus
1082 151 1288 194 Hispanicis.
1315 182 1317 184 ,

142 262 444 316 τεσσαράκοντα
484 261 657 302 σταδίων
697 260 808 313 παρὰ
838 261 907 315 τὴν
941 260 1138 315 ἐσομένην
1169 264 1260 315 περὶ
1288 264 1415 304 τῶνδε
1443 267 1522 304 τῶν
1553 263 1688 317 νόμων

141 334 409 388 χειροτονίαν,
452 333 569 388 quod
610 340 827 387 tamquam
868 340 1170 387 argumentum
1208 333 1381 389 aliquod
1421 335 1597 377 affertur
1636 334 1690 377 ab

144 404 287 446 Ioach.
323 404 590 460 Marquardt.
621 403 769 458 Antiq.
801 404 924 447 Rom.
952 405 1011 453 II,
1045 404 1068 445 33
1103 419 1141 460 p.
1163 405 1246 447 50⁴?
1305 405 1518 449 Nimirum
1547 407 1690 448 Latini

145 477 361 532 ceterique
391 477 495 519 socii
526 477 648 532 quasi
685 476 800 531 quod
829 476 1048 518 ferebatur
1077 477 1160 519 iam
1193 478 1402 533 perlatum
1434 488 1560 529 esset,
1590 493 1691 521 con-

141 547 333 590 fluebant
349 548 391 589 in
417 548 582 599 urbem,
606 557 654 589 ut
679 563 763 589 non
795 548 837 589 in
869 563 954 589 una
973 549 1043 590 illa
1069 564 1177 603 quae
1205 549 1372 592 Latinis
1395 552 1487 593 iure
1508 551 1692 608 patebat,

146 620 221 662 sed
261 621 303 662 in
336 621 512 676 reliquis
544 635 712 675 quoque
748 619 948 662 tribubus
982 620 1235 676 suffragium
1266 622 1437 672 ferrent,
1468 622 1692 678 perturba-

143 692 245 734 bant
274 693 468 735 ordinem
499 692 779 741 comitiorum,
811 707 864 733 ne
893 691 946 733 ab
978 692 1048 734 illo
1067 693 1240 748 quidem
1268 694 1566 746 abhorrebant,
1590 695 1692 751 quin

146 764 186 806 vi
213 780 262 806 ac
290 765 563 807 multitudine
585 765 854 807 adversarios
875 764 1151 807 deterrerent.
1195 765 1306 807 Tum
1331 767 1529 810 consules
1547 767 1693 810 edixe-

143 846 263 887 runt,
307 853 382 888 ne,
425 837 584 893 quibus
629 852 711 879 non
759 837 908 879 liceret
948 837 1130 879 comitiis
1176 838 1398 888 interesse,
1445 839 1500 881 ad
1546 838 1692 882 urbem

145 910 553 966 appropinquarent:
585 925 670 965 quo
692 909 832 951 edicto
861 924 945 951 non
964 909 1124 951 incolas
1148 909 1265 952 urbis
1289 910 1481 959 Latinos,
1503 910 1580 953 sed
1596 911 1694 953 reli-

142 997 264 1036 quos,
304 981 376 1036 qui
407 981 790 1024 disturbandorum
829 981 1133 1038 suffragiorum
1165 997 1294 1024 causa
1329 993 1545 1033 venerant,
1575 997 1694 1025 arce—

146 1053 258 1098 bant.
315 1051 590 1095 Conveniunt
630 1061 773 1095 autem
816 1068 914 1095 cum
948 1053 1015 1096 his
1058 1068 1247 1109 prorsus,
1285 1070 1394 1110 quae
1435 1055 1694 1098 Plutarchus

145 1126 198 1168 de
237 1124 287 1168 C.
318 1125 507 1169 Gracchi
547 1126 788 1169 actionibus
828 1126 981 1176 tradit;
1028 1142 1126 1168 nam
1168 1127 1350 1183 primum
1383 1141 1419 1169 c.
1449 1128 1474 1170 8
1510 1142 1695 1170 comme-

143 1207 331 1240 moratur
366 1199 459 1240 eius
502 1198 626 1253 νόμος
665 1199 919 1254 συμμαχικὸς
961 1199 1191 1254 ἰσοψήφους
1225 1203 1352 1240 ποιῶν
1390 1203 1474 1245 τοῖς
1514 1200 1696 1244 πολίταις

142 1271 237 1316 τοὺς
269 1270 515 1320 Ἰταλιώτας,
553 1276 646 1312 tum
679 1285 714 1313 c.
746 1269 772 1312 9
810 1278 898 1312 est:
942 1272 962 1312 ὁ
995 1271 1065 1325 μὲν
1101 1269 1369 1328 (Gracchus)
1402 1274 1484 1316 τοῖς
1513 1271 1696 1316 Λατίνοις

145 1343 366 1399 ἰσοψηφίαν
407 1342 544 1387 διδοὺς
577 1343 731 1392 ἐλύπει,
764 1342 949 1398 denique
982 1357 1018 1385 c.
1053 1342 1118 1392 12,
1146 1343 1222 1385 ubi
1260 1343 1428 1385 comitia
1456 1350 1696 1392 narrantur,

144 1414 271 1470 ὄχλου
306 1414 351 1455 δὲ
382 1415 638 1470 πανταχόθεν
673 1413 785 1470 αὐτῷ
810 1414 1027 1467 συνιόντος,
1060 1414 1218 1456 ἔπεισεν
1250 1417 1274 1470 ἡ
1306 1416 1434 1471 βουλὴ
1457 1417 1522 1459 τὸν
1545 1416 1694 1456 ὕπατον

145 1487 319 1527 Φάννιον
356 1486 543 1542 ἐκβαλεῖν
576 1487 670 1531 τοὺς
698 1486 850 1532 ἄλλους
876 1488 980 1541 πλὴν
1005 1486 1228 1542 Ῥωμαίων
1265 1490 1456 1539 ἅπαντας,
1486 1501 1571 1542 quo
1600 1486 1695 1529 loco

143 1558 325 1601 Romani
368 1573 453 1600 non
503 1556 658 1600 debent
699 1558 880 1614 intelligi
920 1559 1038 1601 cives
1085 1560 1288 1610 Romani,
1325 1559 1402 1602 sed
1438 1574 1584 1602 omnes
1621 1559 1694 1615 qui

140 1631 303 1673 Romae
343 1630 604 1680 habitabant,
649 1630 739 1672 sive
780 1630 895 1673 cives
933 1631 1115 1674 Romani
1156 1632 1245 1674 sive
1277 1632 1419 1674 Latini
1452 1631 1542 1674 sive
1574 1631 1695 1692 denis

141 1718 224 1758 que
264 1703 479 1760 peregrini
518 1711 650 1752 erant,
690 1718 798 1758 quos
837 1703 1019 1746 comitiis
1063 1704 1278 1760 prohiberi
1307 1705 1469 1746 iustum
1506 1712 1609 1754 erat,
1643 1719 1696 1746 ex

141 1775 250 1817 urbe
290 1774 445 1831 expelli
488 1774 820 1829 iniquissimum.
873 1776 941 1818 Ac
972 1792 1025 1818 ne
1056 1777 1167 1831 quis,
1199 1777 1314 1831 quod
1344 1776 1597 1818 Latinorum
1626 1775 1695 1817 ius

143 1846 197 1888 de
238 1846 454 1902 suffragiis
497 1846 685 1888 ferendis
727 1845 777 1889 C.
817 1845 1004 1890 Gracchi
1044 1858 1235 1904 tempore
1278 1848 1414 1890 fuisse
1454 1848 1695 1897 docuimus,

141 1926 215 1960 aut
264 1919 382 1974 quod
435 1919 635 1961 consules
693 1919 748 1960 ad
800 1920 1067 1962 comitiorum
1113 1921 1306 1962 ordinem
1354 1920 1696 1962 conservandum

143 1991 330 2033 edixisse
348 1999 588 2041 narrantur,
602 2006 751 2033 recens
765 2001 978 2048 repertum
995 2007 1089 2034 esse
1106 1992 1332 2042 existimet,
1351 1993 1688 2035 vetustissimum

143 2071 374 2119 utrumque
405 2063 540 2105 fuisse
569 2064 756 2105 ostendit
783 2064 966 2119 Dionys.
1000 2063 1146 2119 Antiq.
1181 2064 1303 2114 VIII,
1330 2064 1400 2114 72,
1431 2065 1504 2120 qui
1535 2065 1588 2107 de
1617 2063 1694 2123 Sp,
1732 2080 1735 2082 ·

144 2134 286 2178 Cassii
315 2135 411 2191 lege
435 2135 604 2190 agraria
621 2136 683 2178 sic
703 2137 877 2178 referet:
911 2136 1235 2191 ἐπραγματεύετο
1259 2137 1324 2192 βίᾳ
1345 2138 1411 2178 καὶ
1429 2138 1695 2192 χειροκρασίᾳ

142 2213 326 2263 κυρῶσαι
374 2210 438 2249 τὸν
483 2208 624 2263 νόμον,
663 2209 728 2249 καὶ
779 2208 1057 2263 μετεπέμπετο
1099 2209 1278 2248 Λατίνων
1315 2224 1356 2248 τε
1400 2209 1466 2249 καὶ
1497 2207 1693 2264 Ἑρνίκων

144 2279 266 2324 ὅσους
310 2280 479 2321 ἐδύνατο
523 2281 735 2325 πλείστους
775 2281 839 2321 ἐπὶ
879 2282 947 2334 τὴν
998 2280 1288 2334 ψηφοφορίαν·
1322 2281 1360 2320 οἱ
1407 2281 1452 2321 δὲ
1490 2281 1691 2335 συνῄεσαν

147 2351 292 2406 ἀθρόοι
322 2353 387 2391 καὶ
419 2351 462 2392 δι’
498 2352 635 2405 ὀλίγου
670 2354 793 2406 μεστὴ
828 2352 951 2397 ξένων
978 2351 1027 2406 ἦν
1048 2353 1070 2404 ἡ
1095 2350 1223 2394 πόλις.
1252 2355 1377 2392 ταῦτα
1401 2354 1544 2406 μαθὼν
1567 2350 1692 2406 Οὐερ·

143 2423 265 2477 γίνιος
307 2423 434 2478 (alter
480 2424 650 2478 consul)
697 2424 900 2478 κηρύττειν
950 2423 1141 2463 ἐκέλευσε
1188 2424 1289 2464 κατὰ
1329 2425 1422 2469 τοὺς
1463 2424 1694 2468 στενωποὺς

145 2494 306 2535 ἀπιέναι
337 2496 430 2540 τοὺς
463 2496 516 2550 μὴ
553 2499 839 2540 κατοικοῦντας
872 2496 912 2535 ἐν
946 2499 992 2549 τῇ
1017 2495 1134 2535 πόλει
1155 2495 1302 2550 χρόνον
1326 2497 1464 2550 ὁρίσας
1483 2495 1530 2536 οὐ
1550 2494 1690 2536 πολύν.

146 2565 300 2607 Nonne
341 2566 453 2608 enim
493 2567 601 2608 illud
633 2567 790 2623 ipsum,
821 2567 936 2622 quod
969 2566 1228 2620 quaerimus,
1260 2567 1317 2608 ait
1348 2567 1599 2622 Dionysius,
1637 2566 1691 2608 ad

147 2638 401 2694 suffragium
433 2638 657 2680 ferendum
683 2639 861 2681 Latinos
889 2647 929 2680 et
955 2638 1170 2680 Hernicos
1188 2638 1366 2680 Romam
1392 2639 1548 2681 accitos
1569 2638 1692 2680 esse?

147 2709 379 2752 Habebant
404 2711 539 2766 igitur
567 2711 649 2754 iam
681 2719 771 2753 tum
798 2711 906 2752 illud
938 2710 1020 2759 ius,
1053 2711 1128 2752 sed
1156 2711 1214 2753 ita
1240 2719 1286 2751 ut
1310 2710 1487 2752 Romam
1517 2710 1691 2752 commi-

146 2789 320 2837 grarent
348 2782 493 2837 ibique
521 2783 784 2826 domicilium
817 2798 942 2824 suum
976 2783 1253 2832 eolloea1·ent;
1294 2798 1425 2838 quare
1456 2783 1690 2839 Verginius

147 2868 316 2904 omnes,
355 2855 428 2909 qui
470 2870 554 2896 non
593 2855 834 2897 habitarent
866 2855 1042 2904 Romae,
1077 2870 1130 2896 ex
1166 2854 1274 2897 urbe
1316 2855 1515 2897 secedere
1551 2854 1690 2896 iussit.
