1846 3100
582 153 635 185 De
663 153 835 186 dictatoris
861 152 1017 187 Caesaris
1045 155 1242 188 honoribus.
1602 153 1682 198 227

141 275 240 303 cum
270 261 329 303 ita
355 261 451 310 sint,
480 261 581 316 quin
610 260 665 314 Q.
685 261 848 303 Fabius
878 270 918 303 et
941 261 991 304 C.
1008 262 1250 305 Trebonius
1279 263 1408 306 huius
1436 265 1534 307 anni
1567 266 1684 308 exitu

140 333 410 375 consulatum
447 332 680 388 gesserint,
722 333 910 375 dubitari
949 335 1109 389 nequit.
1173 335 1241 376 Illi
1273 343 1415 378 autem
1445 337 1554 393 prid.
1585 338 1684 380 Kal.

138 404 228 446 Ian.
267 405 411 448 subita
445 413 578 447 morte
615 405 800 447 extincto
834 406 1039 447 suffectus
1071 414 1134 448 est
1166 405 1216 448 C.
1247 405 1454 451 Caninius
1480 409 1682 453 Rebilus:

137 484 238 518 nota
266 492 335 519 res
366 484 430 519 est
458 477 650 532 iocisque
681 492 778 519 cum
806 477 1007 528 aliorum,
1047 486 1136 520 tum
1168 477 1389 539 Ciceronis
1428 482 1551 537 epist.
1583 483 1683 533 VII,

140 548 193 591 30
223 549 338 591 dicto
369 549 592 591 celebrata.
645 549 796 604 Itaque
824 549 868 590 in
895 549 1060 599 tabula,
1091 565 1200 605 quae
1231 550 1454 596 Colotiana
1481 555 1684 610 appellari

138 620 267 671 solet,
303 621 408 663 haec
447 622 505 663 ita
537 621 775 677 perscripta
813 630 932 671 sunt,
978 630 1027 664 ut
1063 620 1238 665 Caesari
1276 632 1475 678 quartum
1518 627 1684 669 consuli

138 691 456 749 subiungantur
487 693 655 735 suffecti
685 692 740 746 Q.
769 693 931 735 Fabius
959 694 1178 737 Maximus
1211 693 1262 737 C.
1293 696 1559 749 Trebonius,
1591 707 1683 741 tum

135 763 197 805 illi
228 762 279 806 C.
307 763 515 807 Caninius
545 765 739 807 Rebilus.
800 766 861 807 At
889 766 934 807 in
962 765 1215 823 Capitolinis
1251 769 1372 811 fastis
1411 770 1683 814 memorabile

136 850 312 890 prorsus
348 836 481 887 duco,
522 852 607 893 quo
636 845 761 893 pacto
793 838 923 881 huius
956 839 1054 881 anni
1086 841 1283 883 consules
1314 842 1460 897 scripti
1491 842 1575 884 sint
1602 843 1681 885 im-

134 907 370 963 primisque
397 909 613 965 quomodo
637 910 857 952 interiecta
885 911 939 952 sit
968 911 1040 953 illa
1064 912 1249 954 formula
1271 912 1493 955 EODEM
1513 913 1680 957 ANNO

139 986 179 1021 et
208 980 251 1021 in
283 980 412 1023 huius
441 982 540 1023 anni
569 981 891 1037 magistratibus
924 991 965 1036 et
995 991 1058 1025 ter
1087 1000 1226 1036 supra,
1244 1000 1360 1042 ‘quae
1380 986 1565 1029 formula
1585 1002 1682 1028 cum

135 1052 277 1095 minus
288 1061 402 1095 recte
416 1053 739 1110 intelligeretur,
755 1054 962 1109 quosdam
980 1055 1023 1096 in
1043 1071 1225 1098 errorem
1247 1057 1419 1098 videtur
1433 1058 1682 1108 deduxisse,

134 1131 183 1165 ut
214 1125 413 1167 consules
443 1126 646 1168 suffectos
676 1141 761 1168 non
793 1126 907 1177 huic,
941 1127 1017 1168 sed
1049 1129 1242 1183 proximo
1272 1129 1539 1172 antecedenti
1571 1146 1681 1173 anno

133 1196 382 1239 tribuerent.
426 1190 669 1255 Singularis
696 1199 808 1241 enim
840 1214 889 1241 ea
919 1200 1103 1242 formula
1126 1208 1191 1242 est
1207 1216 1346 1256 neque
1367 1201 1411 1243 in
1430 1203 1680 1258 fragmentis

91 1286 94 1287 ⁷
134 1269 344 1311 fastorum
374 1268 714 1327 Capitolinorum
742 1287 924 1327 usquam
950 1280 1117 1328 praeter
1144 1274 1260 1316 hunc
1284 1274 1425 1316 locum
1450 1274 1680 1325 invenitur,

135 1350 366 1397 usurpatur
397 1351 540 1386 autem
569 1344 613 1386 in
643 1345 725 1386 hoc
754 1345 994 1400 fragmento
1024 1346 1103 1396 ita,
1138 1354 1185 1388 ut·
1217 1354 1290 1389 aut
1319 1354 1468 1388 contra
1498 1361 1680 1388 consue-

134 1413 327 1456 tudinem
355 1415 533 1457 aliorum
563 1430 771 1458 annorum
805 1423 878 1458 aut
906 1431 1059 1472 parum
1088 1417 1202 1460 recte
1232 1419 1399 1461 adiecta
1430 1434 1525 1461 esse
1557 1418 1679 1460 vide-

133 1492 241 1527 atur.
306 1485 416 1528 Nam
455 1487 567 1529 inter
601 1488 799 1530 consules
838 1489 938 1530 anni
967 1489 1019 1531 49
1053 1497 1094 1531 et
1123 1490 1234 1532 inter
1265 1491 1445 1546 primam
1479 1488 1679 1532 Caesaris

134 1556 388 1600 dictaturam
416 1559 521 1615 quid
548 1559 753 1602 attinebat
781 1560 965 1602 interiici
991 1559 1214 1603 EODEM
1233 1561 1434 1604 ANNO?
1475 1562 1559 1604 Tot
1579 1563 1679 1604 facti

134 1637 234 1670 sunt
271 1630 500 1673 dictatores
540 1632 608 1674 vel
648 1632 726 1674 soli
767 1633 835 1674 vel
870 1648 968 1674 cum
997 1633 1213 1689 magistris
1243 1633 1455 1689 equitum,
1498 1648 1678 1689 quorum

133 1702 316 1752 nomina,
347 1717 444 1744 cum
471 1718 608 1745 annus
638 1703 846 1746 habuerat
871 1705 1083 1754 consules,
1109 1706 1227 1748 nulla
1251 1707 1435 1749 formula
1460 1706 1680 1748 interiecta

133 1773 408 1825 adiiciuntur,
436 1789 531 1817 cum
555 1783 748 1818 caruerat
767 1777 1032 1827 consulibus,
1062 1778 1108 1819 id
1125 1778 1267 1834 ipsum
1287 1778 1348 1820 sic
1365 1777 1676 1821 ascribebatur:

131 1847 205 1886 hoc
237 1861 349 1887 anno
385 1849 563 1888 dictator·
601 1854 639 1887 et
674 1852 870 1901 magister
901 1865 957 1902 eq.
995 1853 1082 1891 sine
1117 1865 1181 1891 cos
1213 1854 1404 1902 ficerunt
1437 1852 1568 1907 (anno
1597 1849 1676 1893 309

132 1932 169 1958 a.
197 1916 322 1973 Chr.)
353 1917 604 1962 Simillimus
633 1920 741 1962 adeo
774 1928 838 1962 est
868 1936 1005 1964 annus
1037 1922 1091 1965 82
1122 1938 1158 1964 a.
1190 1920 1307 1972 Chr„
1343 1937 1442 1964 cum
1471 1922 1572 1964 item
1600 1923 1677 1965 ad-

133 2003 353 2032 versarum
381 1991 566 2046 partium
596 1992 847 2034 consulibus
875 1994 1058 2048 primum
1087 1995 1292 2051 expulsis,
1322 2002 1411 2036 tum
1441 1994 1596 2036 occisis
1624 1994 1676 2036 L.

134 2061 257 2103 Sulla
284 2062 466 2105 dictator
491 2072 724 2120 perpetuus
750 2066 891 2107 factus
920 2074 998 2116 est,
1028 2067 1151 2109 cuius
1176 2082 1330 2110 nomen
1355 2067 1446 2109 sine
1467 2067 1554 2109 ulla
1570 2074 1677 2109 tem-

130 2133 245 2188 poris
277 2134 584 2190 significatione
617 2136 866 2187 subiicitur3
909 2139 1064 2180 etenim
1091 2139 1290 2194 quoniam
1318 2154 1485 2188 versus,
1516 2139 1561 2179 in
1590 2153 1677 2193 quo

132 2212 210 2254 est,
240 2206 464 2262 paululum
493 2208 606 2250 intra
629 2209 816 2263 reliquos
837 2224 988 2252 versus
1008 2210 1309 2260 reducebatur,
1335 2225 1546 2253 annorum
1564 2210 1677 2252 iusta

131 2279 382 2329 numeratio,
411 2281 659 2334 praesertim
685 2296 794 2336 quae
824 2282 1030 2338 appositis
1059 2297 1134 2338 per
1162 2283 1296 2324 denos
1323 2297 1456 2324 annos
1486 2283 1675 2324 numeris

132 2349 431 2402 adiuvaretur‚
464 2353 569 2395 nihil
598 2353 925 2409 impediebatur.
983 2354 1106 2396 Idem
1134 2355 1267 2410 igitur
1297 2369 1374 2396 cur
1397 2369 1484 2395 non
1514 2355 1674 2396 factum

132 2429 196 2463 est
226 2422 270 2464 in
301 2421 508 2475 Caesare,
542 2426 665 2468 cuius
698 2426 909 2468 dictatura
935 2426 1036 2467 item
1067 2441 1197 2468 versu
1227 2425 1354 2482 paulo
1380 2424 1575 2468 breviore
1607 2427 1675 2468 vel

131 2495 273 2550 potius
304 2496 547 2539 reductiore
578 2498 891 2540 contineretur?
941 2498 1059 2540 Nihil
1091 2497 1258 2553 reperio
1286 2497 1485 2552 equidem
1509 2505 1676 2554 praeter

130 2568 447 2623 perspicuitatis
486 2584 658 2612 causam
700 2578 742 2613 et
779 2571 973 2613 inutilem
1010 2577 1052 2612 et
1088 2570 1141 2612 ab
1179 2569 1437 2624 reliquorum
1468 2585 1674 2612 annorum

131 2653 246 2681 more
281 2640 483 2691 alienam,
526 2657 663 2697 neque
698 2643 742 2684 in
781 2642 863 2685 hoc
888 2644 1002 2699 ipso,
1043 2641 1160 2698 quod
1191 2640 1244 2682 de
1273 2638 1471 2683 Caesaris
1501 2641 1674 2684 honori-

131 2709 213 2752 bus
251 2721 335 2762 est,
377 2715 616 2770 fragmento
659 2715 760 2757 satis
793 2722 1069 2757 constantem.
1126 2713 1235 2755 Nam
1265 2727 1374 2754 anno
1401 2713 1453 2754 45
1484 2720 1676 2768 coeptam

132 2797 226 2825 esse
266 2792 460 2839 quartam
502 2786 756 2829 dictaturam
794 2786 906 2829 infra
941 2786 1240 2835 ostendemus,
1291 2785 1414 2826 cuius
1451 2784 1551 2826 anni
1590 2785 1675 2827 iam

133 2857 379 2898 consulatus
406 2859 632 2914 perscripti
661 2867 803 2901 erant:
847 2873 979 2914 quare
1008 2857 1257 2901 addendum
1286 2863 1374 2898 erat
1399 2858 1534 2898 eodem
1562 2871 1675 2898 anno

1322 2930 1410 2972 15*
