1846 3100
590 101 645 134 De
679 100 791 134 Gallia
815 101 1049 134 Romanorum
1083 102 1266 144 provincia.
1649 101 1702 143 55

153 226 238 267 quo
271 210 327 265 Q.
360 211 575 255 Marcium
603 212 769 269 Regem
801 218 966 255 constat
1009 212 1053 254 in
1090 210 1288 255 Ciliciam
1328 227 1423 254 esse
1461 213 1704 268 profectum

153 283 289 335 (Plut.
319 283 428 326 Luc.
463 284 538 334 353
569 284 668 326 Liv.
700 285 798 341 epit,
831 282 1055 335 XCVIII;
1095 285 1182 326 Dio
1214 284 1423 335 XXXV,
1460 284 1543 339 14),
1575 284 1703 327 colle-

154 370 255 412 gam
281 356 373 398 eius
402 355 455 397 L.
488 354 725 398 Caecilium
757 357 982 399 Metellum
1009 356 1129 398 initio
1158 357 1434 413 magistratus
1462 357 1530 399 sui
1559 357 1702 400 obisse

152 442 232 470 nec
263 442 557 470 successorem
585 428 804 483 accepisse
830 435 976 471 narrat.
1005 428 1092 470 Dio
1122 427 1246 472 Cass.
1273 429 1479 479 XXXV,
1511 429 1549 471 4.
1609 428 1704 471 Nisi

152 500 261 542 forte
297 507 411 549 tum,
452 500 552 555 quia
581 501 841 543 Hortensius
880 500 980 543 belli
1019 501 1161 543 minus
1193 494 1383 557 'cupidus
1425 508 1514 544 erat
1549 517 1702 558 resque

153 571 340 614 urbanas
369 572 659 628 praeferebat,
699 573 885 628 praetori
920 573 1048 615 alicui
1078 573 1226 615 Italiae
1258 589 1361 616 cura
1391 573 1591 616 mandata
1625 581 1701 616 est.

153 645 213 686 At
247 658 359 687 anno
388 644 440 686 67
469 659 506 686 a.
532 641 635 685 Chr.
664 644 798 686 everti
830 644 1003 686 videtur
1029 645 1114 695 illa,
1146 660 1255 700 quae
1282 661 1307 687 a
1331 645 1455 688 nobis
1482 646 1704 702 proposita

153 722 218 758 est
258 716 352 766 lex,
404 722 451 758 ut
497 716 723 758 consulum
760 715 867 758 alter
906 716 1072 759 Italiam
1113 717 1336 773 acciperet.
1396 717 1548 772 Neque
1589 718 1702 760 enim

156 787 284 830 modo
325 787 402 829 M.’
432 785 623 830 Acilium
661 787 941 830 Glabrionem
981 788 1140 830 scimus
1180 789 1376 831 sortitum
1415 804 1510 831 esse
1549 789 1701 832 Asiam

154 875 251 902 cum
279 859 482 915 Bithynia
509 859 617 917 (Dio
644 859 850 909 XXXV,
889 854 982 914 14),
1023 875 1172 902 verum
1211 861 1338 904 etiam
1373 861 1581 918 collegam
1608 861 1701 904 cius

154 929 204 974 C,
236 929 520 987 Calpurnium
549 931 753 974 Pisonem
781 932 897 974 idem
926 933 1015 974 Dio
1041 933 1270 983 XXXVI,
1300 933 1353 975 ‘20
1382 934 1512 975 refert
1534 933 1701 975 Narbo-

154 1019 330 1046 nensem
362 1003 547 1046 Galliam
578 1005 796 1060 accepisse
828 1004 1101 1060 provinciam.
1148 1005 1438 1048 Veruntamen
1470 1005 1700 1061 singularis

153 1091 330 1132 prorsus
366 1077 458 1118 eius
499 1076 598 1117 anni
632 1076 714 1118 fuit
755 1076 875 1118 ratio.
934 1076 1047 1120 Lata
1075 1078 1187 1119 enim
1224 1092 1272 1119 eo
1301 1084 1366 1119 est
1403 1077 1473 1119 lex
1500 1075 1700 1127 Gabinia,

152 1163 238 1203 qua
266 1145 347 1190 Cn.
375 1148 582 1204 Pompeio
623 1148 723 1191 belli
768 1148 936 1204 piratici
977 1149 1157 1205 gerendi
1194 1164 1324 1191 causa
1364 1149 1529 1192 infinita
1567 1165 1701 1207 prope

152 1228 342 1277 potestas
368 1221 508 1262 delata
536 1228 614 1271 est,
646 1235 755 1275 quac
781 1236 868 1262 non
899 1227 1064 1263 tantum
1093 1236 1263 1263 omnem
1283 1236 1401 1263 oram
1433 1222 1700 1273 maritimam,

150 1293 196 1335 in
225 1309 311 1349 qua
342 1309 487 1350 parem
520 1300 773 1350 potestatem
801 1308 851 1335 ac
875 1293 1189 1349 provinciarum
1205 1294 1484 1350 proconsules
1512 1293 1700 1345 haberet,

131 1363 135 1367 ’
153 1365 230 1407 sed
251 1366 377 1407 etiam
392 1365 558 1408 ltaliam
577 1367 823 1408 universam
841 1364 1214 1422 complectebatur,
1244 1382 1374 1422 quam
1402 1366 1447 1408 in
1470 1367 1701 1409 triennium

153 1452 250 1480 cum
266 1438 560 1494 proconsulari
576 1444 786 1494 potestate
807 1438 982 1493 accepit.
1013 1438 1066 1479 Id
1081 1445 1123 1480 et
1136 1439 1224 1480 Dio
1240 1437 1363 1481 Cass.
1383 1437 1612 1487 XXXVI,
1631 1437 1699 1487 20,

151 1510 349 1566 quamvis
369 1510 544 1552 mutilus
572 1510 625 1552 sit
652 1510 788 1558 locus,
816 1517 960 1565 aperte
985 1509 1115 1552 tradit
1145 1518 1185 1552 ct
1213 1525 1389 1553 necesse
1414 1511 1550 1552 fuisse
1568 1525 1700 1566 appa-

151 1590 240 1632 ret;
271 1582 427 1624 etenim
447 1581 529 1623 nisi
548 1596 598 1623 ea
622 1588 831 1637 potestate
848 1589 1084 1632 ornaretur,
1116 1582 1218 1624 satis
1248 1597 1452 1638 magnum
1478 1582 1548 1624 ille
1578 1597 1700 1624 exer-

150 1653 281 1696 citum
299 1653 501 1710 colligere
523 1668 609 1694 non
625 1653 787 1709 potuit3
819 1653 1129 1710 conscripsisse
1158 1661 1302 1695 autem
1329 1661 1526 1696 narratur
1545 1653 1700 1710 viginti

149 1725 266 1767 milia
303 1725 498 1781 peditum
524 1725 659 1782 (Plut.
687 1725 840 1780 Pomp.
871 1739 908 1767 c.
940 1724 1028 1781 26).
1095 1724 1268 1768 Peribat
1306 1726 1442 1782 igitur
1484 1725 1565 1768 hac
1603 1726 1699 1782 lege

149 1797 325 1839 alterius
363 1797 552 1840 consulis
586 1797 807 1852 provincia
836 1811 970 1853 prope
1006 1804 1093 1839 tota
1130 1813 1207 1839 nec
1230 1798 1438 1854 Pompeio
1476 1797 1581 1854 ipsi,
1624 1797 1699 1853 qui

149 1877 252 1912 tunc
280 1870 514 1927 plurimum
544 1869 706 1912 Romae
736 1868 926 1919 valebat,
967 1875 1138 1925 gratum
1168 1885 1263 1912 esse
1297 1876 1482 1926 poterat,
1521 1870 1701 1911 alterum

149 1957 333 1998 eumque
371 1942 592 1984 consulem
632 1941 726 1997 pari
765 1957 912 1984 secum
948 1941 993 1983 in
1019 1941 1143 1983 Italia
1181 1957 1276 1984 esse
1316 1948 1538 1998 potestate.
1593 1941 1699 1983 Ideo

150 2011 200 2055 C.
232 2013 381 2056 Pisoni
421 2014 571 2056 eadem
615 2014 711 2070 lege
746 2013 934 2057 Gabinia
977 2020 1098 2056 extra
1140 2013 1334 2056 ordinem
1376 2011 1699 2055 Narbonensem

150 2085 335 2128 Galliam
364 2085 576 2127 redditam
605 2100 700 2128 esse
736 2086 928 2128 coniicio.
985 2085 1129 2139 Quam
1154 2100 1253 2128 cum
1278 2078 1322 2127 in²
1350 2086 1444 2142 ipso
1474 2085 1699 2128 consulatu

149 2157 346 2213 quamvis
375 2158 420 2199 in
446 2157 552 2200 urbe
582 2165 929 2208 commoraretur,
961 2158 1137 2209 adisset,
1167 2157 1375 2214 impedire
1406 2154 1486 2199 Cn.
1503 2157 1700 2213 Pompeii

150 2230 194 2272 in
224 2229 368 2272 Gallia
394 2229 664 2272 Narbonensi
694 2230 877 2272 dilectus
909 2230 1049 2286 coepit
1077 2230 1186 2287 (Dio
1216 2229 1444 2279 XXXVI,
1476 2229 1551 2279 213
1582 2229 1698 2271 Plut.

149 2302 302 2357 Pomp.
331 2316 367 2343 c.
384 2301 472 2357 27),
500 2316 629 2357 quam
649 2301 704 2344 ob
730 2316 817 2343 rem
837 2308 1064 2344 accusatus
1086 2301 1202 2357 apud
1231 2301 1439 2358 populum
1467 2301 1700 2343 excidisset

150 2373 416 2430 magistratu,
458 2373 541 2416 nisi
569 2374 664 2430 ipso
687 2373 895 2430 Pompeio
926 2373 1182 2429 deprecante
1215 2374 1418 2415 dimissus
1447 2379 1574 2415 esset.
1629 2372 1699 2414 Ex

150 2460 236 2499 qua
254 2445 558 2500 imperatorum
587 2445 858 2487 contentione
887 2444 1156 2487 coniecturae
1186 2452 1355 2487 nostrae
1384 2444 1486 2486 satis
1508 2443 1699 2485 validum

138 2523 455 2572 ¹argumentum
496 2517 741 2572 repetimus.
813 2515 927 2558 Cum
975 2517 1087 2559 enim
1125 2517 1270 2559 nullus
1316 2516 1425 2558 alius
1467 2515 1699 2572 proconsul

154 2602 253 2629 cum
280 2587 485 2642 Pompeio
516 2588 571 2630 de
599 2589 844 2645 apparando
874 2588 986 2631 bello
1017 2589 1275 2631 dissensisse
1305 2597 1512 2638 narretur,
1543 2602 1596 2629 ne
1623 2586 1698 2628 Pi-

153 2674 302 2701 sonem
330 2658 504 2714 quidem
534 2667 582 2701 ut
617 2660 863 2704 dissentiret
902 2662 1118 2704 facturum
1161 2660 1297 2702 fuisse
1338 2659 1556 2708 existimo,
1600 2658 1697 2708 nisi,

151 2731 270 2788 quod
298 2730 448 2773 Italiae
477 2731 601 2786 quasi
635 2733 899 2789 supplendae
942 2747 1072 2775 causa
1102 2738 1327 2787 acceperat
1357 2729 1565 2780 Galliam,
1605 2744 1699 2772 eam

152 2803 207 2846 ob
234 2818 324 2845 rem
355 2817 400 2845 se
430 2810 668 2859 exemptam
699 2820 724 2846 a
749 2804 947 2861 Pompeii
977 2804 1138 2846 dilectu
1168 2818 1289 2845 suam
1323 2802 1407 2844 iam
1434 2802 1698 2858 provinciam
