1846 3100
182 155 265 199 240
619 159 673 190 De
701 155 874 190 dictatoris
902 154 1060 188 Caesaris
1090 155 1288 189 honoribus.

184 267 398 322 ἐποίησεν;
429 267 531 309 item
559 266 786 322 Appianus
813 263 912 307 bell.
942 262 1023 306 ciV.
1040 263 1129 314 III,
1155 263 1181 305 9
1206 262 1515 310 Ὀκταοῦϊος-
1531 264 1733 320 ἵππαρχος

183 339 253 394 μὲν
275 338 400 379 αὐτοῦ
420 337 628 394 Καίσαρος
655 338 846 392 γεγένητο
875 337 975 391 πρὸς
1006 336 1047 377 ἓν
1079 335 1181 386 ἔτος,
1217 337 1258 382 ἐξ
1286 336 1332 378 οὔ
1366 338 1485 392 τήνδε
1517 337 1587 391 τὴν
1614 338 1730 391 τιμὴν

185 412 205 452 ὁ
243 409 404 467 Καῖσαρ
445 411 487 455 ἐς
522 410 615 454 τοὺς
658 409 803 465 φίλους
841 408 1073 464 περιφέρων
1115 409 1273 463 ἐτήσιον
1317 408 1403 450 ἔσθ’
1446 409 1514 451 ὅτε
1555 409 1730 449 ἐποιεῖτο

185 482 309 534 εἶναι,
340 498 479 538 neque
506 482 762 525 adversatur
789 481 956 523 Plinius
987 487 1072 523 nat.
1103 481 1202 523 hist.
1228 481 1336 532 VII,
1367 481 1435 532 45,
1471 481 1562 531 147,
1595 497 1620 524 a
1646 495 1732 536 quo

183 554 294 597 inter
324 571 392 606 ea,
424 571 532 610 quae
561 555 764 611 Augusto
795 553 978 595 adversa
1007 553 1260 602 acciderint,
1290 562 1542 596 numeratur
1567 555 1732 607 repulsa

183 631 229 669 in
257 631 494 682 magisterio
523 630 703 681 equitum
731 628 846 679 apud
872 629 1127 667 avunculum.
1153 633 1193 667 et
1215 624 1359 680 pdntra
1383 629 1620 681 petitionem
1648 629 1734 667 eim

180 703 397 753 praelatus
430 701 630 754 Lepidus,
671 714 756 755 quo
787 698 880 740 loco
910 698 984 753 qui
1017 697 1250 754 significari
1281 706 1431 756 putant
1457 714 1543 741 non
1571 699 1732 741 factum

185 787 278 814 esse
308 773 479 814 omnino
508 787 698 827 unquam
728 771 981 827 magistrum
1017 771 1208 826 equitum
1238 769 1543 822 Octavianum,
1580 786 1732 827 parum

184 852 298 886 recte
326 845 672 900 interpretantur.
717 843 869 899 Neque
895 843 1008 884 enim
1037 843 1111 898 qui
1141 844 1357 899 repulsam
1386 844 1482 894 fert,
1513 858 1733 899 nunquam

186 916 391 959 honorem
419 932 546 972 quem
573 917 681 973 petit
708 915 974 972 adipiscitur,
1006 916 1081 958 sed
1110 931 1160 958 eo
1189 923 1378 972 tempore
1405 931 1490 971 quo
1515 917 1620 972 petit
1647 931 1734 958 non

185 990 440 1045 adipiscitur
470 997 596 1044 atque
627 989 781 1046 ingens
813 1003 1019 1030 numerus
1049 1003 1102 1030 ex
1135 987 1456 1044 magistratibus
1495 996 1609 1031 esset
1643 987 1733 1030 exi-

185 1062 390 1112 mendus,
435 1062 469 1103 si
512 1077 684 1111 omnes,
728 1076 836 1116 quos
874 1060 1089 1116 repulsam
1128 1061 1280 1103 tulisse
1322 1068 1509 1111 constat,
1549 1060 1733 1102 honores

184 1135 402 1191 accepisse
440 1149 710 1191 negaremus.
771 1133 962 1175 ¹Petierat
998 1133 1134 1190 igitur
1165 1132 1430 1176 Octavianus
1467 1133 1654 1189 primum
1689 1132 1733 1174 in

185 1207 431 1264 magisterio
470 1207 614 1249 locum
652 1221 763 1248 anno
793 1205 844 1247 45
880 1221 1014 1260 eoque
1050 1206 1150 1261 quia
1179 1205 1358 1248 nimium
1386 1205 1636 1248 adolescens
1667 1205 1733 1247 vi-

185 1279 368 1322 debatur
397 1279 590 1321 deiectus
619 1285 843 1334 acceperat
871 1279 1064 1320 alterum.
1123 1278 1273 1334 Neque
1311 1291 1570 1334 magnopere
1604 1277 1733 1319 mira-

184 1352 328 1395 bimur
373 1367 452 1395 nec
495 1351 749 1394 Suetonium
793 1365 873 1393 nec
913 1349 1165 1393 Ciceronem
1211 1352 1344 1393 ullam
1386 1350 1515 1394 huius
1560 1350 1732 1392 honoris

184 1425 339 1468 fecisse
369 1424 647 1474 mentionem3
691 1423 875 1480 perierat
907 1423 1019 1465 enim
1055 1430 1170 1466 totus
1202 1424 1345 1467 occiso
1379 1423 1563 1467 Caesare
1593 1423 1731 1464 nomi-

184 1512 322 1553 neque
360 1498 456 1554 ipso
494 1496 731 1538 dictaturae
763 1510 815 1537 ex
845 1495 1015 1538 civitate
1045 1495 1232 1547 sublato,
1275 1497 1398 1540 cuius
1429 1494 1606 1538 tollendi
1637 1493 1733 1538 An-

185 1570 300 1612 tonio
328 1584 414 1611 non
443 1584 618 1625 parvam
649 1582 823 1610 causam
857 1567 967 1610 hanc
1004 1568 1141 1610 fuisse
1176 1568 1381 1619 arbitror,
1420 1576 1469 1611 ut
1497 1565 1734 1610 Octaviano

183 1657 350 1684 omnem
376 1635 597 1698 potestatis
626 1641 753 1683 etiam
784 1640 972 1696 speciem
1003 1639 1222 1682 adimeret.
1281 1639 1372 1682 Nec
1403 1639 1439 1682 si
1467 1637 1734 1682 Octavianus

184 1723 382 1758 narratur
406 1713 610 1757 avunculi
635 1713 955 1768 expeditionum
981 1727 1122 1755 comes
1140 1713 1313 1755 futurus
1336 1713 1470 1755 fuisse
1497 1711 1733 1769 (copiosius

186 1787 298 1830 enim
334 1788 414 1829 hoc
449 1786 624 1842 disputo
658 1793 833 1842 propter
858 1785 1101 1827 Drumanni
1135 1784 1179 1825 in
1209 1784 1308 1827 hist.
1339 1785 1463 1827 Rom.
1487 1785 1556 1827 III
1585 1800 1626 1840 p.
1653 1783 1734 1827 684

187 1859 415 1914 errorem),
445 1858 528 1900 hoc
558 1865 723 1900 tantum
751 1858 878 1908 valet,
911 1865 960 1899 ut
987 1873 1072 1899 non
1099 1858 1284 1914 potuerit
1315 1873 1392 1914 per
1419 1847 1597 1912 'aliquod
1627 1863 1734 1898 tem-

185 1947 266 1988 pus
294 1932 475 1974 Romam
514 1930 656 1973 redire
696 1938 768 1973 aut
803 1930 959 1972 absens
995 1930 1250 1986 magistratu
1287 1931 1425 1986 fungi.
1453 1929 1566 1972 ‘Est
1592 1935 1734 1971 autem

187 2005 312 2047 etiam
341 2004 449 2046 illud
478 2001 773 2051 memorabile,
815 2002 932 2057 quod
962 2002 1189 2058 Appianus
1224 2002 1302 2052 ait,
1344 2009 1392 2043 ut
1422 2001 1617 2057 pluribus
1652 2001 1734 2044 im-

187 2076 334 2133 pertiri
360 2083 525 2132 posset,
563 2074 880 2130 quodammodo
908 2089 1097 2116 annuum
1127 2074 1288 2116 factum
1316 2088 1411 2116 esse
1440 2072 1734 2130 magisterium

188 2149 391 2204 equitum.
458 2148 688 2189 Biennium
714 2147 849 2203 igitur
876 2146 1006 2196 illud,
1050 2146 1095 2187 in
1125 2146 1241 2201 quod
1274 2146 1429 2188 summi
1458 2145 1733 2202 magistratus

187 2221 399 2277 designati
418 2227 549 2270 erant,
574 2219 755 2262 dictator
774 2219 836 2261 sic
854 2219 1072 2266 diviserat,
1097 2226 1146 2260 ut
1166 2218 1227 2260 M.
1244 2218 1462 2274 Lepidum
1480 2217 1734 2275 magistrum

189 2294 380 2349 equitum
408 2307 499 2335 esse
526 2291 666 2340 vellet,
699 2290 800 2332 dum
829 2305 939 2332 anno
960 2290 1011 2332 44
1034 2290 1076 2331 in
1097 2290 1361 2346 provinciam
1381 2290 1600 2346 profectus
1622 2295 1735 2332 esset

188 2365 421 2422 (neminem
447 2372 589 2406 autem
621 2379 789 2413 eorum,
833 2363 906 2418 qui
939 2363 984 2403 in
1015 2377 1173 2404 annum
1201 2361 1254 2404 44
1282 2362 1528 2418 provincias
1557 2376 1734 2418 accepe-

186 2444 303 2486 rant,
346 2451 492 2478 mense
518 2436 676 2478 Martio
705 2436 758 2478 ab
787 2435 894 2478 urbe
923 2435 1062 2478 exisse
1094 2434 1321 2476 docuimus
1349 2434 1392 2475 in
1421 2432 1661 2476 Comment.
1689 2434 1735 2476 II

187 2523 228 2564 p.
249 2507 365 2563 235),
391 2515 482 2550 tum
508 2509 552 2550 in
572 2508 787 2564 reliquum
807 2522 965 2550 annum
984 2505 1285 2556 Octavianum,
1315 2506 1419 2547 dum
1439 2505 1476 2548 is
1499 2506 1554 2548 ad
1574 2505 1735 2547 bellum

187 2580 546 2636 proficisceretur,
577 2580 761 2636 denique
787 2580 832 2621 in
863 2594 1021 2621 annum
1052 2577 1104 2620 43
1133 2576 1213 2620 Cn.
1231 2578 1472 2620 Domitium
1491 2575 1733 2627 Calvinum,

188 2667 313 2708 quem
344 2653 423 2694 soli
448 2652 547 2695 fasti
565 2650 796 2708 Capitolini
821 2650 1056 2692 nominant:
1093 2650 1167 2705 qui
1191 2665 1288 2692 cum
1314 2659 1412 2706 post
1437 2648 1597 2691 bellum
1614 2649 1734 2691 Afri-

189 2739 357 2774 canum,
387 2725 430 2766 in
459 2740 544 2780 quo
572 2725 707 2766 fuisse
737 2739 831 2766 eum
865 2722 1106 2778 complures
1135 2722 1320 2771 tradunt,
1349 2721 1509 2763 Romae
1538 2727 1733 2763 versatus

189 2809 283 2838 esse
315 2796 512 2838 videatur
546 2794 660 2851 (Cic.
687 2811 728 2851 p.
756 2795 855 2837 Dei.
886 2809 922 2837 c.
954 2796 1040 2849 11),
1071 2809 1217 2837 earum
1245 2808 1388 2836 rerum
1416 2807 1522 2848 quas
1552 2791 1595 2832 in
1627 2790 1735 2833 Asia

189 2874 230 2908 et
257 2867 407 2910 Africa
440 2876 654 2924 gesserat,
696 2866 885 2923 praemia
926 2866 1188 2922 expectabat.
1241 2865 1387 2920 Quare
1421 2864 1494 2919 qui
1523 2862 1734 2916 inse⁰quens
