1846 3100
200 172 282 216 276
604 173 658 205 De
684 173 818 214 legibus
845 172 1106 215 municipalibus
1130 171 1337 214 Hispanieis.

198 283 480 340 municipium
511 282 668 325 civium
698 281 987 324 Romanorum
1019 281 1278 338 appellatur:
1309 281 1383 323 illo
1413 281 1526 324 enim
1555 282 1745 339 genitivo

198 356 346 398 addito
375 355 630 411 significari,
666 369 753 397 non
778 353 907 396 modo
939 354 1098 396 civium
1124 354 1414 396 Romanorum
1441 354 1577 397 fuisse
1606 354 1746 396 muni-

200 429 333 486 cipia,
366 428 442 472 sed
472 428 554 470 alia
583 426 795 483 quaedam
827 426 967 476 etiam,
998 441 1107 482 quae
1137 441 1223 468 non
1254 426 1414 468 civium
1443 427 1745 478 Romanorum,

201 502 277 544 sed
295 502 450 544 Latina
477 507 633 544 essent.
677 499 815 553 Quasi
835 514 938 541 vero
959 499 1175 556 genitivus
1197 499 1437 555 explicandi
1457 513 1599 549 causa,
1629 498 1746 555 quod

198 574 421 617 hominum
453 589 591 630 genus
617 573 661 615 in
688 571 931 627 municipiis
960 571 1110 621 fuerit,
1143 571 1246 613 addi
1276 586 1361 614 non
1389 571 1526 628 possit
1551 586 1747 627 quaeque

199 647 269 690 vel
305 647 517 690 adiectivo
562 645 630 687 vel
673 644 863 700 genitivo
902 643 1172 686 illustrantur
1214 644 1339 700 (haec
1377 645 1488 686 enim
1530 659 1584 687 ex
1622 643 1747 686 simili

200 735 357 776 genere
397 718 516 774 sunt)
561 717 804 775 significent
843 731 938 759 esse
981 723 1176 773 oportere
1219 717 1285 759 sui
1326 716 1498 759 diversa
1536 717 1747 772 quaedam

201 807 371 849 genera.
437 792 526 834 Sed
560 791 790 840 faciamus,
829 789 946 845 quod
985 789 1102 831 credi
1138 804 1224 831 non
1260 796 1423 845 pot-est,
1467 804 1520 831 ex
1558 787 1748 844 genitivo

200 864 367 907 adiecto
395 865 449 907 de
475 863 720 920 municipiis
744 877 853 919 quae
877 862 1046 904 civitate
1072 861 1265 904 Romana
1293 868 1477 912 careant,
1505 860 1747 904 necessario

201 952 295 980 esse
335 937 645 994 colligendum:
690 951 794 978 num
829 941 1135 991 consequetur,
1175 941 1224 976 ut
1259 934 1565 990 imperatorum
1595 933 1748 976 Domi-

200 1009 388 1065 tianique
427 1017 616 1066 tempore
652 1008 908 1064 municipia,
946 1022 1054 1063 quae
1083 1007 1358 1049 Latinitatem
1400 1006 1626 1056 haberent,
1665 1005 1749 1048 sint

200 1082 440 1139 appellata?
494 1081 623 1125 Certe
649 1097 735 1124 non
764 1080 948 1123 videtur.
1000 1079 1109 1122 Nam
1140 1094 1420 1135 quaecunque
1448 1078 1531 1122 fuit
1554 1078 1676 1135 origo
1701 1091 1750 1120 ao

201 1155 494 1198 vetustissima
521 1156 627 1198 ratio
655 1153 999 1210 municipiorum,
1033 1167 1118 1207 qua
1144 1152 1197 1194 de
1229 1166 1274 1194 re
1303 1152 1386 1194 hoc
1414 1151 1508 1193 loco
1537 1150 1749 1207 disputari

200 1228 306 1270 nihil
335 1229 495 1279 attinet,
525 1243 672 1270 omnes
703 1226 940 1270 concedent
971 1225 1051 1267 viri
1083 1224 1195 1266 docti
1225 1222 1357 1266 fuisse
1390 1222 1620 1279 aliquando
1653 1237 1748 1264 mu-

200 1300 377 1357 nicipia,
420 1316 504 1342 non
546 1315 656 1356 quae
693 1299 924 1342 Latinitate
963 1304 1187 1340 uterentur
1224 1297 1350 1350 (haec
1385 1296 1496 1338 enim
1530 1309 1749 1350 nunquam

200 1374 417 1428 fuerunt),
460 1373 537 1415 sed
575 1388 684 1429 quae
722 1372 936 1414 civitatem
970 1385 1056 1412 non
1092 1369 1322 1420 haberent,
1364 1383 1473 1423 quae
1508 1367 1751 1410 existimant

200 1446 405 1503 paulatim
435 1446 603 1488 civitate
631 1460 706 1502 per
731 1444 896 1487 Italiam
919 1448 1155 1499 propagata
1187 1441 1415 1483 evanuisse
1440 1454 1490 1483 ac
1511 1440 1607 1496 lege
1624 1439 1749 1490 Iulia,

201 1534 286 1575 qua
315 1518 515 1561 omnibus
546 1518 695 1560 Italiae
726 1516 899 1574 populis
930 1515 1081 1558 civitas
1109 1514 1324 1570 impertita
1353 1521 1430 1564 est,
1462 1513 1522 1555 ita
1550 1527 1644 1554 esse
1675 1527 1749 1555 ex—

201 1591 352 1642 tincta,
396 1598 445 1633 ut
484 1591 687 1646 deinceps
726 1588 843 1645 quod
875 1587 1157 1644 municipium
1188 1594 1434 1636 vocaretur,
1475 1585 1632 1628 civium
1661 1585 1751 1627 Ro-

201 1679 424 1707 manorum
465 1678 560 1706 esse
598 1662 922 1718 intelligeretur.
993 1659 1264 1715 Quamquam
1309 1674 1355 1700 re
1394 1665 1555 1702 mutata
1594 1672 1750 1700 nomen

203 1736 448 1779 conservari
483 1735 644 1792 potuit,
685 1750 786 1785 nec,
827 1733 943 1789 quod
975 1732 1223 1775 Domitiano
1252 1732 1485 1788 imperante
1519 1730 1751 1786 municipia

203 1810 364 1852 civium
389 1809 680 1851 Romanorum
709 1806 975 1856 dicebantur,
1014 1805 1211 1855 efficitur,
1243 1812 1293 1846 ut
1321 1811 1425 1846 tunc
1453 1802 1578 1846 etiam
1605 1801 1752 1844 Latini

201 1882 308 1924 iuris
332 1880 567 1937 municipia
593 1879 766 1922 fuerint.
824 1878 945 1932 Quid
969 1877 1112 1920 enim?
1165 1875 1370 1919 Coloniae
1395 1876 1431 1919 si
1449 1876 1751 1932 imperatorum

202 1962 338 1998 aetate
380 1954 580 1996 dieantur
615 1952 774 1995 civium
801 1951 1092 1994 Romanorum
1130 1951 1200 2004 (ac
1227 1949 1426 1991 dicantur
1451 1963 1575 1998 sane,
1611 1961 1750 2002 neque

203 2027 316 2070 enim
345 2025 558 2069 eiusmodi
588 2025 731 2074 locos,
776 2024 811 2066 si
846 2024 919 2080 qui
955 2030 1076 2073 sunt,
1119 2020 1433 2077 conquirendos
1459 2035 1554 2062 esse
1580 2019 1751 2076 putavi-

203 2099 343 2154 mus),
383 2113 488 2139 num
525 2097 622 2153 quis
662 2097 786 2139 etiam
815 2096 992 2138 Latinas
1029 2094 1216 2137 colonias
1251 2093 1386 2135 fuisse
1410 2099 1525 2134 recte
1550 2090 1751 2147 colligat?

205 2170 295 2214 Sed
338 2177 450 2213 certe
487 2170 657 2212 fuerant
693 2169 813 2219 olim,
855 2168 956 2210 inde
992 2174 1139 2209 natum
1181 2173 1245 2208 est
1282 2164 1452 2221 generis
1483 2163 1751 2218 nominisque

204 2243 451 2293 discrimen,
478 2257 564 2298 quo
595 2240 762 2283 sublato
790 2240 947 2283 mansit
971 2247 1110 2281 tamen
1141 2246 1265 2281 vetus
1294 2237 1534 2294 appellatio.
1591 2234 1750 2278 Affinis

204 2323 346 2358 autem
391 2330 568 2371 prorsus
613 2320 678 2355 est
716 2312 1046 2368 municipiorum
1088 2312 1206 2353 ratio.
1279 2310 1340 2353 At
1370 2310 1452 2352 alia
1479 2313 1754 2351 monumenta

205 2388 358 2445 prioris
394 2387 542 2430 aetatis
579 2401 664 2428 non
696 2386 836 2427 minus
868 2385 921 2426 de
953 2384 1125 2426 duobus
1157 2382 1484 2438 municipiorum
1522 2379 1751 2437 generibus

206 2460 472 2517 significant3
515 2475 615 2501 nam
654 2458 771 2514 quod
809 2458 853 2499 in
892 2457 988 2513 lege
1018 2455 1177 2498 Thoria
1213 2455 1382 2512 agraria
1411 2463 1475 2497 est
1505 2469 1569 2495 vs.
1597 2452 1640 2494 31
1673 2466 1752 2505 pro

205 2535 473 2586 moz'm'caepiez‘s
517 2533 729 2581 col(0nz'ez·s
777 2533 926 2571 civium
969 2531 1253 2569 Romanorum
1300 2529 1547 2580 njominisve
1588 2525 1751 2572 Latini,

205 2619 346 2646 nonne
372 2604 472 2646 item
499 2603 554 2645 ad
583 2602 815 2659 municipia
835 2601 990 2643 Latina
1018 2601 1226 2656 pertinet?
1274 2599 1410 2642 Nobis
1436 2597 1610 2654 quidem
1636 2596 1752 2639 colo-

204 2677 371 2718 niarum
403 2682 567 2718 tantum
599 2675 686 2716 duo
717 2689 887 2730 genera,
923 2687 1031 2728 quae
1062 2681 1165 2715 tunc
1193 2678 1334 2722 erant,
1367 2669 1625 2727 significari,
1657 2682 1752 2710 mu-

205 2749 460 2807 nicipiorum
501 2747 609 2790 ratio
651 2746 768 2789 nullo
803 2752 928 2802 pacto
959 2746 1078 2801 tangi
1107 2746 1290 2787 videtur.
1351 2745 1412 2786 At
1441 2742 1486 2784 in
1515 2742 1612 2796 lege
1641 2740 1752 2783 Iulia

205 2820 466 2877 municipali,
497 2835 606 2875 quae
634 2818 804 2869 dicitur,
835 2818 1060 2874 multiplex
1086 2824 1151 2860 est
1177 2815 1480 2859 testimonium.
1531 2813 1640 2855 Nam
1666 2810 1750 2854 tab·

202 2893 261 2943 H,
291 2893 317 2935 9
349 2900 414 2935 est
441 2896 731 2946 quez'quomque
754 2895 800 2931 in
822 2892 1080 2943 mum'cipz‘eis
1107 2892 1279 2931 colomis
1298 2888 1598 2942 praffectureis
1611 2886 1752 2935 soreth
