1846 3100
180 143 258 186 140
586 148 640 180 De
665 146 780 180 Gallia
805 149 1039 183 Romanorum
1070 150 1254 193 provincia.

176 256 390 299 tissimum
428 265 514 309 est,
559 265 608 302 ut
638 261 714 313 leg.
743 264 847 312 Aug.
872 273 940 312 pr.
965 273 1031 312 pr.
1063 259 1322 316 appelletur,
1364 261 1524 304 omisso
1554 261 1724 303 nomine

176 330 436 385 provinciae,
464 331 596 387 quod,
625 346 724 374 oum
747 331 899 373 titulus
925 331 968 372 in
989 331 1084 388 ipsa
1107 332 1331 388 provincia
1349 340 1595 390 poneretur,
1623 332 1726 375 addi

174 401 325 444 inutile
365 410 475 454 erat,
518 410 568 446 ut
607 404 863 460 quinquiens
903 409 1066 445 tantum
1106 419 1262 447 nomen
1297 421 1392 448 esse
1424 405 1622 448 videatur
1649 407 1725 459 leg.

127 481 131 485 ’
178 477 282 528 Aug.
311 489 394 528 pro
428 491 493 530 pr.
533 478 609 529 leg.
639 479 702 518 III
730 479 837 529 Aug.
879 476 948 518 vel
984 477 1177 519 similiter
1213 478 1361 520 addita
1401 477 1584 534 legione.
1655 477 1725 520 Ex

174 546 280 602 ipsis
319 554 463 590 autem
501 548 586 591 illis
625 548 815 604 quinque
855 548 990 591 titulis
1027 549 1215 605 primus,
1262 550 1336 605 qui
1374 557 1439 593 est
1473 565 1515 592 n.
1550 551 1624 601 11,
1667 550 1727 593 ita

176 619 361 675 scriptus
391 627 471 671 est,
499 627 549 663 ut
577 635 734 663 nomen
759 620 943 677 legionis
973 621 1099 664 etiam
1129 622 1185 664 ad
1213 621 1452 673 cohortem,
1483 637 1592 678 quae
1622 622 1726 665 sub-

176 691 384 747 sequitur,
415 693 552 749 possit
580 693 816 749 pertinere,
849 693 958 743 duo,
1000 709 1064 735 nr.
1092 694 1145 736 46
1174 700 1215 736 et
1244 694 1314 744 97,
1350 695 1488 737 mutili
1520 701 1620 738 sunt
1649 710 1726 752 pa-

175 779 356 820 rumque
388 772 547 807 certam
572 765 967 822 interpretationem
995 765 1239 817 admittunt,
1270 767 1422 823 reliqui
1447 767 1536 810 duo
1565 768 1650 821 (nr.
1672 767 1725 810 25

177 843 218 877 et
245 836 318 892 26)
351 843 451 879 sunt
478 837 542 879 M.
571 837 734 881 Valerii
763 837 1030 888 Maximiani,
1061 838 1135 894 qui
1164 840 1294 882 semel
1323 842 1400 893 leg.
1427 843 1533 893 Aug.
1561 842 1638 894 leg.
1663 843 1730 882 III

175 910 282 963 Aug.
306 923 371 962 pr.
391 924 461 963 pr.
488 913 650 960 consul,
690 910 847 952 deinde
885 912 959 963 leg.
993 913 1097 964 Aug.
1122 925 1191 964 pr.
1214 926 1281 965 pr.
1316 914 1392 966 leg.
1422 914 1490 954 III
1514 915 1619 966 Aug.
1648 927 1724 956 cos.

170 995 334 1034 praeses
362 985 599 1024 rarissimus
629 982 806 1032 dicitur3
842 982 919 1024 sed
946 989 1126 1038 uterque
1152 998 1204 1025 ex
1226 983 1294 1026 his
1315 983 1450 1027 titulis
1474 1000 1499 1027 a
1516 983 1724 1027 militibus

173 1054 342 1110 positus
371 1069 549 1111 prorsus
584 1054 810 1096 militarem
839 1069 1001 1096 morem
1035 1056 1245 1106 ostendit,
1277 1064 1325 1098 ut
1356 1057 1401 1098 in
1427 1056 1480 1099 iis
1510 1056 1726 1113 legionem

173 1126 446 1182 potissimum
477 1127 738 1171 nominatam
772 1141 867 1169 esse
901 1127 1056 1169 mirum
1097 1144 1191 1171 esse
1222 1144 1307 1171 non
1336 1129 1486 1186 possit.
1545 1129 1724 1179 Verum,

174 1199 250 1254 qui
279 1207 399 1243 extra
421 1199 670 1242 Numidiam
699 1199 828 1255 positi
862 1206 962 1241 sunt
991 1199 1124 1251 tituli,
1168 1207 1344 1257 possent
1380 1201 1563 1244 fortasse
1602 1207 1725 1257 pote-

178 1278 329 1314 statem
351 1272 482 1328 legati
504 1272 810 1322 demonstrare,
838 1271 873 1313 si
894 1279 1038 1314 essent
1059 1280 1132 1316 aut
1156 1274 1298 1329 plures
1321 1279 1396 1315 aut
1414 1272 1724 1316 emendatiores

176 1351 250 1386 aut
293 1359 380 1386 non
422 1345 631 1401 singulari
676 1345 818 1400 aliqua
856 1344 910 1386 de
951 1359 1082 1387 causa
1122 1360 1147 1386 a
1185 1345 1355 1400 vulgari
1393 1360 1511 1388 more
1551 1345 1725 1387 diversi.

175 1416 286 1459 Nam
307 1417 420 1460 duae
443 1416 538 1459 illae
560 1417 862 1473 inscriptiones
894 1417 1030 1473 (apud
1051 1417 1168 1459 Mur.
1187 1417 1282 1467 691,
1303 1418 1327 1461 7
1347 1424 1389 1459 et
1405 1416 1529 1460 Grut.
1548 1417 1643 1468 498,
1666 1417 1724 1473 5),

172 1491 215 1533 in
260 1489 418 1545 quibus
455 1492 531 1544 leg.
569 1493 647 1543 leg.
674 1493 742 1531 III
765 1492 872 1543 Aug.
912 1496 953 1531 et
987 1491 1064 1541 leg.
1101 1490 1188 1529 divi
1220 1492 1406 1532 Traiani
1431 1491 1622 1532 Parthici
1648 1492 1724 1544 leg.

174 1566 237 1604 Ill
267 1565 373 1616 Aug.
414 1562 500 1604 dici
538 1562 757 1611 videatur,
799 1561 906 1603 adeo
946 1567 1046 1603 sunt
1083 1561 1150 1603 vel
1184 1568 1410 1618 corruptae
1441 1562 1510 1604 vel
1539 1562 1724 1605 incertae

173 1634 383 1684 lectionis,
410 1641 458 1676 ut
488 1633 592 1675 nihil
620 1633 786 1689 possint
809 1633 1116 1676 demonstrare.
1179 1632 1300 1675 Aliae
1330 1633 1455 1684 duae,
1483 1634 1539 1676 L.
1567 1631 1724 1691 Calpe-

174 1707 263 1749 tani
287 1707 430 1750 Rantii
458 1705 696 1760 Quirinalis
722 1705 885 1748 Valerii
915 1705 1035 1748 Festi
1064 1704 1246 1760 (Borgh.
1267 1705 1442 1748 Bullett.
1461 1705 1637 1763 Neapol.
1655 1706 1721 1750 IV

173 1795 214 1836 p.
247 1780 320 1834 34)
351 1786 393 1822 et
421 1778 472 1821 C.
503 1778 667 1820 Pinarii
697 1776 887 1820 Cornelii
921 1776 1155 1820 Clementis
1189 1778 1325 1834 (apud
1357 1776 1575 1821 Cardinal.
1603 1779 1723 1835 Dipl.

173 1852 322 1908 imper.
353 1868 393 1894 n.
427 1851 527 1905 122)
558 1850 630 1898 vix
657 1857 839 1906 possunt
869 1849 1049 1899 admitti,
1082 1849 1184 1905 quia
1208 1849 1383 1892 Africae
1409 1865 1578 1901 nomen,
1607 1849 1724 1907 quod

173 1924 486 1967 Mommsenius
520 1923 565 1965 in
591 1922 643 1964 iis
674 1921 868 1964 invenire
900 1921 981 1963 sibi
1013 1921 1208 1970 videtur,
1252 1921 1297 1963 in
1328 1922 1635 1978 supplementis
1669 1921 1724 1965 de

174 1997 419 2039 coniectura
463 1995 621 2038 additis
663 2001 728 2036 est
765 2008 905 2049 neque
944 2008 993 2035 ea
1033 1994 1279 2036 coniectura
1316 1988 1513 2048 quamvis
1551 2009 1577 2036 a
1606 1994 1723 2036 Bart.

173 2068 414 2125 Borghesio
442 2067 751 2124 proficiscatur,
780 2074 854 2108 aut
885 2072 1000 2108 certa
1031 2066 1132 2108 satis
1159 2072 1233 2108 aut
1261 2081 1312 2108 ea
1335 2065 1619 2108 existimanda
1645 2072 1724 2116 est,

174 2157 227 2184 ex
264 2156 350 2196 qua
389 2140 442 2182 de
482 2139 701 2196 provincia
739 2138 946 2180 Numidia
986 2137 1140 2180 debeat
1180 2138 1336 2193 colligi.
1413 2137 1481 2180 Ita
1523 2144 1726 2194 quattuor

173 2213 285 2254 tituli
311 2212 612 2268 relinquuntur
639 2211 755 2267 apud
777 2210 1132 2260 Mommsenium,
1173 2224 1357 2265 quorum
1381 2210 1451 2252 ille
1471 2209 1527 2252 A.
1545 2209 1721 2266 Egnatii

174 2284 368 2336 Proculi,
411 2300 539 2340 quem
569 2282 697 2326 Grut.
728 2298 769 2338 p.
801 2282 896 2332 404,
929 2282 952 2324 3
994 2280 1122 2323 habet
1166 2281 1241 2335 (cf.
1277 2280 1434 2323 Marin.
1473 2279 1572 2324 Act.
1605 2281 1724 2324 fratr.

175 2358 283 2400 Arv.
312 2373 354 2414 p.
380 2358 506 2410 765),
550 2356 595 2398 in
625 2370 710 2411 quo
743 2362 809 2398 est
836 2357 911 2408 leg.
943 2358 1049 2407 Aug.
1074 2367 1192 2406 prov.
1223 2354 1321 2406 Afr.
1352 2355 1512 2396 dioeces.
1544 2355 1723 2405 Numici„

176 2445 276 2472 cum
317 2431 400 2473 alia
441 2429 654 2485 quaedam
693 2426 821 2469 habet
860 2426 967 2468 mira
1005 2425 1090 2467 iam
1121 2440 1147 2466 a
1179 2424 1364 2467 Marinio
1401 2431 1567 2476 notata,
1618 2431 1723 2476 tum,

175 2501 341 2544 etiamsi
367 2509 408 2544 et
430 2517 528 2544 vere
549 2500 732 2543 traditus
753 2506 794 2541 et
815 2505 930 2541 recte
951 2497 1134 2553 scriptus
1156 2503 1234 2547 est,
1260 2498 1520 2552 singularem
1538 2497 1724 2553 aliquam

174 2572 230 2615 A.
257 2573 432 2629 Egnatii
471 2588 643 2616 causam
680 2571 815 2613 fuisse
849 2569 1048 2612 ostendit.
1105 2569 1277 2611 Etenim
1307 2570 1527 2612 dioeceses
1558 2576 1724 2612 constat

174 2645 378 2701 appellari
409 2660 480 2688 eas
509 2644 755 2702 provinciae
786 2649 943 2700 partes,
973 2657 1080 2697 quas
1106 2642 1416 2698 proconsulum
1442 2642 1510 2684 vel
1529 2641 1723 2698 Augusti

174 2717 414 2773 legatorum
455 2717 586 2774 legati
627 2716 708 2758 sub
751 2715 921 2757 illorum
965 2714 1088 2769 quasi
1129 2715 1307 2770 imperio
1350 2722 1477 2770 atque
1518 2713 1721 2769 auspiciis

174 2803 324 2844 regere
361 2789 510 2832 solent.
567 2788 714 2842 Quare
749 2787 785 2830 si
821 2786 903 2828 hoc
930 2800 1085 2828 nomen
1118 2787 1162 2828 in
1188 2787 1261 2829 illa
1289 2786 1516 2836 Numidia,
1557 2800 1667 2841 quae
1697 2800 1723 2828 a

177 2858 378 2916 Caligula
409 2860 640 2903 constituta
669 2866 747 2909 est,
777 2873 904 2913 quam
930 2857 1099 2914 legatus
1130 2858 1335 2915 principis
1366 2872 1515 2914 regere
1546 2856 1721 2907 solebat,
