1846 3100
169 156 251 200 378
593 160 647 192 De
672 160 919 201 propagatione
943 159 1090 191 civitatis
1117 160 1302 194 Romanae.

168 271 353 322 quamvis
383 271 506 310 sciret
527 270 651 309 etiam
675 268 985 320 proconsulibus
1011 270 1176 310 decerni
1198 271 1333 321 solere,
1365 272 1412 311 in
1435 272 1558 313 nulla
1577 277 1715 312 tamen

162 343 382 393 provincia
419 343 504 382 nisi
534 342 743 381 communi
769 354 842 381 suo
877 342 1105 393 Romaeque
1133 344 1298 382 nomine
1326 345 1497 396 recept‘t3
1537 358 1636 385 nam
1668 346 1715 384 in

168 413 266 454 urbe
293 415 452 466 quidem
475 414 802 465 pertinacissime
833 412 1034 453 abstinuit
1064 414 1138 453 Ιιοε
1166 415 1328 456 honore.
1384 414 1546 457 Mutari
1575 422 1716 458 tamen

168 484 278 527 hanc
329 484 532 526 rationem
576 484 798 540 oportebat
841 492 1076 541 propagata
1114 485 1319 541 paulatim
1360 501 1438 542 per
1474 487 1717 544 provincias

169 557 339 600 civitate
367 557 584 607 Romana,
625 572 734 612 quae
763 565 992 614 postquam
1022 557 1156 599 multa
1185 557 1343 614 oppida
1369 559 1612 615 multosque
1639 574 1715 616 po-

167 629 294 686 pulos
320 628 541 685 complexa
568 636 646 678 est,
672 629 755 671 nisi
780 630 975 671 confusio
1003 629 1212 685 quaedam
1237 630 1460 682 extitisset,
1483 646 1592 687 quae
1617 646 1717 688 pro-

167 701 415 744 vincialium
434 701 592 757 templa
609 709 742 751 erant,
763 701 934 744 deserta
951 709 1106 744 essent.
1144 702 1257 744 Tum
1275 703 1409 759 igitur
1426 703 1717 746 introductum

169 780 246 823 est,
280 773 396 829 quod
425 773 512 815 Dio
541 773 569 815 l.
596 773 625 814 l.
654 773 802 823 docet,
841 781 890 815 ut
925 774 970 815 in
998 775 1120 817 Italia
1155 782 1319 817 tantum
1355 776 1430 831 qui
1460 775 1717 819 coelestibus

168 844 402 888 honoribus
433 845 556 902 digni
586 845 719 888 habiti
751 853 906 896 essent,
938 847 1214 903 imperatores
1246 847 1511 900 colerentur,
1544 848 1590 890 in
1618 862 1719 904 pro-

170 917 323 960 vinciis
361 917 488 960 etiam
516 918 590 974 qui
618 919 897 975 imperarent,
938 919 1054 961 unde
1092 934 1201 975 quae
1239 920 1293 963 ab
1320 921 1525 978 Augusto
1554 920 1720 977 Ephesi

170 997 211 1032 et
239 989 422 1032 Nicaeae
450 990 540 1032 divi
565 991 664 1033 Iulii
693 992 851 1047 templa
879 991 1050 1034 condita
1080 1000 1212 1042 erant,
1245 1001 1394 1049 postea
1419 1007 1517 1035 cum
1543 991 1719 1048 provin-

171 1062 350 1105 cialibus
385 1063 695 1106 communicata
725 1079 834 1114 esse,
861 1065 1039 1120 ipsaque
1068 1065 1140 1106 illa
1168 1065 1328 1122 oppida
1352 1066 1395 1107 in
1421 1064 1719 1121 metropolium

169 1135 373 1178 honorem
404 1136 609 1178 transisse
635 1135 854 1192 probabile
883 1137 943 1178 fit.
1000 1136 1109 1179 Nam
1138 1138 1402 1195 Pergamus,
1432 1137 1548 1192 quod
1580 1137 1720 1193 prima

169 1207 361 1250 omnium
388 1207 581 1264 Augusti
611 1210 817 1266 templum
847 1208 1066 1260 habuerat,
1095 1213 1236 1263 prima
1263 1211 1496 1263 metropolis
1522 1210 1566 1252 in
1593 1225 1720 1252 num-

169 1280 250 1323 mis
289 1282 532 1323 nominatur
568 1282 769 1334 (Eckhel.
797 1282 856 1332 II,
889 1281 1003 1337 472).
1079 1281 1150 1324 Ab
1193 1281 1260 1324 his
1298 1282 1433 1339 igitur
1458 1281 1592 1325 initiis
1620 1297 1721 1338 pro-

169 1353 280 1396 fecta
313 1360 378 1395 est
405 1353 478 1396 illa
509 1355 807 1411 metropolium
837 1354 1026 1397 adulatio
1056 1355 1329 1411 pervasitque
1359 1354 1414 1397 ad
1445 1369 1594 1397 omnes
1620 1369 1722 1411 pro-

170 1426 347 1469 vincias.
391 1425 502 1468 Nam
531 1435 690 1482 quanta
717 1428 1016 1484 metropolium
1046 1427 1277 1469 multitudo
1303 1442 1379 1483 per
1404 1426 1556 1469 Asiam
1579 1427 1722 1477 fuerit,

171 1514 224 1541 ex
255 1499 440 1541 nummis
471 1501 767 1556 cognoscitur,
798 1500 900 1542 item
931 1499 1243 1557 Philippopolis
1273 1498 1502 1550 Thraciae,
1534 1499 1722 1542 Thessa-

169 1572 308 1614 lonice
339 1572 643 1623 Macedoniae,
684 1573 810 1616 Tomi
838 1573 1045 1615 Moesiae.
1100 1571 1380 1628 Reliquarum
1407 1571 1723 1628 provinciarum

171 1646 426 1701 metropoles
457 1661 511 1688 ex
535 1646 629 1688 aliis
656 1645 912 1688 testimoniis
943 1645 1256 1701 intelliguntur,
1293 1645 1383 1687 sive
1412 1644 1507 1700 ipso
1538 1645 1612 1687 illo
1644 1659 1722 1687 no-

171 1718 283 1760 mine
303 1718 584 1774 appellantur,
615 1718 705 1761 sive
727 1717 841 1773 quod
863 1718 1019 1774 templo
1038 1716 1275 1761 Caesarum
1295 1717 1483 1759 omnium
1507 1717 1724 1760 communi

171 1797 343 1832 ornatae
383 1798 521 1840 erant,
563 1791 841 1847 appellandae
870 1792 1058 1833 fuerunt.
1114 1791 1166 1832 In
1193 1790 1397 1845 Aegypto
1429 1788 1594 1831 celebre
1626 1788 1722 1831 Au-

172 1870 374 1917 gusteum
417 1871 771 1906 commemoratur
803 1862 1115 1912 Alexandriae,
1157 1862 1202 1903 in
1236 1861 1384 1904 Africa
1426 1860 1722 1917 proconsulari

173 1949 398 1978 commune
425 1936 666 1992 provinciae
697 1935 902 1992 templum
929 1950 979 1978 ac
1006 1934 1294 1988 sacerdotium
1327 1932 1483 1987 (Orell.
1518 1948 1560 1975 n.
1590 1932 1721 1982 6904;

172 2007 342 2050 Renier.
372 2008 506 2050 Inscr.
538 2008 686 2062 Alger.
723 2008 824 2050 1440
853 2015 895 2049 et
927 2007 1067 2060 1528),
1099 2004 1386 2062 Carthagine,
1417 2005 1588 2062 opinor,
1620 2019 1722 2047 con-

174 2080 384 2130 stitutum,
415 2080 516 2122 item
544 2080 588 2122 in
615 2080 827 2137 Hispania
857 2080 1031 2122 Baetica
1058 2077 1213 2136 (Orell.
1245 2078 1390 2134 5995),
1421 2078 1466 2120 in
1496 2077 1723 2120 Lusitania

173 2151 327 2208 (Orell.
359 2153 504 2206 2226),
535 2153 580 2194 in
609 2152 920 2195 Tarraconensi
953 2151 1193 2194 Tarracone
1221 2165 1332 2193 anno
1355 2151 1403 2192 15
1429 2166 1470 2207 p.
1487 2147 1590 2192 Chr.
1620 2163 1722 2192 eon-

175 2225 312 2268 ditum
345 2225 468 2278 (Tac.
502 2225 614 2268 Ann.
642 2225 677 2275 I,
710 2225 799 2279 78),
841 2226 883 2266 in
912 2222 1111 2267 Sardinia
1141 2222 1293 2275 (Orell.
1324 2221 1470 2277 5969),
1510 2221 1555 2263 in
1587 2221 1725 2264 Dacia

173 2296 330 2355 (Orell.
359 2298 502 2353 2171),
534 2297 578 2339 in
607 2313 693 2353 qua
719 2295 1100 2352 Sarmizegethusa
1127 2294 1291 2338 colonia
1323 2293 1569 2350 metropolis
1597 2308 1724 2350 saepe

173 2371 412 2427 appellatur
438 2368 699 2425 (Comment.
728 2368 949 2425 epigraph.
970 2368 991 2410 I
1021 2384 1060 2423 p.
1080 2367 1197 2420 404),
1226 2366 1269 2408 in
1287 2365 1475 2422 Alpibus
1502 2365 1726 2409 maritimis

173 2442 330 2502 (Orell.
358 2443 502 2498 2214).
565 2442 784 2484 Britannia
815 2456 1000 2497 quoque,
1034 2446 1257 2496 postquam
1289 2454 1313 2480 a
1339 2437 1525 2481 Claudio
1553 2438 1598 2480 in
1626 2452 1725 2494 pro-

173 2516 338 2559 vinciae
365 2517 546 2558 formam
565 2514 738 2557 redacta
757 2521 835 2564 est,
866 2527 1089 2555 commune
1109 2511 1239 2553 totius
1258 2511 1502 2566 provinciae
1521 2509 1723 2566 templum

177 2587 362 2632 Claudio
399 2588 644 2631 dedicatum
688 2587 852 2642 accepit
880 2584 1186 2633 Camaloduni,
1232 2583 1286 2625 de
1321 2598 1405 2638 quo
1435 2582 1538 2625 Tac.
1566 2581 1724 2625 Annal-

174 2661 304 2711 XIV,
335 2662 380 2704 31
419 2667 575 2702 narrat.
635 2659 686 2701 In
718 2658 872 2701 Galliis
902 2657 1078 2713 quidem
1115 2656 1195 2698 tria
1231 2656 1535 2711 imperatorum
1570 2653 1726 2710 templa.

176 2734 310 2778 fuisse
338 2733 526 2789 reperi0‚
564 2732 750 2788 primum
777 2728 1069 2773 Narbonensis
1098 2727 1364 2784 provinciae,
1396 2726 1512 2782 quod
1540 2739 1725 2768 comme-

178 2812 367 2848 moratur
397 2805 514 2862 apud
545 2804 679 2848 Orell.
712 2820 753 2845 n.
779 2803 887 2846 2:343
917 2809 958 2844 et
986 2802 1095 2844 6003
1125 2815 1176 2842 ac
1206 2799 1406 2842 Narbone
1437 2806 1652 2854 tamquam
1680 2796 1726 2839 in

178 2878 399 2935 metropoli
440 2880 600 2933 (neque
642 2877 753 2920 enim
787 2876 930 2932 ipsum
968 2873 1050 2916 hoc
1090 2886 1244 2915 nomen
1282 2869 1512 2928 reperitur)
1555 2869 1727 2913 videtur

1844 990 1846 1005 ..
1839 884 1846 957 .a...v.
