1846 3100
568 142 622 173 De
648 140 819 173 dictatoris
847 139 1004 173 Caesaris
1036 140 1234 174 honoribus.
1577 139 1659 183 255

119 247 260 304 plebis
290 247 529 304 pertinebat
548 247 609 304 (V
611 248 663 290 al.
691 247 808 290 Max.
836 246 914 297 VI,
944 247 983 297 5,
1008 246 1073 303 4):
1103 249 1308 304 quicquid
1329 250 1540 306 privatum
1568 267 1662 294 esse

118 319 353 371 constabat,
380 320 426 362 id
455 320 558 376 quin
585 321 630 362 in
652 319 861 362 iudicium
893 321 1037 363 vocari
1062 321 1222 371 liceret,
1248 336 1333 363 non
1353 329 1443 365 erat
1465 323 1660 366 dubium.

119 390 181 434 At
213 392 518 449 imperatorum
553 393 682 449 longe
713 392 796 435 alia
825 399 915 434 erat
943 407 1084 435 causa.
1141 393 1258 436 Nihil
1293 394 1338 436 in
1367 395 1421 437 iis
1452 403 1541 438 erat
1572 396 1662 452 pri-

118 472 277 515 vatum,
306 464 426 515 nihil,
453 465 570 520 quod
598 480 683 507 non
710 465 764 506 ad
797 465 976 507 salutem
993 464 1206 521 publicam
1225 466 1470 522 pertineret.
1513 468 1662 524 Itaque

116 536 331 593 publicam
357 537 480 593 quasi
510 537 778 580 tribunorum
808 537 947 593 plebis
976 538 1261 589 securitatem,
1293 554 1378 594 qua
1417 540 1506 582 sola
1539 547 1664 583 antea

120 606 280 652 Caesar
316 608 360 650 in
403 609 456 652 iis
499 624 608 664 quae
653 624 728 665 pro
774 616 984 665 potestate
1030 609 1258 653 tribunicia
1298 620 1514 667 gesserat,
1555 628 1662 655 usus

117 689 219 731 erat,
250 681 310 724 ita
334 681 390 724 ad
418 688 547 723 totam
578 682 670 724 eius
704 682 848 732 vitam,
878 681 933 724 ad
965 682 1118 731 omnia,
1151 698 1260 738 quae
1291 699 1376 725 non
1404 684 1540 726 dicam
1570 684 1663 726 iure

117 744 346 796 tribunicio
376 762 449 796 aut
479 754 662 810 publice,
696 754 772 796 sed
800 769 910 809 quae
939 754 1138 809 privatim
1160 756 1286 798 etiam
1312 764 1353 798 et
1371 757 1486 798 domi
1503 764 1663 813 ageret,

117 826 446 876 transtulerunt,
484 834 532 868 ut
581 841 679 868 eum
726 826 970 882 quicunque
1016 827 1105 869 ulla
1143 842 1187 869 re
1224 828 1449 879 violasset,
1496 844 1664 871 sacrum

119 913 212 940 esse
231 896 440 940 iuberent.
482 898 688 954 Apparet,
712 898 874 954 opinor,
896 906 1054 954 quanto
1073 899 1210 942 maius
1230 898 1428 943 Caesaris
1450 902 1518 943 ius
1536 916 1664 956 quam

117 969 387 1012 tribunorum
419 970 555 1027 plebis
586 971 728 1021 fuerit,
761 971 1019 1026 decretique,
1047 972 1162 1027 quod
1189 988 1298 1015 anno
1321 973 1373 1015 44
1404 974 1565 1015 factum
1585 981 1663 1023 est,

121 1057 252 1085 causa
285 1058 336 1085 ac
373 1043 480 1084 ratio
516 1043 782 1099 intelligitur,
821 1044 875 1086 de
913 1059 998 1099 qua
1038 1044 1166 1100 paulo
1204 1045 1328 1101 plura
1356 1045 1539 1088 dicenda
1569 1061 1663 1088 esse

127 1115 287 1171 putavi,
327 1115 443 1170 quod
481 1115 653 1157 omnino
694 1115 747 1157 de
785 1115 1054 1158 tribunorum
1085 1115 1223 1172 plebis
1266 1117 1484 1160 sanctitate
1522 1118 1664 1159 minus

123 1194 237 1229 recte
262 1186 442 1229 iudicari
472 1187 612 1229 video.

231 1260 375 1314 Atque
420 1260 464 1301 in
508 1260 574 1302 his
613 1275 720 1316 quas
763 1260 854 1301 dixi
891 1261 1021 1303 rebus
1060 1260 1289 1304 tribunicia
1330 1269 1516 1317 potestas
1556 1277 1664 1317 quae

122 1330 297 1374 Caesari
323 1331 496 1374 decreta
524 1339 601 1380 est,
627 1332 827 1382 constitit,
858 1348 966 1388 quae
993 1333 1206 1388 quomodo
1231 1334 1275 1375 in
1304 1334 1455 1376 ceteris
1483 1334 1665 1390 impera-

119 1403 284 1446 toribus
311 1411 435 1445 aucta
467 1404 534 1453 sit,
566 1404 804 1460 intelligere
835 1405 986 1461 placet.
1044 1406 1217 1448 Etenim
1255 1421 1366 1448 anno
1406 1407 1458 1448 36
1487 1423 1524 1448 a.
1561 1404 1664 1448 Chr.

118 1483 216 1532 post
244 1475 406 1517 victum
435 1474 536 1517 Sex·
568 1476 822 1532 Pompeium
852 1493 948 1520 cum
979 1477 1125 1533 plebes
1164 1493 1353 1520 summos
1380 1479 1424 1519 in
1458 1477 1664 1521 Octavia-

119 1564 222 1590 num
253 1548 436 1590 honores
467 1549 659 1590 conferre
690 1556 877 1605 cuperet,
897 1550 1099 1605 quoniam
1130 1550 1241 1592 duae
1262 1550 1345 1598 iam
1372 1566 1440 1592 res
1468 1551 1664 1593 inventae

121 1629 254 1671 erant,
279 1621 466 1677 primum
492 1628 540 1662 ut
566 1628 702 1663 totum
728 1623 810 1672 ius,
836 1624 951 1677 quod
979 1622 1139 1664 tribuni
1161 1622 1243 1678 ipsi
1262 1622 1487 1674 habebant,
1509 1623 1665 1666 deinde

120 1701 169 1735 ut
200 1693 401 1736 sanctitas
430 1693 620 1749 corporis
650 1693 964 1744 decerneretur,
993 1695 1133 1736 facere
1151 1710 1237 1737 non
1256 1696 1406 1752 potuit,
1429 1696 1532 1751 quin
1551 1695 1666 1750 quod

125 1765 334 1822 superiori
364 1763 540 1807 Caesari
569 1780 647 1821 per
676 1765 785 1807 duas
815 1766 945 1815 vices,
975 1766 1021 1807 id
1050 1766 1151 1809 huie
1179 1783 1266 1810 uno
1286 1775 1475 1824 tempore
1503 1768 1665 1810 tribue-

122 1845 213 1880 ret.·
249 1836 522 1892 Quamquam
550 1837 637 1878 Dio
661 1837 838 1887 XLIX,
872 1839 933 1888 15,
964 1854 1092 1894 quem
1114 1840 1254 1881 locum
1281 1848 1404 1882 antea
1425 1841 1665 1890 citavimus,

119 1924 271 1952 rursus
313 1909 454 1951 minus
493 1917 689 1951 accurate
722 1910 922 1964 loquitur.
987 1910 1187 1952 Nominat
1225 1911 1337 1954 enim
1370 1912 1580 1968 primum,
1619 1919 1667 1954 ut

122 1989 415 2024 sacrosanctus
450 1988 564 2024 esset
601 1979 882 2033 Octavianus,
920 1982 1076 2024 deinde
1116 1983 1179 2024 ἐπὶ
1216 1987 1293 2024 τῶν
1335 1984 1466 2025 αὐτῶν
1501 1985 1664 2040 βάθρων

123 2054 446 2108 συγκαθέζεσθαι
479 2054 611 2109 σφίσιν
641 2054 745 2109 (τοῖς
765 2055 1010 2110 δημάρχοις)
1038 2053 1176 2110 ἔλαβε.
1219 2055 1357 2108 Quasi
1379 2070 1481 2098 vero
1503 2071 1667 2098 merum

121 2124 237 2167 hunc
264 2125 475 2167 honorum
505 2125 809 2168 subselliorum
841 2126 1066 2182 acceperit,
1095 2142 1175 2169 nec
1203 2127 1330 2170 simul
1358 2128 1427 2170 ius
1458 2128 1566 2170 illud
1592 2129 1668 2170 tri-

120 2195 349 2248 bunorum,
391 2198 508 2253 quod
549 2198 780 2241 maximum
810 2206 911 2240 erat.
967 2198 1056 2240 Nec
1095 2206 1232 2241 tamen
1267 2199 1313 2240 id
1345 2193 1668 2242 commemorari

121 2283 230 2325 opus
274 2277 363 2312 erat
373 2286 384 2320 ;
427 2270 628 2313 utebatur
659 2271 769 2312 enim
803 2270 1070 2312 Octavianus
1111 2280 1213 2313 tunc
1254 2271 1403 2313 IIIviri
1444 2280 1667 2328 potestate,

124 2356 233 2396 quae
270 2349 387 2384 tanta
420 2350 529 2392 erat,
567 2350 616 2384 ut
645 2342 873 2384 tribunicia
911 2343 1078 2384 nullum
1115 2358 1274 2385 novum
1312 2344 1382 2385 ius
1419 2345 1588 2387 afferret
1620 2359 1668 2387 ac

121 2428 264 2455 merus
314 2412 384 2455 ille
427 2413 728 2457 subselliorum
773 2414 907 2456 honos
954 2415 1288 2469 relinqueretur,
1333 2430 1460 2470 quem
1507 2431 1668 2459 novum

123 2484 358 2540 acciperet3
405 2485 601 2542 deposita
642 2494 783 2528 autem
819 2486 1029 2528 IIIviratu
1061 2486 1269 2529 retinebat
1306 2488 1447 2530 omnia
1480 2503 1588 2544 quae
1623 2489 1668 2530 in

123 2562 332 2612 potestate
360 2557 590 2600 tribunicia
620 2566 751 2601 erant.
808 2557 932 2611 Quae
963 2558 1043 2600 etsi
1080 2574 1237 2615 magna
1265 2567 1364 2610 erat,
1406 2575 1490 2602 non
1527 2568 1668 2603 tamen

127 2627 321 2670 sufficere
346 2628 440 2671 visa
466 2636 544 2680 est,
578 2644 676 2672 cum
704 2645 813 2673 anno
831 2630 884 2673 30
901 2638 998 2687 post
1021 2631 1230 2687 proelium
1249 2632 1476 2674 Actiacum
1505 2647 1670 2674 summa

124 2699 315 2755 potentia
345 2708 578 2743 ornaretur.
634 2702 743 2744 Nam
772 2702 860 2744 Dio
890 2702 968 2752 LI,
999 2703 1048 2745 19
1078 2718 1205 2758 quem
1233 2703 1375 2746 locum
1407 2718 1536 2759 supra
1565 2704 1670 2746 cita-

123 2771 278 2821 vimus,
308 2778 394 2815 tres
422 2787 491 2815 res
521 2773 561 2816 ei
588 2789 815 2817 concessas
843 2789 938 2817 esse
970 2774 1130 2825 scribit,
1160 2776 1344 2830 primum
1374 2782 1424 2816 ut
1451 2775 1563 2817 intra
1591 2789 1669 2831 po-

124 2843 332 2886 moerium
359 2852 402 2886 et
435 2854 555 2888 extra
588 2861 727 2902 usque
756 2847 812 2889 ad
847 2847 1033 2902 primum
1070 2847 1256 2903 lapidem
1295 2847 1502 2890 auxilium
1542 2849 1668 2898 ferre,
