1846 3100
194 131 276 175 216
635 136 690 168 De
718 136 891 168 dictatoris
916 135 1073 169 Caesaris
1098 137 1298 170 honoribus.

192 244 290 287 hist.
325 243 450 287 Rom.
484 244 554 287 ΙΠ
595 260 634 300 p.
675 243 755 287 565
795 244 906 287 hanc
947 259 1120 288 causam
1159 246 1334 297 adiecit,
1374 246 1472 289 ideo
1510 245 1739 291 Caesarem

192 316 306 359 illam
336 316 538 360 undecim
567 317 736 359 dierum
761 315 1014 359 dictaturam
1045 317 1233 361 voluisse
1261 319 1420 369 omitti,
1459 320 1576 376 quod
1611 335 1660 363 ea
1694 320 1740 362 in

191 389 329 432 libera
352 389 573 446 republica
591 389 674 431 sibi
695 396 809 432 esset
825 389 977 439 delata,
1002 398 1044 432 at
1064 405 1139 446 per
1157 406 1262 440 eam,
1287 406 1396 446 quae
1414 407 1556 435 annua
1572 392 1739 442 fuisset,

193 462 420 504 transitum
449 463 609 504 factum
636 476 730 504 esse
760 462 815 504 ad
844 477 950 513 eam,
981 477 1091 518 quae
1113 469 1262 518 postea
1279 464 1419 506 extitit
1436 465 1741 521 imperatorum

193 534 538 578 dominationem.
603 533 742 588 Quasi
782 549 882 577 vero
918 542 992 577 aut
1027 534 1210 577 voluerit
1249 535 1386 578 videri
1417 534 1580 580 Caesar
1609 537 1740 580 liber-

192 613 321 649 tatem
361 614 553 650 evertere
590 614 664 649 aut
700 607 889 649 numeris
931 606 1237 649 dictaturarum
1269 609 1470 652 everterit
1499 617 1572 652 aut
1601 625 1741 652 annua

192 679 404 722 dictatura
433 680 569 737 magis
599 679 730 722 fuerit
760 679 944 722 adversa
968 679 1152 721 libertati
1188 695 1316 735 quam
1342 681 1480 738 prima
1504 682 1578 725 illa
1605 682 1741 724 invito

193 758 344 794 senatu
373 767 454 795 nec
482 753 625 795 minus
657 759 804 795 contra
828 752 948 807 leges
975 750 1028 794 ab
1057 759 1249 808 praetore
1277 753 1507 796 constituta
1525 762 1600 797 aut
1621 754 1740 797 deni-

192 839 297 879 que,
339 824 375 867 si
411 824 455 866 in
484 825 671 867 nummis
701 841 726 867 a
754 824 925 881 vulgari
956 824 1118 867 ratione
1152 825 1298 867 recedi
1328 823 1489 869 Caesar
1519 827 1740 878 voluisset,

190 896 221 938 ii
246 896 321 951 qui
349 896 482 939 fastos
511 894 776 953 Capitolinos
809 898 1105 948 confecerunt,
1147 912 1239 940 eam
1267 905 1409 941 tamen
1439 899 1523 956 ipsi
1553 899 1636 942 sibi
1664 899 1742 941 ob-

193 968 447 1011 servandam
485 984 579 1011 esse
622 985 704 1011 non
744 969 947 1026 putarint.
1021 969 1151 1012 Nulla
1187 969 1322 1024 igitur
1355 986 1485 1014 causa
1516 972 1741 1028 reperitur,

192 1057 270 1084 cur
295 1041 630 1084 deminutionem
655 1041 823 1084 numeri
853 1042 1164 1085 dictaturarum
1181 1040 1358 1085 Caesari
1383 1043 1598 1100 placuisse
1618 1043 1741 1087 nobis

191 1114 529 1171 persuadeamus
557 1129 637 1157 nec
662 1114 925 1166 dubitamus,
955 1115 1059 1170 quin
1085 1115 1217 1158 altera
1245 1115 1456 1158 dictatura
1483 1116 1525 1158 in
1555 1116 1742 1159 nummis

192 1187 362 1230 dicatur
399 1202 469 1236 ea,
505 1201 615 1242 quae
655 1187 693 1228 ei
725 1187 770 1228 in
796 1187 1000 1244 Aegypto
1033 1188 1219 1230 versanti
1251 1188 1391 1230 delata
1418 1195 1507 1238 est,
1545 1203 1654 1244 quae
1683 1189 1744 1232 ita

191 1259 245 1302 ab
285 1258 483 1301 omnibus
518 1265 779 1301 numeratur.
847 1260 936 1302 Sed
982 1260 1230 1302 consulatus
1270 1260 1421 1302 tertius
1459 1260 1512 1303 ab
1551 1261 1634 1303 alio
1653 1261 1741 1305 ‚die

190 1340 462 1382 numeratur,
502 1332 705 1373 nimirum
743 1331 797 1374 ab
833 1347 906 1382 eo,
945 1347 1031 1387 quo
1057 1332 1248 1386 legitime
1278 1332 1445 1374 delatus
1476 1339 1543 1375 est
1571 1348 1742 1389 quoque

190 1405 391 1461 usurpari
428 1403 588 1460 potuit,
625 1411 753 1459 atque
787 1419 879 1446 eam
907 1404 1113 1446 rationem
1144 1404 1188 1445 in
1219 1404 1405 1447 nummis
1435 1404 1610 1460 quidem
1640 1421 1743 1448 con-

193 1477 386 1520 suevisse
412 1476 633 1519 observari
660 1476 742 1518 alio
771 1476 966 1532 exemplo
999 1491 1130 1533 supra
1161 1476 1441 1520 ostendimus.
1489 1477 1613 1532 Quae
1644 1493 1741 1521 cum

190 1550 250 1592 ita
269 1549 366 1599 sint,
388 1548 484 1591 illos
502 1563 611 1604 quos
632 1548 818 1591 diximus
838 1564 1035 1591 nummos
1054 1549 1243 1591 incidere
1261 1549 1505 1592 iudicamus
1523 1550 1566 1592 in
1583 1565 1743 1593 annum

193 1622 244 1666 47
263 1638 298 1664 a.
318 1619 436 1671 Chr„
461 1636 557 1663 cum
575 1629 749 1677 accepta
765 1621 977 1664 dictatura
992 1636 1134 1664 annua
1153 1619 1314 1664 Caesar
1331 1621 1458 1664 simul
1475 1623 1744 1665 consulatum

192 1694 364 1736 tertium
397 1692 480 1735 sibi
511 1693 731 1735 decretum
764 1708 912 1749 gerere
942 1694 1270 1744 existimaretur,
1309 1694 1490 1736 alterum
1521 1709 1742 1738 nummum

192 1766 309 1823 apud
338 1763 502 1808 Caved.
532 1765 610 1807 1.1.
635 1781 676 1821 p.
702 1765 792 1815 152,
824 1765 868 1807 in
897 1781 983 1821 quo
1011 1773 1076 1808 est
1108 1763 1364 1809 CAESAR·
1394 1765 1554 1810 DICT·
1583 1766 1741 1810 ITER·

191 1839 236 1880 in
274 1845 502 1880 exeuntem
538 1854 698 1880 annum
737 1839 811 1889 48,
851 1854 948 1880 cum
990 1838 1150 1880 Caesar
1190 1838 1405 1882 decretam
1450 1838 1531 1882 sibi
1567 1839 1743 1882 alteram

193 1912 447 1954 dictaturam
486 1912 572 1954 iam
607 1912 758 1954 inisset
789 1918 915 1967 atque
947 1911 1003 1953 ob
1033 1925 1189 1953 novam
1219 1910 1328 1953 hanc
1358 1911 1610 1967 dignitatem
1641 1927 1743 1954 con-

194 1985 360 2028 sulatus
392 1985 497 2027 alter
524 1983 624 2025 Kal.
654 1983 744 2026 Ian.
776 1984 875 2026 anni
904 1983 955 2026 48
989 1990 1213 2039 susceptus
1242 1984 1528 2034 omitteretur,
1558 1984 1742 2039 denique

191 2058 294 2100 item
330 2057 375 2098 in
417 2071 576 2098 annum
608 2055 658 2099 47
697 2056 871 2098 tertium
911 2071 1133 2098 nummum
1173 2055 1288 2111 apud
1322 2055 1498 2098 Eokhel.
1529 2055 1594 2098 VI
1627 2071 1669 2112 p.
1699 2056 1740 2106 7,

193 2131 237 2172 in
277 2144 362 2185 quo
403 2126 563 2170 Caesar
599 2125 730 2170 COS·
760 2127 893 2169 TER·
937 2127 1055 2169 nulla
1090 2127 1325 2170 dictaturae
1363 2127 1574 2169 mentione
1605 2128 1742 2170 nomi-

193 2208 331 2243 natur.
375 2200 500 2255 Quae
522 2208 664 2242 autem
683 2199 737 2241 de
755 2199 906 2241 horum
927 2214 1199 2241 nummorum
1219 2199 1565 2255 interpretatione
1591 2200 1742 2257 dispu-

194 2273 401 2323 tavimus,
441 2272 658 2329 praeclare
700 2271 1005 2313 confirmantur
1042 2271 1296 2313 difficillimo
1332 2270 1428 2312 loco
1465 2271 1582 2327 apud
1621 2270 1742 2315 Suet.

195 2344 321 2388 Caes.
355 2360 391 2387 c.
420 2345 487 2394 76,
522 2344 597 2400 qui
627 2358 725 2386 cum
755 2342 808 2386 ab
836 2343 904 2392 iis,
936 2343 1011 2398 qui
1039 2343 1155 2386 illam
1185 2357 1295 2398 quae
1321 2342 1514 2398 exposita
1542 2350 1630 2394 est,
1663 2344 1741 2386 ho-

194 2433 348 2460 norum
379 2415 578 2459 Caesaris
608 2416 814 2458 rationem
844 2430 929 2457 non
957 2423 1150 2464 teneant,
1189 2415 1308 2457 nullo
1346 2415 1473 2458 modo
1509 2416 1644 2471 possit
1674 2417 1741 2459 in-

194 2489 354 2545 telligi,
394 2503 510 2531 nunc
548 2495 590 2531 et
619 2487 805 2530 nummis
836 2488 1048 2544 insignem
1079 2487 1207 2530 fidem
1239 2487 1360 2530 addit
1389 2495 1430 2530 et
1462 2488 1555 2543 ipse
1584 2488 1742 2531 iustam

196 2561 523 2618 explicationem
563 2560 730 2616 accipit.
798 2559 872 2602 Sic
907 2559 1043 2615 igitur
1077 2560 1136 2602 ait
1172 2558 1425 2602 Suetonius:
1485 2563 1671 2602 Tertium
1703 2567 1743 2601 et

195 2641 390 2687 quartum
421 2635 679 2674 consulatum
709 2635 830 2674 titulo
858 2639 975 2672 tenus
1000 2634 1135 2684 gessit,
1171 2639 1385 2673 contentus
1413 2634 1646 2673 dictaturae
1668 2646 1740 2685 po-

196 2712 349 2755 testate,
383 2707 564 2747 decretae
593 2720 684 2746 cum
716 2704 994 2745 consulatibus
1022 2706 1148 2745 simul
1166 2711 1288 2757 atque
1309 2710 1482 2757 utroque
1500 2719 1612 2744 anno
1631 2704 1743 2744 binos

195 2779 377 2818 consules
405 2778 614 2818 substituit
640 2777 718 2817 sibi
744 2779 789 2817 in
819 2783 954 2817 ternos
984 2779 1218 2817 novissimos
1247 2790 1411 2826 menses,
1443 2779 1503 2817 ita
1534 2782 1583 2816 ut
1611 2777 1742 2817 medio

197 2856 373 2902 tempore
403 2852 569 2890 comitia
595 2851 717 2890 nulla
743 2848 940 2890 habuerit.
1013 2847 1216 2904 Quinque
1246 2861 1315 2889 res
1347 2854 1509 2898 narrat,
1548 2861 1656 2902 quae
1686 2846 1741 2888 ad
