1846 3100
158 159 211 203 36
593 161 647 194 De
675 160 788 195 Gallia
813 162 1046 195 Romanorum
1077 164 1265 205 provincia.

159 260 394 326 similisque
432 284 610 327 prorsus
646 270 739 313 eius
777 277 842 313 est
875 286 1004 313 causa
1037 277 1164 326 atque
1203 287 1374 323 eorum,
1414 272 1487 328 qui
1519 271 1703 327 reliquas

155 350 314 399 regunt
343 343 596 399 provincias,
628 358 652 384 a
668 342 826 398 quibus
849 358 973 400 saepe
991 358 1089 386 cum
1116 358 1208 385 eam
1235 351 1480 400 potestatem
1505 359 1530 386 a
1546 343 1703 401 populo

156 416 442 473 accepissent,
490 416 710 458 civitatum
749 415 843 457 iura
882 415 1112 458 constituta
1150 430 1245 458 esse
1289 424 1436 459 not-um
1477 424 1554 458 est.
1614 414 1704 458 Sed

155 489 302 532 nescio
344 483 428 545 quo
470 497 593 544 pacto
639 488 763 530 etiam
803 502 1028 529 censorum
1070 488 1114 529 in
1157 487 1236 530 hac
1276 503 1322 530 re
1360 489 1524 544 aliquae
1564 494 1704 544 partes

155 561 359 604 videntur
385 561 535 611 fuisse,
564 575 614 603 ac
642 559 855 616 significat
880 560 962 601 tale
985 559 1147 615 aliquid
1162 559 1250 602 Dio
1270 558 1392 603 Cass.
1412 559 1662 610 XXXVII,
1677 559 1702 601 9

157 634 211 676 de
241 648 351 676 anno
369 633 421 676 65
451 633 513 675 sic
536 634 748 675 referens:
780 633 818 673 οἱ
845 633 1007 687 τιμηταὶ
1035 633 1127 688 περὶ
1157 634 1234 673 τῶν
1269 632 1368 688 ὑπὲρ
1399 633 1466 674 τὸν
1487 631 1703 688 Ἠριδανὸν

158 705 376 747 οἰκούντων
425 705 700 761 διενεχθέντες
746 705 833 761 (τῷ
878 706 948 759 μὲν
991 705 1066 761 γὰρ
1111 705 1151 749 ἐς
1187 705 1256 759 τὴν
1301 705 1507 745 πολιτείαν
1559 703 1706 748 αὐτοὺς

158 778 310 832 ἐςάγειν
342 777 499 829 ἐδόκει,
535 781 593 833 τῷ
625 778 670 819 δὲ
699 777 768 833 οὔ)
802 777 921 818 οὐδὲν
956 777 1054 819 οὐδὲ
1081 780 1159 818 τῶν
1192 776 1328 817 ἄλλων
1358 774 1558 830 ἔπραξαν,
1598 774 1705 815 ἀλλὰ

156 851 223 891 καὶ
253 851 323 905 τὴν
344 851 474 906 ἀρχὴν
498 851 684 892 ἀπεῖπον.
723 849 775 891 In
801 849 868 891 his
895 848 1039 890 mirari
1056 848 1278 898 debemus,
1309 847 1424 903 quod
1437 847 1499 891 M.
1518 844 1704 889 Crassus

156 929 198 964 et
215 922 270 976 Q.
289 920 470 964 Catulus
502 937 700 964 censores
731 922 866 979 (Plut.
885 919 1029 964 Crass.
1047 936 1082 963 c.
1103 921 1172 977 133)
1203 927 1429 975 narrantur
1450 919 1504 961 de
1535 918 1704 962 civitate

157 993 296 1037 Gallis
319 994 638 1050 Transpadanis
658 994 800 1035 danda
824 993 1095 1036 dissensisse.
1148 991 1360 1036 Censores
1388 992 1513 1040 enim,
1541 991 1704 1047 opinor,

157 1083 305 1126 eorum
326 1067 400 1122 qui
424 1067 540 1110 cives
564 1074 677 1117 sunt,
710 1081 886 1109 censum
906 1066 1136 1122 accipiunt,
1169 1065 1341 1107 ordines
1372 1064 1515 1121 populi
1546 1064 1705 1106 consti-

159 1147 299 1190 tuunt,
328 1140 409 1183 hoc
431 1141 612 1182 fortasse
632 1139 758 1181 etiam
777 1153 1083 1194 nonnunquam
1107 1138 1284 1188 faciunt,
1314 1145 1363 1179 ut
1393 1137 1428 1180 si
1457 1137 1530 1192 qui
1558 1144 1704 1178 utrum

161 1212 245 1255 sint
267 1212 383 1256 cives
401 1227 535 1255 necne
560 1211 741 1254 dubium
761 1227 855 1254 esse
875 1211 1084 1261 videatur,
1108 1210 1350 1260 decernant,
1385 1210 1461 1252 sed
1482 1224 1569 1259 eos,
1599 1223 1705 1264 quos

156 1284 348 1327 nondum
394 1285 510 1327 cives
550 1299 644 1327 esse
679 1290 866 1333 constat,
915 1282 1130 1339 quomodo
1176 1283 1221 1324 in
1263 1282 1476 1324 civitatem
1515 1281 1702 1334 recipere

157 1357 365 1414 possunt?
421 1357 490 1399 De
529 1372 612 1413 qua
652 1372 698 1399 re
737 1356 772 1398 si
808 1371 891 1411 qua
930 1355 1258 1412 magistratuum
1288 1353 1500 1396 dissensio
1538 1353 1704 1403 existat,

157 1430 219 1473 sic
245 1429 462 1486 agendum
498 1435 575 1479 est,
603 1436 651 1471 ut
679 1429 842 1485 rogatio
869 1429 924 1470 ad
942 1428 1146 1485 populum
1176 1427 1349 1476 feratur,
1379 1425 1453 1481 qui
1478 1425 1583 1480 quid
1615 1423 1696 1468 sibi

155 1502 320 1559 placeat
349 1502 561 1544 decernat.
624 1501 698 1545 Sic
732 1502 866 1557 igitur
895 1508 1008 1543 certe
1040 1500 1165 1542 etiam
1199 1498 1242 1540 hi
1274 1512 1472 1541 censores
1498 1497 1702 1554 egissent,

155 1581 203 1616 ut
217 1574 280 1617 M.
299 1572 486 1616 Crassus
502 1576 620 1628 (nam
637 1573 753 1616 hunc
772 1573 903 1630 patris
922 1587 1049 1615 causa
1064 1588 1138 1629 pro
1153 1570 1472 1627 Transpadanis
1489 1584 1704 1627 pugnasse

156 1647 373 1702 existimo)
403 1647 541 1703 legem
567 1647 621 1688 ad
649 1646 851 1702 populum
879 1646 1029 1696 ferret,
1059 1645 1142 1687 nisi
1174 1644 1277 1686 haec
1303 1642 1704 1698 Transpadanorum

157 1734 286 1762 causa
315 1734 493 1775 prorsus
533 1718 763 1774 singularis
801 1718 1008 1774 quaedam
1051 1717 1205 1760 fuisset
1245 1729 1530 1770 censoresque
1564 1714 1618 1756 de
1655 1729 1705 1756 ea

157 1792 373 1835 statuendi
420 1791 632 1848 propriam
676 1806 726 1833 ac
772 1791 869 1846 lege
916 1790 1099 1832 delatam
1147 1794 1394 1845 potestatem
1437 1786 1701 1829 habuissent.

155 1864 436 1921 Eandemque
463 1863 517 1906 ob
547 1879 718 1906 causam
749 1878 859 1905 anno
891 1869 984 1918 post
1018 1861 1222 1917 perlatam
1248 1861 1388 1917 legem
1417 1859 1572 1903 Iuliam
1603 1873 1704 1901 cen-

157 1951 275 1980 sores
307 1937 434 1980 creati
466 1943 579 1987 sunt,
607 1935 778 1992 quibus,
808 1934 1009 1990 quoniam
1027 1940 1229 1989 quattuor
1244 1933 1366 1975 annis
1397 1938 1492 1975 ante
1518 1931 1703 1974 lustrum

154 2010 234 2051 rite
262 2016 351 2052 erat
381 2009 615 2057 conditum,
656 2007 846 2049 nondum
873 2021 982 2062 opus
1014 2013 1116 2055 erat,
1147 2005 1393 2061 praesertim
1426 2019 1524 2046 cum
1553 2003 1606 2046 ab
1636 2003 1703 2053 iis,

156 2081 231 2137 qui
258 2087 362 2123 tunc
388 2081 489 2123 facti
524 2086 646 2129 sunt,
678 2079 839 2121 nullam
869 2077 1015 2134 populi
1043 2084 1205 2133 partem
1247 2091 1417 2118 censam
1445 2090 1539 2118 esse
1566 2075 1703 2117 tradat

157 2151 310 2195 Cicero
339 2169 380 2209 p.
409 2152 541 2195 Arch.
572 2153 609 2194 8.
669 2150 793 2205 Quos
823 2164 1033 2192 novorum
1064 2149 1221 2191 civium
1261 2163 1392 2190 causa
1417 2155 1580 2190 creatos
1608 2162 1703 2189 esse

157 2225 324 2267 dudum
352 2224 432 2266 viri
460 2224 575 2267 docti
609 2223 814 2279 suspicati
843 2229 956 2272 sunt,
993 2221 1067 2264 sed
1099 2236 1180 2263 non
1210 2227 1295 2262 tam
1323 2220 1378 2263 ad
1408 2235 1499 2262 eam
1527 2234 1632 2269 rem,
1655 2226 1704 2261 ut

157 2312 227 2340 eos
258 2296 331 2353 qui
361 2297 477 2339 cives
507 2296 608 2339 facti
636 2302 793 2346 essent,
819 2295 863 2336 in
894 2294 1030 2336 tribus
1060 2293 1302 2335 dividerent
1332 2293 1450 2345 (nam
1477 2292 1576 2334 ideo
1604 2306 1703 2333 cen-

158 2368 329 2412 soribus
357 2383 443 2411 non
474 2383 583 2425 opus
613 2370 736 2423 erat),
771 2382 922 2411 verum
953 2373 1000 2408 ut
1026 2365 1070 2406 in
1098 2364 1312 2407 civitatem
1342 2363 1604 2419 reciperent,
1639 2371 1702 2413 ut,

155 2456 264 2498 quos
289 2441 362 2485 lex
388 2441 656 2498 permisisset
678 2439 784 2490 fieri,
814 2454 886 2481 eos
905 2439 1095 2482 facerent
1116 2437 1248 2486 cives,
1275 2442 1372 2478 ante
1400 2435 1559 2477 exitum
1579 2434 1704 2477 lustri

157 2521 277 2558 extra
306 2514 500 2557 ordinem
531 2512 661 2556 creati
701 2519 813 2554 sunt.
871 2510 938 2553 Ac
974 2510 1090 2566 quod
1119 2509 1256 2565 magis
1285 2507 1412 2550 etiam
1440 2507 1595 2549 mirum
1624 2513 1703 2556 est,

157 2593 325 2630 creatus
353 2592 417 2629 est
438 2600 591 2629 censor
619 2585 711 2641 ipse
732 2584 803 2626 ille
832 2583 906 2638 qui
931 2582 1071 2639 legem
1098 2582 1266 2630 tulerat,
1300 2580 1354 2622 L.
1374 2579 1512 2623 Iulius
1530 2577 1703 2628 Caesar,

156 2659 243 2716 qui,
273 2674 372 2702 cum
403 2665 501 2715 post
519 2657 789 2700 consulatum
809 2655 1036 2711 imperium
1065 2659 1380 2710 prorogaretur,
1410 2666 1520 2694 anno
1542 2651 1595 2694 89
1618 2651 1703 2693 iam

157 2731 373 2788 duplicem
415 2736 669 2788 potestatem
712 2728 920 2777 habebat,
969 2733 1011 2768 et
1051 2725 1318 2768 consularem
1372 2731 1414 2766 et
1451 2722 1702 2766 censoriam.

156 2803 284 2847 Hanc
322 2796 482 2846 tantam
521 2807 712 2844 veterum
752 2815 920 2843 morum
958 2813 1008 2841 ac
1044 2798 1191 2853 legum
1230 2795 1558 2840 inconstantiam
1588 2801 1701 2836 certe

156 2874 337 2917 Romani
373 2891 458 2917 non
501 2874 835 2918 commisissent,
881 2871 963 2913 nisi
1004 2871 1187 2912 eundem
1231 2870 1305 2924 qui
1342 2869 1511 2910 tulisset
1549 2866 1702 2921 exequi
