1846 3100
144 134 222 178 102
574 137 629 168 De
655 134 768 168 Gallia
796 135 1030 167 Romanorum
1055 135 1238 175 provincia.

140 245 301 288 ciarum
342 245 618 288 mutationem
661 248 904 298 susceptam
936 257 1031 284 esse
1062 242 1118 285 ab
1150 243 1246 300 ipso
1278 244 1481 300 Augusto
1511 252 1689 296 constat,

139 333 250 373 quae
298 317 382 360 nisi
430 317 680 365 accidisset,
730 330 807 357 cur
851 313 1008 356 Strabo
1058 314 1102 356 in
1144 312 1382 357 Galliarum
1419 316 1689 373 potissimum

140 389 428 446 descriptione
455 390 508 432 de
532 389 695 431 ratione
724 403 803 430 sua
827 386 1147 442 provinciarum
1164 387 1521 444 negligendarum
1540 389 1691 445 dispu-

141 469 274 505 tasset
317 462 416 518 (IV,
446 463 491 512 1,
526 464 539 503 1
585 462 733 514 extr.),
777 474 931 515 parum
968 458 1292 515 intelligeretur.
1346 451 1450 503 'Sed
1488 460 1544 503 ad
1583 461 1692 503 hanc

140 535 315 590 quidem
342 550 431 577 rem
459 534 584 583 infra,
611 532 687 574 ubi
715 546 903 581 causam,
935 526 1013 572 cur
1038 530 1271 587 August-us
1300 547 1427 574 suum
1452 532 1545 589 ipse
1570 532 1692 574 insti-

141 614 282 648 tutum
309 613 499 648 mutasse
525 605 736 654 videatur,
766 602 1120 658 significabimus,
1148 603 1418 646 redeundum
1445 604 1547 655 erit3
1577 619 1693 647 nunc

140 679 222 721 hoc
253 686 486 728 teneamus,
518 678 703 720 duorum
730 675 1194 732 praestantissimorum
1223 676 1478 732 scriptorum
1509 676 1694 718 auctori-

140 758 269 794 tatem
294 750 378 792 nisi
406 750 618 806 quaedam
647 749 745 792 talis
775 748 954 791 mutatio
983 747 1192 791 accidisse
1221 755 1419 805 putetur,
1450 763 1536 791 non
1566 763 1691 806 posse

143 822 402 866 conservari.

257 894 475 948 Quattuor
502 894 636 952 igitur
664 894 709 935 in
738 892 882 936 Gallia
906 891 1152 948 provincias
1179 892 1411 950 Augustus
1440 893 1694 944 instituerat,

141 968 186 1009 in
212 981 319 1022 quas
352 967 544 1024 singulas
574 966 769 1022 singulos
798 965 983 1007 mitteret
1009 964 1190 1020 legatos,
1222 965 1298 1007 sed
1316 965 1425 1007 illud
1447 965 1693 1016 discrimen,

142 1039 259 1095 quod
298 1047 446 1095 postea
479 1039 738 1095 reperimus,
785 1046 834 1079 ut
867 1038 972 1080 aliae
1008 1038 1278 1088 consulares,
1323 1038 1429 1080 aliae
1461 1037 1695 1094 praetorios

143 1120 329 1154 rectores
372 1111 634 1167 acciperent,
682 1111 875 1153 nondum
921 1109 1244 1152 observabatur.
1317 1110 1427 1153 Nam
1470 1111 1515 1152 in
1558 1110 1694 1166 ipsam

144 1182 328 1238 Syriam,
360 1198 446 1238 qua
475 1183 593 1226 nulla
621 1183 843 1239 provincia
874 1190 948 1225 aut
975 1183 1110 1225 maior
1136 1191 1210 1225 aut
1233 1183 1474 1239 opulentior
1500 1190 1574 1226 aut
1598 1183 1696 1239 plu-

141 1255 262 1297 ribus
292 1262 396 1297 tunc
425 1255 598 1310 quidem
629 1254 875 1311 legionibus
905 1255 1116 1297 instructa
1138 1264 1241 1305 erat,
1272 1263 1411 1297 tamen
1433 1254 1697 1310 aliquamdiu

143 1327 375 1383 praetorios
404 1327 560 1369 missos
590 1342 685 1369 esse
714 1327 943 1370 docuimus
974 1328 1018 1369 in
1047 1335 1271 1369 comment.
1291 1327 1512 1383 epigraph.
1535 1326 1634 1369 Vol.
1652 1327 1698 1369 II

88 1405 91 1409 ’
143 1415 183 1455 p.
211 1400 278 1442 76.
334 1399 425 1441 Nec
454 1399 500 1440 in
530 1397 672 1441 Gallia
701 1399 775 1454 qui
808 1399 935 1455 primi
965 1400 1194 1456 imperium
1224 1406 1467 1450 tenuerunt,
1496 1399 1699 1441 videntur

143 1471 358 1514 consulari
387 1471 595 1527 dignitate
620 1471 770 1514 fuisse.
829 1471 940 1514 Nam
961 1472 1024 1514 M.
1047 1471 1245 1514 Vinicius
1265 1471 1316 1513 P.
1333 1472 1378 1522 f„
1409 1471 1484 1527 qui
1509 1487 1534 1513 a
1554 1470 1698 1514 Dione

143 1543 267 1593 LIII,
287 1543 341 1586 26
371 1559 483 1586 anno
512 1544 564 1586 25
594 1551 792 1586 narratur
809 1543 1051 1586 Germanos
1081 1544 1306 1600 quosdam,
1336 1543 1410 1599 qui
1440 1550 1696 1586 mercatores

144 1616 362 1658 Romanos
391 1616 678 1665 trucidarant,
719 1616 897 1666 vicisse,
934 1623 1046 1658 certe
1079 1616 1348 1658 consulatum
1376 1615 1567 1658 nondum
1595 1630 1695 1671 ges-

146 1694 278 1738 serat,
310 1703 407 1730 cum
437 1687 604 1730 Galliae
632 1696 862 1744 praeesset.
917 1689 1032 1730 Eum
1062 1688 1175 1731 enim
1205 1703 1257 1730 ex
1286 1686 1379 1730 Cal.
1409 1687 1492 1730 Iul.
1520 1687 1619 1730 anni
1648 1687 1696 1730 19

146 1776 184 1803 a.
212 1758 316 1802 Chr.
351 1760 571 1802 consulem
601 1761 737 1803 fuisse
769 1775 821 1801 ex
853 1761 1092 1814 fragmento
1124 1758 1348 1802 Colotiano
1380 1759 1696 1815 cognoscimus,

147 1832 348 1887 idemque
375 1842 732 1875 commemoratur
756 1833 872 1890 apud
894 1832 1046 1875 Vellei.
1064 1832 1123 1882 11,
1147 1832 1238 1882 104,
1263 1846 1348 1887 quo
1368 1832 1463 1874 loco
1483 1831 1699 1888 insignem

147 1905 376 1947 verborum
399 1906 684 1960 corruptelam
714 1905 968 1948 sustulimus
993 1905 1037 1946 in
1056 1912 1280 1947 comment.
1299 1904 1516 1961 epigraph.
1533 1905 1555 1946 I
1574 1919 1616 1960 p.
1630 1904 1696 1947 38.

147 1976 237 2019 Sed
266 1992 344 2020 nec
373 1978 580 2032 quamdiu
610 1993 689 2021 nec
717 1993 846 2034 quam
876 1976 1048 2019 omnino
1078 1977 1344 2032 provinciam
1375 1977 1578 2027 tenuerit,
1612 1984 1697 2019 tra-

146 2051 284 2100 ditur,
327 2065 611 2106 quamquam,
658 2050 861 2106 quoniam
894 2048 1116 2105 Belgicam
1159 2056 1262 2091 tunc
1301 2064 1468 2092 omnem
1506 2048 1697 2092 barbaris

146 2123 329 2165 vicinam
360 2129 515 2164 terram
548 2121 925 2178 comprehendisse
957 2121 1241 2176 suspicamur,
1273 2122 1383 2164 hanc
1412 2137 1542 2178 quam
1571 2122 1697 2179 Lug-

146 2194 385 2236 dunensem
421 2194 460 2236 ei
494 2195 688 2250 paruisse
725 2193 992 2249 probabilius
1031 2202 1108 2235 est.
1177 2193 1364 2235 Tacetur
1401 2194 1604 2251 deinceps
1642 2194 1697 2237 de

147 2265 317 2316 Galliis,
346 2265 430 2307 nisi
457 2266 573 2321 quod
600 2266 688 2308 Dio
716 2265 837 2315 LIV,
868 2265 892 2307 4
922 2279 1033 2307 anno
1065 2265 1119 2307 22
1149 2281 1186 2306 a.
1214 2263 1318 2307 Chr.
1375 2265 1697 2310 Narbonensem

146 2345 195 2380 ut
229 2344 420 2394 pacatam
459 2338 517 2380 ait
548 2338 714 2380 senatui
744 2337 992 2394 populoque
1024 2338 1218 2379 Romano
1250 2353 1345 2380 esse
1378 2338 1611 2388 redditam,
1649 2346 1698 2381 ut

145 2418 294 2466 postea
331 2425 417 2451 non
453 2409 585 2466 legati
621 2409 887 2465 principum,
934 2408 1010 2450 sed
1046 2409 1324 2465 proconsules
1364 2410 1403 2451 ei
1437 2417 1696 2466 praeessent.

148 2482 237 2525 Sed
278 2489 365 2524 tres
405 2497 514 2538 quae
544 2482 733 2537 reliquae
761 2488 881 2523 erant
910 2479 1107 2523 Caesaris
1138 2481 1404 2536 provinciae,
1443 2482 1571 2538 paulo
1602 2489 1698 2538 post

147 2554 326 2597 traditae
370 2562 470 2596 sunt
505 2554 567 2596 M.
595 2553 839 2610 Agrippae,
881 2552 935 2594 de
977 2552 1100 2594 cuius
1139 2560 1350 2609 potestate
1380 2553 1696 2610 disputavimus

147 2626 191 2668 in
220 2634 444 2668 comment.
473 2626 519 2668 II
547 2641 589 2682 p.
607 2626 674 2669 82.
725 2625 770 2667 Is
798 2624 910 2666 enim
932 2638 1042 2666 anno
1070 2624 1122 2667 23
1153 2625 1196 2666 in
1223 2625 1392 2680 Syriam
1422 2626 1580 2668 missus
1608 2632 1698 2668 erat

146 2698 315 2753 legatus
343 2698 556 2752 Augusti,
598 2697 675 2740 sed
712 2696 942 2739 arcessitus
984 2711 1095 2738 anno
1127 2697 1173 2739 21
1214 2697 1257 2738 in
1288 2697 1476 2739 Siciliam
1503 2696 1696 2752 Augusti

148 2769 279 2812 filiam
310 2771 355 2812 in
386 2770 702 2813 matrimonium
732 2769 896 2825 accepit
925 2768 1157 2825 iussusque
1188 2778 1253 2812 est
1282 2785 1381 2812 cum
1410 2770 1591 2811 Romam
1628 2783 1695 2811 se-

150 2839 384 2884 ditionibus
416 2841 707 2898 perturbatam
737 2855 1009 2897 compouere,
1057 2848 1147 2883 tum
1180 2840 1344 2885 Gallias
1375 2841 1695 2897 Hispaniasque
