1846 3100
13 894 22 917 „2
0 661 25 875 ..Μμΐ
0 612 5 630 ''
0 587 2 600 Ἀ

578 150 632 182 De
657 148 773 183 Gallia
795 151 1031 184 Romanorum
1062 151 1246 194 provincia.
1598 151 1679 194 133

133 261 373 304 Germanos
405 276 491 303 non
520 260 816 316 complectitur
846 258 1014 302 Galliae
1045 275 1222 311 nomen,
1263 261 1318 303 de
1353 262 1512 318 quibus
1545 263 1679 306 simil-

131 334 230 376 lime
257 333 430 376 omnino
453 333 725 375 Ptolemaeus
754 332 898 374 statuit
922 347 972 375 ac
998 333 1085 375 Dio
1105 331 1284 388 Cassius
1305 333 1430 386 LIII,
1462 335 1525 386 12,
1551 351 1679 392 quem

130 406 273 448 locum
303 421 432 463 supra
462 405 709 455 citavimus,
749 405 822 460 qui
851 404 1124 461 distinguens
1161 405 1401 449 Germanos
1432 405 1678 451 Gallorum-

129 493 213 533 que
251 479 374 534 quasi
409 479 582 522 colonos
613 478 821 533 quosdam
852 477 1070 534 appellans
1102 477 1268 520 Galliae
1297 486 1438 522 tamen
1467 481 1678 537 adiungit.

132 540 333 606 Denique
368 551 484 594 unde
526 551 697 593 tandem
734 556 920 600 constat,
967 549 1051 592 nisi
1089 565 1199 605 quae
1238 566 1363 593 suum
1401 560 1531 609 caput
1562 554 1678 610 apud

129 623 421 666 Ptolemaeum
451 623 681 680 compleat,
709 637 795 665 non
821 637 915 664 esse
941 622 1236 678 provinciam?
1280 622 1391 666 Nam
1418 631 1466 666 ut
1484 623 1676 668 Orientis

128 695 394 751 provincias,
436 710 618 752 quarum
654 695 761 737 ratio
801 694 1037 737 certissime
1074 694 1190 737 illam
1219 710 1412 738 normam
1442 698 1677 755 redarguit,

128 767 210 810 hoc
238 767 333 810 loco
363 767 720 824 praetermittam,
757 782 837 810 nec
866 766 1071 824 Numidia
1101 782 1180 809 nec
1211 767 1410 820 Asturia,
1447 785 1554 825 quas
1587 771 1676 814 suis

128 847 269 882 tamen
298 839 568 896 praesidibus
596 840 794 898 paruisse
816 839 928 881 infra
951 839 1353 890 demonstrabimus,
1386 842 1677 898 peculiaribus

129 912 344 968 capitibus
373 928 398 955 a
421 912 666 955 Ptolemaeo
694 912 953 962 illustratur,
1000 912 1076 955 sed
1106 912 1180 955 illa
1208 913 1406 964 Africae,
1438 914 1544 958 haec
1569 915 1677 958 Tar-

127 984 351 1027 raconensi
378 985 612 1041 Hispaniae
641 984 904 1041 adiungitur.
956 984 1152 1040 Reliqua,
1179 985 1336 1041 quibus
1363 986 1677 1031 Mommsenius

127 1057 288 1099 nullam
312 1056 592 1113 provinciam,
622 1072 731 1113 quae
748 1056 920 1113 proprie
943 1056 1029 1098 dici
1047 1064 1206 1113 posset,
1237 1056 1512 1102 Germaniam
1541 1060 1676 1103 fuisse

127 1129 458 1180 demonstrabat,
492 1135 593 1171 sunt
623 1144 723 1172 sane
752 1129 927 1171 leviora.
976 1128 1086 1171 Nam
1113 1130 1230 1185 quod
1250 1130 1427 1173 Tacitus
1455 1131 1553 1174 hist.
1571 1131 1607 1181 I,
1637 1132 1676 1182 8,

127 1200 202 1243 ubi
242 1208 379 1244 totum
419 1202 648 1258 imperium
685 1201 811 1257 quale
849 1200 970 1243 initio
1011 1201 1111 1244 belli
1143 1202 1282 1245 civilis
1311 1203 1442 1245 fuerit
1468 1211 1676 1254 recenset,

127 1273 340 1317 exercitus
372 1281 538 1317 tantum
567 1274 864 1323 Germanicos,
894 1288 980 1314 non
1007 1274 1251 1330 provincias
1276 1273 1532 1318 Germanias
1561 1291 1676 1319 com-

129 1353 346 1397 memorat,
376 1347 478 1388 facit
507 1346 627 1397 ideo,
659 1347 776 1402 quod.
804 1346 941 1388 omnis
967 1346 1158 1402 potentia
1187 1347 1267 1388 sita
1293 1354 1381 1390 erat
1410 1348 1455 1390 in
1485 1349 1676 1391 exercitu

127 1433 177 1460 ac
204 1418 463 1475 legionibus,
497 1418 616 1461 nulla
643 1419 687 1460 in
716 1418 888 1475 populis
918 1418 1047 1475 ipsis,
1081 1418 1197 1475 apud
1222 1419 1331 1475 quos
1360 1420 1552 1477 legiones
1579 1436 1676 1463 ver-

129 1489 345 1541 sabantur,
376 1499 427 1533 ac
452 1491 656 1533 fallantur
682 1498 809 1540 certe,
841 1491 927 1545 qui,
956 1491 1073 1546 quod
1101 1490 1269 1533 ibiuna
1286 1492 1511 1548 Hispania,
1542 1508 1676 1535 unum

125 1562 362 1618 Illyricum,
395 1562 482 1604 duo
513 1563 556 1604 in
584 1562 691 1605 Asia
722 1563 936 1607 exercitus
967 1564 1253 1614 nominantur,
1287 1564 1427 1606 nullas
1456 1571 1677 1621 praeterea

127 1635 368 1691 provincias
395 1635 531 1677 fuisse
560 1635 774 1691 colligant.
822 1624 1009 1688 Deinde,
1041 1637 1120 1680 etsi
1145 1637 1190 1678 in
1217 1636 1363 1679 multis
1389 1638 1674 1680 monumentis

127 1713 167 1748 et
199 1721 224 1749 a
255 1707 401 1750 multis
434 1706 713 1764 scriptoribus
747 1705 1004 1751 Germaniae
1039 1724 1165 1765 saepe
1200 1709 1468 1765 appellentur
1497 1711 1674 1767 provin-

127 1779 238 1829 ciae,
270 1779 432 1822 nullam
460 1786 601 1822 tamen
628 1794 723 1822 esse
754 1780 812 1822 ait
840 1781 1128 1836 provinciam,
1160 1781 1230 1824 cui
1260 1788 1345 1823 tam
1369 1797 1465 1824 raro
1495 1783 1672 1839 provin-

127 1851 216 1893 ciae
256 1866 412 1894 nomen
448 1851 634 1894 addatur
672 1867 798 1908 quam
828 1851 1086 1895 Germaniis.
1153 1853 1205 1895 In
1244 1868 1329 1909 quo
1360 1854 1536 1897 moleste
1569 1869 1670 1898 sane

125 1923 232 1973 fero,
261 1938 432 1966 omnem
459 1924 667 1967 rationem
698 1925 753 1967 ad
783 1940 1011 1967 numerum
1040 1925 1243 1968 revocari.
1288 1925 1399 1968 Nam
1432 1926 1467 1968 si
1500 1925 1567 1969 bis
1598 1942 1673 1983 ap-

126 1995 339 2052 pellentur
365 1996 634 2052 provinciae,
676 2005 828 2053 quater
854 2013 940 2040 non
971 1998 1258 2054 appellentur,
1299 1998 1405 2054 quid
1436 1998 1674 2041 efficiatur?

125 2067 243 2123 Nihil
278 2067 422 2111 hercle
450 2069 534 2112 nisi
562 2084 713 2125 parum
743 2077 1005 2115 constantem
1033 2087 1160 2114 usum
1190 2071 1349 2122 fuisse,
1389 2070 1602 2127 siquidem
1633 2078 1673 2114 et

127 2154 230 2182 casu
261 2140 440 2190 accidit,
470 2147 519 2183 ut
545 2141 575 2183 ii
603 2156 711 2197 quos
738 2142 948 2186 habemus
982 2144 1095 2186 tituli
1124 2144 1353 2200 supersint,
1386 2150 1428 2186 et
1456 2143 1539 2185 alia
1568 2143 1673 2186 alio-

125 2225 221 2253 rum
245 2218 311 2254 est
337 2219 503 2264 natura,
531 2228 630 2256 cum
656 2214 779 2256 multi
803 2215 1003 2271 privatim
1028 2215 1082 2259 ab
1107 2215 1353 2258 hominibus
1381 2230 1534 2272 parum
1561 2216 1673 2272 peri-

127 2284 196 2334 tis,
223 2283 293 2326 alii
324 2284 493 2341 publice
525 2286 588 2327 illi
614 2286 800 2342 quidem,
832 2287 908 2329 sed
938 2288 1008 2330 vel
1036 2288 1080 2329 in
1113 2287 1358 2331 civitatibus
1381 2287 1575 2330 obscuris
1605 2289 1675 2330 vel

127 2355 170 2397 in
193 2356 427 2412 provinciis
447 2372 599 2413 parum
619 2357 850 2402 Latinitate
875 2360 1070 2410 excultis,
1095 2360 1223 2417 pauci
1245 2360 1416 2403 omnino
1439 2366 1481 2403 et
1502 2360 1673 2418 publice

127 2434 168 2470 et
197 2428 251 2471 ab
278 2429 353 2479 iis,
393 2443 502 2484 quos
531 2437 728 2473 accurate
758 2431 901 2474 dicere
929 2432 1119 2475 voluisse
1158 2431 1369 2481 sciamus,
1411 2432 1539 2488 positi
1574 2432 1671 2483 sint,

124 2500 169 2541 in
200 2499 356 2555 quibus
385 2500 492 2556 ipsis
521 2516 673 2544 rursus
702 2518 805 2546 casu
837 2503 1187 2560 sculptorumque
1223 2503 1400 2546 arbitrio
1430 2503 1565 2546 multa
1595 2504 1672 2547 ad-

127 2572 365 2614 ministrata
393 2579 505 2614 sunt.
547 2572 693 2627 Quare
721 2575 836 2630 quod
861 2575 905 2617 in
933 2575 1094 2632 insigni
1125 2590 1226 2617 sane
1250 2575 1373 2618 titulo
1391 2575 1672 2619 Praenestino

127 2643 263 2699 (apud
299 2643 456 2685 Marin.
494 2643 601 2687 Arv.
636 2660 679 2701 p.
708 2646 811 2701 793)
855 2646 905 2690 C.
943 2645 1145 2690 Caesonii
1181 2647 1398 2689 Rufiniani
1438 2647 1590 2690 Africa
1630 2655 1673 2690 et

125 2715 352 2758 Lusitania
381 2721 423 2757 et
452 2714 619 2764 Achaia
648 2723 689 2759 et
715 2717 824 2760 Asia
853 2726 894 2761 et
924 2720 1099 2762 Baetica
1127 2725 1169 2761 et
1196 2717 1489 2760 Narbonensis
1517 2718 1671 2761 dicun-

125 2795 197 2829 tur
220 2787 479 2843 provinciae,
507 2803 594 2831 una
613 2788 844 2834 Germania
870 2791 1066 2848 superior
1091 2806 1177 2833 non
1203 2790 1374 2839 dicitur,
1401 2790 1506 2845 quid
1527 2797 1693 2834 osten:

128 2858 190 2899 dit
210 2859 294 2900 nisi
316 2867 390 2901 aut
409 2874 593 2902 errorem
615 2861 842 2917 sculptoris
861 2870 935 2905 aut
951 2863 1136 2918 aliquem
1156 2862 1285 2904 alium
1305 2862 1481 2904 casum?
1519 2862 1670 2919 Neque
