1846 3100
547 124 602 155 De
625 123 874 166 propagatione
898 122 1042 155 civitatis
1064 122 1252 155 Romanae.
1592 117 1671 160 361

126 235 276 286 detur;
313 250 412 278 nam
457 233 494 276 si
535 230 651 275 domi
691 229 846 273 nobilis
879 236 968 272 erat
1008 229 1161 285 (idque
1197 228 1299 272 inde
1338 236 1404 272 est
1441 227 1676 286 probabile,

125 307 243 364 quod
283 306 458 364 hospitii
495 305 589 347 iure
627 318 725 345 cum
756 302 1030 344 Metellorum
1064 301 1227 344 familia
1257 301 1512 344 coniunctus
1541 300 1676 344 fuisse

126 380 286 423 dicitur
315 395 339 420 a
370 376 602 420 Plutarcho
630 375 741 417 Mar.
771 374 832 429 8),
861 374 945 416 iam
979 389 1004 415 a
1035 373 1270 417 maioribus
1313 381 1531 431 acceptam
1571 373 1676 416 civi-

125 459 255 495 tatem
284 451 521 494 Romanam
552 448 759 498 habebat3
801 447 866 489 sin
904 446 1122 503 ignobilis,
1160 447 1319 490 virtute
1358 446 1404 488 id
1440 446 1677 503 praemium

131 532 345 567 meruerat
371 531 498 578 atque
531 521 658 564 etiam
686 521 777 576 ipse
803 519 857 561 ad
888 519 1072 562 honores
1101 519 1381 575 municipales
1410 527 1676 575 pervenerat.

130 597 343 654 Magnum
379 595 492 638 enim
529 593 701 636 omnino
735 592 778 634 in
811 592 1002 634 exercitu
1039 591 1182 634 locum
1213 591 1398 642 tenebat,
1433 591 1676 648 praefectus

125 669 296 712 fabrum
327 683 352 710 a
376 666 610 710 Plutarcho
638 665 666 707 1.
693 664 720 706 l.
752 665 1003 721 appellatur,
1040 664 1218 721 regebat
1250 664 1490 720 complures
1528 671 1678 707 centu-

127 742 284 791 riones,
315 740 557 796 complures
588 737 786 780 tribunos
816 737 1012 786 militum,
1050 748 1098 779 ut
1129 737 1243 779 omni
1276 737 1436 779 ratione
1473 752 1552 793 pro
1585 737 1678 780 cive

126 815 320 858 Romano
350 811 576 855 habendus
612 811 679 853 sit.
735 810 875 852 Aliter
901 809 1037 866 igitur
1072 810 1188 852 hunc
1217 812 1343 851 civem
1373 825 1424 850 ez
1454 813 1580 851 Latio
1611 810 1677 852 in-

126 887 275 944 telligo
305 900 356 928 ac
385 885 580 941 plerique
610 883 692 925 viri
724 883 853 932 docti,
879 882 953 938 qui
970 882 1115 924 Latini
1143 881 1251 923 iuris
1278 881 1523 938 Turpilium
1541 882 1676 924 fuisse

125 966 326 1018 putantes
353 958 414 1000 ita
443 958 789 1013 interpretantur,
818 962 867 997 ut
895 957 1049 996 Latini
1073 957 1176 996 cives
1205 955 1476 1011 appellantur
1505 954 1550 996 in
1580 970 1677 998 aere

127 1031 386 1075 Malacitano
409 1029 641 1086 cap.LIII‚
674 1028 709 1070 si
737 1043 840 1070 vera
866 1027 926 1070 ibi
958 1035 1022 1070 est
1053 1027 1180 1070 lectio
1197 1042 1277 1070 nec
1305 1027 1534 1084 sculptoris
1552 1028 1678 1084 culpa

127 1103 385 1147 vocabulum
418 1105 521 1143 cives
547 1101 655 1143 male
686 1100 911 1156 repetitum
942 1108 1020 1142 est.
1076 1100 1223 1154 Quare
1255 1115 1353 1142 cum
1382 1099 1434 1149 is,
1464 1100 1539 1156 qui
1571 1101 1676 1143 civi-

127 1183 256 1219 tatem
285 1175 520 1217 Romanam
550 1173 644 1215 iure
682 1173 877 1229 suffragii
911 1180 952 1214 et
987 1172 1199 1214 honorum
1236 1179 1450 1214 carentem
1482 1172 1678 1223 habebat,

127 1249 171 1291 in
199 1248 314 1291 bello
345 1262 396 1289 ac
423 1261 562 1303 poena
586 1245 764 1288 inferior
791 1260 886 1287 esse
916 1245 1085 1287 dicatur
1105 1245 1274 1287 civibus
1290 1245 1496 1287 Romanis
1522 1245 1682 1301 optimo

127 1321 222 1363 iure
260 1319 465 1377 praeditis
509 1322 667 1374 (neque
709 1319 821 1360 enim
868 1318 957 1360 ulla
993 1317 1154 1374 insigni
1190 1317 1442 1360 crudelitate
1477 1317 1681 1359 Metellus

129 1408 237 1436 usus
268 1400 346 1443 est,
379 1392 456 1435 sed
485 1391 648 1434 invitus
679 1391 896 1433 hominem
927 1390 1244 1440 condemnarat,
1283 1390 1392 1446 legis
1430 1390 1683 1432 necessitate

130 1464 339 1521 coactus),
372 1464 484 1506 effici
514 1464 727 1513 videatur,
765 1470 814 1504 ut
848 1462 978 1504 Livia
1007 1462 1080 1504 illa
1107 1462 1175 1504 lex
1204 1469 1278 1504 aut
1306 1477 1390 1504 non
1421 1462 1580 1518 perlata
1611 1469 1685 1505 aut

129 1554 215 1580 non
249 1544 500 1580 conservata
540 1537 594 1579 sit
630 1543 704 1578 aut
742 1536 928 1591 denique
965 1535 1047 1578 alio
1088 1534 1354 1592 pertinuerit.
1412 1534 1683 1590 Quamquam

130 1617 278 1667 postea
306 1625 417 1653 anno
449 1610 498 1652 51
535 1609 597 1651 Μ.
627 1608 861 1651 Marcellus
894 1623 978 1651 cos.
1009 1609 1209 1651 colonum
1238 1606 1496 1650 Comensem
1527 1622 1579 1648 ex
1596 1606 1684 1649 La-

130 1683 220 1725 tina
250 1683 426 1732 colonia,
457 1682 531 1737 qui
573 1681 690 1737 apud
722 1695 822 1723 suos
852 1681 1013 1723 honore
1046 1688 1169 1738 gesto
1204 1680 1417 1722 civitatem
1446 1679 1685 1722 Romanam

133 1756 315 1812 adeptus
346 1762 449 1804 erat,
487 1753 622 1808 virgis
661 1753 827 1803 cecidit,
857 1754 974 1808 quod
1012 1754 1150 1796 civem
1182 1767 1277 1795 esse
1307 1759 1496 1808 negaret.
1558 1751 1683 1794 Hanc

135 1843 311 1884 poenam
341 1841 561 1882 nunquam
593 1825 676 1867 civi
695 1825 889 1867 Romano
917 1825 1053 1881 infligi
1083 1824 1142 1866 ait
1171 1824 1285 1880 App.
1303 1824 1402 1866 bell.
1423 1822 1503 1865 civ.
1526 1823 1585 1873 II,
1604 1823 1684 1874 263

137 1898 292 1943 Cicero
318 1899 373 1941 ad
404 1899 496 1941 Att.
521 1898 577 1948 V,
610 1901 673 1948 11,
702 1898 727 1940 2
757 1897 801 1939 in
842 1897 935 1939 cive
965 1897 1244 1954 illegitimam,
1283 1896 1328 1937 in
1356 1895 1514 1938 Latino
1545 1903 1686 1939 tamen

94 1985 97 1987 ·
134 1972 352 2014 crudelem
375 1972 512 2013 fuisse
532 1970 755 2027 significat.
787 1970 912 2024 Quae
927 1976 1025 2011 utut
1041 1984 1135 2012 esse
1158 1968 1433 2011 coniiciemus
1450 1971 1518 2023 (ac
1535 1968 1686 2012 dubito

135 2060 240 2087 num
269 2045 380 2087 ultra
420 2043 708 2086 coniecturam
740 2042 944 2099 progredi
983 2041 1142 2097 liceat),
1177 2041 1285 2083 illud
1323 2048 1436 2083 certe
1474 2041 1687 2098 intellige-

135 2132 245 2166 mus,
276 2117 320 2158 in
346 2116 426 2158 hoc
457 2131 688 2172 poenarum
708 2129 865 2171 genere
887 2114 1067 2156 Latinos
1097 2113 1267 2156 civitate
1284 2113 1478 2156 Romana
1503 2120 1687 2165 utentes,

133 2188 331 2243 quamvis
373 2188 542 2231 civibus
580 2187 740 2243 optimo
791 2187 885 2229 iure
927 2186 1131 2242 praeditis
1179 2185 1400 2235 cederent,
1443 2185 1684 2242 superiores

134 2259 270 2302 fuisse
301 2260 477 2315 reliquis
511 2259 694 2301 Latinis.
742 2257 831 2301 Sed
862 2259 966 2300 haec
997 2258 1171 2313 quidem
1196 2258 1360 2299 minora
1390 2264 1509 2299 erant
1535 2257 1580 2298 in
1605 2256 1686 2299 hac

138 2331 331 2374 civitate:
362 2332 470 2374 illud
502 2332 628 2388 longe
656 2331 808 2381 maius,
837 2330 953 2386 quod
983 2330 1150 2386 privata
1177 2330 1300 2385 quasi
1316 2337 1405 2371 tota
1431 2335 1550 2384 parte
1579 2328 1686 2371 civi-

135 2403 233 2446 tatis
262 2403 480 2446 Romanae
509 2404 753 2453 utebantur,
781 2404 856 2459 qui
887 2418 940 2444 ex
968 2401 1135 2443 Latinis
1162 2401 1278 2444 cives
1309 2401 1411 2444 facti
1438 2406 1571 2449 erant,
1601 2399 1629 2441 i.
1649 2414 1685 2442 e.

127 2475 350 2523 ,connubio
378 2483 420 2516 et
439 2476 705 2526 commercio,
732 2490 817 2531 quo
843 2475 1031 2530 reliquos
1051 2473 1228 2515 Latinos
1255 2473 1444 2515 caruisse
1475 2472 1685 2515 existimo.

137 2546 280 2600 Quam
319 2562 409 2589 rem
449 2547 485 2589 si
515 2547 691 2590 uberius
723 2547 924 2604 persequi
954 2546 1123 2595 vellem,
1154 2546 1288 2587 multa
1316 2551 1460 2587 essent
1488 2543 1685 2593 dicenda,

136 2618 401 2660 instituenda
440 2618 565 2661 etiam
606 2619 660 2661 de
697 2619 793 2675 ipso
830 2618 1044 2662 connubio
1081 2625 1206 2673 atque
1237 2616 1445 2672 imprimis
1476 2615 1530 2657 de
1570 2629 1685 2657 com-

140 2690 299 2732 mercio
327 2691 534 2745 quaestio,
564 2706 694 2746 quam
718 2692 919 2747 quoniam
939 2690 991 2733 ab
1019 2691 1101 2732 hoc
1131 2687 1447 2737 commentario,
1473 2701 1558 2742 quo
1581 2686 1687 2728 civi-

137 2762 235 2804 tatis
278 2762 495 2804 Romanae
535 2763 887 2819 propagationem
929 2763 1143 2805 illustrare
1184 2761 1469 2817 suscepimus,
1506 2758 1686 2800 alienam

140 2848 236 2876 esse
267 2833 480 2884 videmus,
511 2833 698 2877 breviter
723 2835 828 2890 quid
861 2835 1109 2885 sentiamus,
1141 2834 1382 2890 significare
1412 2830 1607 2875 sufficiat.
