1846 3100
485 141 539 173 De
564 139 676 172 Gallia
695 138 929 171 Romanorum
957 137 1130 180 provincia
1156 138 1342 180 appendiX.
1606 132 1684 176 173

141 249 360 306 pei-iorum
386 256 427 291 et
457 247 629 291 ambitio
658 247 920 289 minueretur
960 253 1002 289 et
1038 245 1173 288 libido
1209 245 1537 302 magistratuum
1566 259 1685 287 coer-

143 329 324 365 ceretur.
385 321 533 376 Itaque
567 326 615 361 ut
642 320 752 361 inter
787 319 1053 361 consulatum
1080 325 1406 374 praeturamque
1443 326 1484 360 et
1512 318 1686 374 provin-

143 394 304 437 ciarum
337 393 598 436 sortitionem
630 392 813 448 spatium
843 391 1020 448 imperio
1052 406 1232 434 vacuum
1265 391 1470 432 interesse
1498 390 1686 439 iubebat,

140 467 201 509 ita
230 466 392 522 aliquid
424 465 547 507 etiam
565 464 675 505 inter
688 464 931 519 provincias
951 471 992 506 et
1007 479 1142 506 novos
1158 463 1342 505 honores
1359 462 1540 503 interiici
1560 477 1687 517 opor-

142 540 273 589 tebat,
302 553 356 581 ne
377 538 412 580 si
427 537 523 593 quis
543 536 803 592 provinciam
828 551 925 578 cum
948 536 1171 594 consulatu
1192 534 1497 584 coniunxisset,
1521 534 1686 576 nullum

145 612 238 653 eius
265 609 496 654 accusandi
527 609 710 665 spatium
751 608 1075 664 relinqueretur.
1133 607 1271 662 quue
1302 607 1501 649 facillime
1538 607 1622 655 leX‚
1653 607 1688 649 si

142 682 340 726 absentes
383 681 629 724 candidatos
667 681 798 735 recipi
834 688 1016 730 vetaret,
1062 674 1382 735 assequebatur.
1439 679 1540 734 Ipsa
1578 679 1688 735 legis

143 755 276 798 verba
306 770 415 810 quae
442 754 599 796 fuerint
626 753 863 794 nescimus:
896 753 971 793 sed
1003 753 1093 794 sive
1116 752 1160 793 in
1194 767 1242 794 ea
1269 767 1354 793 una
1384 751 1572 793 absentis
1604 765 1689 792 vox

143 835 233 871 erat
262 828 354 870 sive
384 827 448 882 (id
478 826 592 881 quod
617 825 754 881 magis
782 825 930 875 credo)
961 825 1222 880 provinciam
1253 832 1326 866 aut
1349 839 1507 865 munus
1528 823 1689 865 haben-

143 901 198 942 tis
224 900 293 942 vel
326 898 461 942 simile
494 898 597 954 quid
629 897 842 939 adiectum
872 897 1180 947 inveniebatur,
1213 897 1462 952 scriptores,
1492 896 1565 950 qui
1594 894 1690 937 bre-

143 973 318 1014 vitatem
349 979 640 1027 sequerentur,
669 968 867 1010 absentes
895 976 1059 1020 tant-um
1093 970 1306 1024 appellare
1334 968 1436 1010 satis
1454 976 1556 1010 erat..
1595 968 1690 1009 Ab·

145 1059 239 1086 esse
267 1044 378 1086 enim
407 1042 671 1098 intelligitur,
704 1041 777 1097 qui
796 1040 968 1097 publice
994 1040 1127 1083 abest.
1171 1039 1370 1083 Caesaris
1394 1054 1495 1082 vero
1515 1040 1692 1082 historia

144 1116 324 1176 eandem
353 1132 443 1159 rem
473 1115 703 1158 clarissime
731 1116 1004 1157 demonstrat.
1063 1112 1193 1155 Anno
1224 1113 1336 1155 enim
1365 1112 1417 1154 52
1450 1112 1494 1154 in
1527 1128 1693 1154 summa

144 1189 408 1245 reipublicae
447 1187 761 1244 perturbatione
798 1201 896 1229 cum
934 1184 1014 1227 Cn.
1047 1185 1279 1241 Pompeius
1311 1185 1428 1227 solus
1463 1191 1691 1234 crearetur,

149 1260 310 1306 tribuni
350 1259 485 1316 plebis
529 1260 683 1315 aliique
714 1259 837 1301 amici
868 1256 1067 1301 Caesaris
1103 1258 1149 1299 id
1185 1272 1313 1313 agere
1355 1265 1605 1313 coeperant,
1645 1263 1693 1298 ut

149 1347 248 1375 eum
274 1332 337 1374 illi
365 1332 571 1388 collegam
603 1332 811 1374 adderent
847 1330 1045 1385 (Sueton.
1085 1328 1210 1372 Caes.
1254 1344 1290 1371 c.
1322 1329 1399 1379 ⁴26,
1441 1330 1526 1370 Dio
1568 1327 1693 1374 Cass.

146 1404 251 1454 XL,
276 1404 324 1446 51
350 1410 392 1446 et
415 1405 501 1455 56).
542 1404 751 1446 Nimirum
781 1418 834 1445 ex
863 1403 1088 1444 consulatu
1116 1411 1214 1458 apta
1241 1410 1330 1444 erat
1359 1401 1429 1443 vel
1453 1416 1566 1442 nova
1592 1415 1692 1456 pro-

149 1476 291 1519 vincia
323 1476 393 1518 vel
418 1476 572 1518 veteris
599 1475 869 1532 prorogati0‚
911 1482 1056 1531 aptum
1095 1489 1257 1515 novum
1291 1473 1536 1529 imperium,
1577 1473 1694 1528 quod

149 1563 248 1591 cum
262 1548 468 1604 Pompeio
496 1548 688 1590 futurum
717 1563 812 1590 esse
832 1547 1040 1597 viderent,
1067 1544 1242 1588 Caesari
1262 1560 1432 1600 quoque
1449 1545 1696 1600 contingere

147 1620 362 1663 volebant.
410 1619 498 1662 Sed
525 1620 595 1662 ille
626 1635 722 1662 cum
751 1636 775 1662 a
805 1619 917 1662 bello
948 1618 1116 1662 Gallico
1147 1618 1369 1660 discedere
1398 1617 1542 1665 nollet,
1575 1617 1611 1658 si
1635 1616 1696 1658 al-

150 1693 285 1735 terius
315 1693 560 1735 consulatus
594 1692 739 1748 petitio
773 1691 938 1734 absenti
979 1691 1061 1733 sibi
1098 1690 1297 1740 daretur,
1337 1696 1558 1732 contentus
1595 1695 1696 1738 erat,

151 1773 192 1807 et
218 1764 392 1820 quidem
417 1764 608 1820 legitimo
638 1779 716 1806 suo
741 1778 850 1806 anno
874 1764 900 1805 i.
930 1778 966 1805 e.
996 1763 1048 1805 48
1080 1779 1116 1804 a.
1147 1761 1260 1811 Chr3
1291 1777 1389 1804 nam
1417 1761 1462 1803 id
1489 1761 1548 1802 ita
1564 1761 1698 1802 latum

148 1851 244 1879 esse
271 1845 314 1880 et
332 1844 528 1878 auctores
546 1837 720 1878 tradunt
746 1843 787 1879 et
805 1851 883 1879 nos
900 1836 1012 1878 infra
1027 1833 1349 1891 explicabimus.
1396 1832 1515 1886 Quid
1536 1832 1697 1888 igitur?

147 1909 265 1953 Num
284 1924 384 1951 eum
413 1908 591 1964 imperio
619 1909 832 1951 consulari
851 1916 892 1950 et
914 1906 1220 1964 proconsulari,
1253 1905 1368 1960 quod
1390 1918 1559 1960 sperare
1585 1910 1698 1946 certo

148 1988 315 2038 posset,
356 1981 436 2023 hoc
464 1989 653 2023 mutasse
683 1988 909 2037 putamus,
952 1987 1001 2021 ut
1028 1979 1175 2021 liceret
1206 1978 1287 2020 sibi
1316 1992 1391 2033 per
1421 1992 1523 2018 rura
1550 1976 1697 2018 Italiae

149 2053 324 2109 vaganti
350 2067 461 2095 anno
492 2053 544 2095 49
577 2053 844 2095 consulatum
873 2051 1045 2108 petere?
1103 2050 1358 2094 Absurdum
1387 2049 1495 2090 illud
1523 2048 1696 2103 quidem

151 2133 228 2167 est.
271 2123 361 2168 Sed
389 2124 488 2181 plus
519 2124 557 2166 ei
580 2124 727 2166 datum
757 2139 851 2167 esse
879 2124 1102 2173 faciamus,
1130 2130 1177 2164 ut
1204 2122 1352 2165 liceret
1378 2121 1416 2162 ei
1435 2120 1697 2176 provinciam

155 2211 295 2252 usque
325 2196 380 2239 ad
411 2196 583 2238 comitia
608 2197 707 2239 anni
739 2196 789 2238 49
807 2196 989 2238 retinere
1007 2203 1133 2251 atque
1152 2195 1211 2237 ita
1231 2194 1410 2236 alterum
1430 2192 1698 2234 consulatum

149 2277 309 2325 petere.
348 2268 464 2310 Num
494 2268 540 2310 id
572 2269 673 2310 satis
704 2269 796 2311 est?
827 2268 923 2310 Non
950 2268 1141 2316 videtur3
1171 2267 1231 2308 ita
1258 2265 1368 2307 enim
1401 2272 1515 2306 totus
1546 2279 1599 2305 ex
1631 2279 1698 2306 se-

151 2347 254 2384 natu
286 2340 515 2396 pendebat,
543 2355 670 2395 quem
698 2341 779 2383 sibi
812 2341 1043 2382 adversum
1070 2354 1165 2382 esse
1195 2335 1505 2393 suspicabatur.
1551 2335 1698 2389 Quare

151 2427 328 2455 necesse
354 2419 419 2454 est
441 2411 589 2454 decem
617 2411 885 2454 tribunorum
912 2412 1017 2454 haec
1043 2412 1114 2453 lex
1139 2411 1282 2460 fuerit,
1311 2417 1359 2451 ut
1376 2408 1538 2451 Caesar
1561 2423 1699 2464 usque

153 2485 207 2526 ad
239 2485 410 2526 comitia
436 2483 535 2526 anni
567 2484 618 2526 49
649 2484 908 2539 provinciam
938 2483 1139 2526 retineret
1167 2490 1293 2537 atque
1323 2482 1382 2524 ita
1415 2481 1569 2523 absens
1598 2494 1698 2536 pro-

141 2556 424 2611 ·vinciamque
454 2555 640 2598 retinens
671 2556 848 2598 alterum
875 2555 1143 2597 consulatum
1170 2561 1344 2611 peteret.
1384 2553 1482 2596 Hoc
1510 2559 1575 2594 est
1590 2552 1699 2594 illud

153 2628 300 2684 populi
340 2627 621 2677 beneficium,
659 2628 776 2682 quod
818 2626 980 2669 Caesar
1013 2627 1105 2682 ipse
1138 2626 1234 2669 bell.
1267 2626 1348 2667 civ.
1381 2626 1425 2674 Ι,
1456 2625 1481 2666 9
1512 2623 1594 2666 sibi
1623 2638 1700 2679 per

155 2699 458 2743 contumeliam
482 2699 536 2742 ab
557 2698 740 2741 inimicis
758 2699 1002 2754 extorqueri
1017 2699 1211 2754 queritur
1231 2698 1304 2753 (cf.
1329 2698 1449 2739 Suet.
1467 2695 1593 2738 Caes.
1611 2695 1699 2754 29),

105 2813 111 2818 .
155 2772 273 2826 quod
299 2786 386 2814 non
414 2771 459 2813 in
489 2771 736 2814 consulatus
766 2778 931 2813 tantum
960 2771 1174 2827 petitione,
1206 2784 1356 2812 verum
1384 2768 1509 2810 etiam
1535 2767 1580 2809 in
1599 2781 1698 2823 pro-

155 2844 319 2886 vinciae
349 2842 649 2899 prorogatione
678 2843 806 2885 situm
838 2851 914 2884 est.
974 2843 1118 2896 Atque
1157 2841 1272 2883 idem
1303 2840 1386 2882 alia
1414 2840 1600 2895 quadam
1630 2854 1698 2882 ra-
