1846 3100
577 150 632 183 De
657 145 770 183 G'allia
789 150 1024 184 Romanorum
1052 150 1238 203 provincia.
1594 148 1672 192 129

128 276 285 319 magno
309 275 488 304 numero
516 261 734 317 copiarum
759 277 911 304 rursus
936 260 1115 305 Chattos
1141 267 1280 304 vastat
1301 260 1380 316 (II,
1407 260 1495 317 25).
1545 261 1675 303 Unde

129 332 182 377 C.
213 333 369 376 Silium
404 339 446 376 et
486 333 541 375 A.
570 332 823 384 Caecinam,
865 349 974 391 quos
1001 334 1179 377 Tacitus
1221 334 1279 376 ait
1311 339 1405 375 octo
1431 332 1676 389 legionibus

130 405 400 449 Germanicis
428 406 681 462 praefuisse,
714 422 833 458 cum,
865 414 993 464 prout
1022 408 1190 450 iuberet
1220 406 1516 457 Germanicus,
1551 406 1677 448 modo

128 477 208 520 hoo
242 477 372 520 modo
406 478 516 520 illud
549 479 914 530 administrarent,
955 480 1084 522 modo
1116 479 1314 536 pluribus
1345 479 1473 521 modo
1503 478 1676 534 paucio-

127 550 248 594 ribus
289 550 426 608 copiis
462 559 731 608 praeessent,
771 552 1052 608 intelligimus
1090 567 1177 594 non
1203 551 1396 608 Augusti
1429 558 1470 593 et
1499 550 1676 600 Tiberii,

130 622 207 666 sed
237 623 376 679 ipsius
407 622 655 666 Germanici
687 624 822 666 fuisse
852 624 1017 680 legatos
1043 624 1174 680 idque
1201 625 1246 666 in
1273 622 1381 666 Silio
1408 623 1520 666 infra
1550 623 1677 666 etiam

129 696 211 738 alio
231 695 468 738 certissimo
485 703 739 752 argumento
758 696 1159 739 demonstrabimus.
1197 697 1334 740 Erant
1349 697 1483 753 igitur
1497 711 1676 752 prorsus

129 767 280 810 eodem
302 767 398 810 loco
424 783 510 823 quo
535 767 590 810 L.
609 767 842 824 Apronius,
870 769 945 825 qui
966 769 1117 811 consul
1132 784 1218 812 non
1238 770 1380 811 minus
1403 770 1544 811 fuerat
1566 783 1677 811 anno

129 840 155 883 8
184 854 227 896 p.
253 837 380 891 Chr.,
424 854 510 895 quo
549 840 832 883 Germanicus
869 828 972 883 item
1011 842 1067 884 ad
1105 842 1224 885 varia
1257 841 1429 897 negotia
1466 856 1572 883 usus
1613 847 1678 882 est

130 912 185 967 (I,
217 912 315 969 56),
355 927 405 955 ao
436 912 574 955 tribus
603 913 670 955 his
699 913 997 957 consularibus
1026 915 1119 957 eius
1144 914 1297 970 legatis
1327 920 1574 955 ornamenta
1603 912 1677 953 tri-

129 984 346 1041 umphalia
377 985 549 1028 decreta
580 992 680 1027 sunt
711 986 774 1040 (I,
806 986 894 1040 72).
954 985 1126 1041 Reliqui
1155 986 1284 1042 legati
1315 993 1435 1028 erant
1463 985 1676 1042 praetorii,

129 1057 179 1100 P.
207 1057 409 1100 Vitellius
450 1058 513 1112 (Ι,
541 1057 615 1114 70)
652 1065 694 1100 et
723 1056 774 1100 C.
803 1057 964 1101 Antius
991 1058 1077 1115 (II,
1107 1058 1154 1113 6)
1189 1065 1228 1101 et
1259 1058 1313 1100 L.
1342 1055 1470 1100 Seius
1501 1057 1678 1099 Tubero

129 1130 208 1185 (Π,
227 1130 316 1185 20),
339 1145 469 1186 quem
496 1137 720 1187 propterea
739 1130 942 1174 Tiberius
971 1131 1053 1173 sibi
1079 1131 1163 1187 ipsi
1191 1131 1236 1173 in
1257 1130 1480 1173 consulatu
1510 1129 1679 1172 suffecit

129 1218 240 1246 anno
271 1202 321 1246 18
347 1218 389 1259 p.
418 1200 548 1254 Chr.,
596 1203 720 1246 cuius
758 1217 913 1246 nomen
952 1203 1103 1246 dubito
1142 1219 1196 1246 an
1233 1202 1328 1245 libr.
1355 1203 1414 1253 II,
1445 1202 1471 1245 6
1507 1202 1551 1243 in
1584 1217 1678 1244 cor-

129 1282 257 1332 rupto
285 1274 357 1316 illo
386 1274 594 1317 vocabulo
623 1279 814 1327 Anteius,
858 1275 975 1332 quod
1006 1275 1140 1332 vulgo
1172 1275 1353 1332 legitur,
1392 1274 1532 1317 lateat.
1591 1274 1679 1316 Sex

130 1347 264 1403 igitur
297 1346 451 1403 legatis
489 1347 691 1390 utebatur
719 1347 1003 1391 Germanicus
1044 1355 1214 1404 praeter
1252 1348 1472 1404 legionum
1502 1346 1678 1402 quidem

130 1420 320 1477 legatos,
357 1434 412 1462 ex
441 1418 599 1475 quibus
631 1418 683 1463 C.
709 1418 966 1463 Caetronius
992 1421 1236 1463 nominatur
1263 1421 1299 1470 I,
1333 1420 1406 1471 44,
1450 1435 1501 1462 ao
1529 1435 1678 1475 quam-

130 1507 258 1548 quam
286 1498 372 1534 tres
401 1507 454 1535 ex
480 1491 532 1534 iis
562 1499 683 1535 erant
709 1493 954 1536 consulares
986 1508 1153 1536 summa
1183 1493 1391 1548 dignitate
1423 1492 1678 1548 militarique

130 1565 255 1615 fama,
285 1579 410 1607 nemo
439 1571 580 1607 tamen
609 1564 662 1607 ab
692 1565 947 1622 imperatore
972 1573 1147 1622 accepta
1169 1572 1378 1622 potestate
1404 1580 1531 1607 suum
1557 1580 1678 1607 exer-

132 1637 264 1679 citum
288 1635 485 1679 habebat.
531 1638 623 1679 Iam
650 1637 784 1694 igitur
811 1638 1018 1694 sapientia
1043 1638 1237 1694 Augusti
1265 1645 1453 1694 apparet,
1481 1637 1555 1692 qui
1581 1652 1679 1679 cum

134 1707 359 1751 Tiberium
397 1709 683 1752 coercendum
721 1724 816 1752 esse
852 1717 1042 1766 putaret,
1092 1709 1351 1753 Germanico
1392 1709 1678 1753 validissimas

131 1781 324 1837 legiones
374 1787 415 1823 et
456 1781 738 1837 peritissimos
785 1782 919 1824 duces
964 1789 1006 1824 et
1047 1782 1392 1838 opulentissimas
1438 1781 1678 1838 provincias

132 1852 327 1903 tradidit3
369 1859 544 1910 apparet
571 1853 698 1896 etiam
725 1854 854 1911 paulo
883 1860 982 1910 post
1008 1853 1288 1905 Germanico,
1327 1869 1423 1896 cum
1454 1854 1499 1896 in
1527 1854 1679 1896 Asiam

134 1924 389 1981 Syriamque
418 1925 680 1980 mitteretur,
717 1927 960 1983 ademptam
990 1942 1084 1970 esse
1110 1942 1310 1983 magnam
1338 1926 1551 1983 potentiae
1582 1941 1678 1982 par-

132 2005 218 2039 tem
247 2011 328 2040 nec
359 1997 577 2041 redditum
607 1999 724 2054 quod
753 1999 798 2040 in
828 1998 981 2041 Galliis
1010 1999 1232 2042 habuerat.
1293 1998 1405 2041 Nam
1430 1998 1552 2041 iuxta
1581 2013 1678 2040 eum

134 2067 215 2112 Cn.
235 2069 436 2112 Pisonem
458 2069 610 2127 Syriae
638 2071 818 2114 missum
844 2071 898 2113 ab
926 2070 1099 2114 Tiberio
1126 2071 1221 2128 ipso
1250 2071 1488 2128 praefuisse
1514 2077 1679 2112 constat

134 2141 257 2197 (Tae.
280 2142 511 2193 Annal.II,
531 2143 618 2198 43),
648 2158 728 2186 neo
757 2143 875 2199 quod
905 2144 1210 2186 transmarinae
1236 2150 1409 2186 senatus
1435 2142 1679 2200 provinciae

135 2215 227 2257 eius
267 2229 433 2258 summo
462 2215 640 2272 imperio
673 2215 1006 2267 mandabantur,
1048 2216 1129 2259 etsi
1157 2231 1357 2273 magnam
1388 2215 1574 2272 speeiem
1603 2215 1679 2257 ha-

135 2286 279 2338 bebat,
311 2288 563 2330 tantundem
590 2302 716 2330 verae
745 2288 959 2344 potentiae
988 2288 1205 2332 afferebat.

246 2358 392 2401 Rediit
428 2367 571 2403 autem
607 2358 892 2403 Germanicus
932 2375 985 2403 ex
1020 2361 1249 2403 universae
1291 2359 1456 2402 Galliae
1501 2359 1680 2415 imperio

135 2445 246 2473 anno
275 2431 323 2475 17
348 2447 391 2488 p.
413 2430 516 2475 Chr.
547 2432 910 2489 triumphavitque
939 2448 976 2475 a.
1005 2432 1047 2474 d.
1073 2432 1163 2475 VII
1192 2430 1285 2474 Cal.
1313 2432 1409 2474 Iun.
1439 2431 1562 2487 (Tae.
1586 2431 1680 2473 An-

135 2503 217 2544 nal.
244 2503 303 2553 11,
336 2503 423 2559 41).
483 2504 596 2558 Quis
632 2504 671 2547 ei
703 2505 981 2554 successerit,
1022 2504 1129 2546 solet
1159 2503 1350 2559 ignorari
1379 2517 1459 2545 nec
1488 2502 1679 2554 Tacitus,

135 2575 209 2629 qui
237 2574 348 2618 bella
375 2583 417 2618 et
443 2576 591 2619 civiles
619 2576 807 2619 actiones
835 2577 995 2619 referre
1025 2576 1190 2626 mallet,
1221 2589 1552 2618 commemorare
1579 2590 1680 2631 ope-

135 2661 208 2689 rae
251 2648 435 2703 pretium
475 2648 620 2699 duxit,
664 2648 739 2704 qui
770 2649 806 2691 si
834 2655 1005 2692 nostrae
1032 2649 1175 2706 potius
1207 2647 1399 2696 utilitati,
1442 2662 1570 2701 quam
1602 2647 1681 2689 arti

135 2719 476 2776 iucunditatique
504 2721 727 2763 consulere
747 2721 970 2772 voluisset,
999 2734 1328 2764 commemorare
1352 2718 1514 2761 debuit.
1561 2719 1682 2773 Quid

137 2791 250 2833 enim
275 2791 566 2835 existimamus
591 2793 746 2835 fecisse
765 2792 1023 2835 Tiberium?
1074 2791 1256 2834 Nolebat
1279 2791 1351 2834 ille
1380 2791 1562 2847 amplius
1590 2792 1682 2834 bel-

73 2919 78 2927 ·
136 2863 227 2906 lum
257 2865 349 2920 geri
382 2866 463 2915 vel,
494 2865 529 2907 si
559 2871 703 2908 essent
730 2864 878 2920 utique
907 2866 1188 2914 barbarorum
1217 2864 1403 2919 impetus
1433 2865 1682 2920 repellendi,

1389 2936 1414 2977 9
