1846 3100
133 132 212 175 182
475 135 530 167 De
553 135 667 168 Gallia
691 136 925 169 Romanorum
950 137 1124 179 provincia
1148 139 1330 179 appendix.

131 245 400 288 consulatum
430 244 648 300 explerat?
682 244 735 286 Id
763 260 816 286 ex
844 245 994 288 eadem
1020 245 1094 288 illa
1128 253 1302 289 senatus
1328 248 1577 290 auctoritate
1602 263 1676 291 ex-

130 317 378 374 plicandum
405 331 500 358 esse
533 331 758 360 censemus
783 333 862 360 nos
886 317 1086 373 quidem3
1117 317 1390 362 Hofmannus
1409 335 1451 376 p.
1474 321 1551 363 153
1575 336 1676 364 con-

129 389 239 440 iicit,
279 389 396 444 quod
434 404 487 431 ex
524 396 723 445 praetura
758 390 919 432 nullam
960 390 1225 447 provinciam
1259 390 1497 435 habuerant
1542 395 1688 450 eaque'

129 461 343 518 praetoria
384 461 605 517 provincia
632 469 728 517 post
768 463 1038 505 consulatum
1078 462 1281 505 translata
1311 471 1399 514 est,
1424 465 1512 520 ,sed
1549 481 1679 521 quam

131 533 350 576 difficilem
386 533 681 589 quaestionem
719 541 892 590 tangat,
925 534 1097 577 videtur
1136 535 1315 577 nescire.
1372 535 1497 578 Dixit
1530 538 1593 580 de
1629 553 1679 581 ea

130 607 265 648 multa
292 605 437 648 multis
466 606 571 648 locis
600 606 719 648 Bart.
749 607 1018 663 Borghesius
1057 621 1212 663 magna
1241 621 1338 648 cum
1367 608 1606 652 eruditione
1637 618 1679 652 et

132 679 380 729 subtilitate,
408 678 486 720 sed
517 679 719 721 adhibitis
745 679 1049 736 imperatorum
1075 679 1366 722 Romanorum
1392 681 1677 738 temporibus:

130 767 183 795 ex
211 752 285 795 illa
314 752 443 795 unius
475 751 575 795 anni
604 751 822 794 sortitione
853 751 961 793 nihil
993 751 1273 794 demonstrari
1303 759 1455 809 potest.

241 825 393 867 Altera
420 840 515 875 res,
543 824 586 866 in
611 839 697 880 qua
715 824 1021 880 vituperamur,
1049 824 1157 866 levis
1182 839 1283 867 sane
1307 831 1371 867 est
1392 839 1472 868 nec
1493 839 1678 868 comme-

131 894 388 948 moraretur,
425 897 508 939 nisi
547 911 703 952 magna
740 896 865 939 nobis
902 897 1072 940 inscitia
1107 896 1448 953 exprobraretur.
1505 898 1678 942 Etenim

129 985 240 1012 anno
259 969 312 1012 49
332 968 382 1011 C.
400 969 614 1011 Fannium
641 975 892 1024 praetorem,
918 984 1002 1011 non
1020 969 1152 1012 Asiae
1180 985 1258 1026 pro
1288 978 1524 1026 praetorem
1542 972 1678 1015 fuisse

130 1043 318 1085 diximus
356 1042 400 1084 in
433 1048 659 1083 comment.
688 1041 822 1097 epigr.
846 1040 944 1083 Vol.
971 1042 1016 1083 ΙΙ
1041 1057 1084 1097 p.
1114 1042 1209 1092 2123,
1237 1050 1462 1098 propterea
1489 1044 1606 1099 quod
1633 1045 1677 1087 in

129 1115 315 1158 nummis
346 1115 632 1171 appellaretur
660 1114 740 1156 PR
767 1114 795 1155 i.
825 1130 860 1155 c.
892 1121 1076 1170 praetor.
1135 1115 1196 1157 At
1220 1115 1496 1158 Hofmannus
1525 1132 1568 1172 p.
1600 1117 1678 1160 156

129 1203 207 1230 nos
239 1188 364 1230 docet
394 1202 518 1243 saepe
552 1186 626 1242 qui
653 1201 731 1242 pro
764 1186 1013 1228 consulibus
1046 1195 1202 1238 essent,
1233 1188 1458 1238 consules,
1499 1189 1574 1244 qui
1602 1203 1678 1245 pro

132 1259 426 1317 praetoribus,
468 1266 683 1315 praetores
725 1273 819 1301 esse
862 1258 1108 1314 appellatos.
1167 1259 1291 1302 Nova
1330 1260 1492 1302 scilicet
1528 1275 1598 1303 res
1637 1268 1679 1303 et

129 1347 257 1387 quam
281 1346 360 1374 nos
390 1346 443 1373 ne
473 1331 605 1373 fando
635 1330 810 1386 quidem
840 1346 1030 1386 unquam
1056 1332 1362 1375 audiverimus.
1407 1332 1679 1388 Quamquam

131 1405 289 1447 vellem
312 1403 454 1446 hercle
484 1403 594 1445 illud
624 1403 678 1445 de
700 1403 949 1446 consulibus
970 1404 1324 1454 demonstrassem
1355 1404 1478 1447 nobis
1504 1405 1679 1460 quidem

130 1477 303 1519 videtur
330 1491 425 1519 esse
443 1475 685 1518 inauditum
715 1476 882 1532 locique
907 1492 1016 1532 quos
1035 1478 1171 1527 affert,
1202 1477 1353 1533 partim
1371 1477 1415 1519 in
1431 1476 1679 1520 melioribus

130 1549 391 1592 editionibus
431 1548 610 1592 correcti
654 1556 773 1600 sunt,
813 1549 932 1592 velut
971 1548 1062 1592 Cic.
1089 1565 1129 1605 p.
1163 1547 1297 1592 Arch.
1328 1550 1374 1599 5,
1411 1549 1566 1605 partim
1596 1549 1680 1592 alio

131 1622 356 1680 pertinent.
404 1619 493 1664 Sed
523 1636 576 1663 ne
595 1630 812 1678 praetores
839 1622 1013 1677 quidem
1043 1622 1117 1678 qui
1144 1637 1222 1678 pro
1239 1621 1504 1678 praetoribus
1524 1628 1680 1672 essent,

129 1696 174 1737 in
187 1695 374 1737 nummis
389 1702 502 1737 certe
520 1709 710 1749 unquam
728 1693 1063 1751 appellabantur.
1093 1694 1203 1736 Nam
1221 1709 1330 1750 quae
1351 1694 1544 1750 exempla
1558 1693 1680 1736 affert

132 1783 185 1810 ex
201 1767 381 1809 Eckhel.
398 1766 550 1808 Doctr.
564 1782 725 1808 numm.
740 1766 853 1823 IVp.
870 1767 965 1817 230,
995 1782 1104 1822 quae
1128 1782 1182 1808 ne
1211 1765 1335 1808 nobis
1360 1766 1534 1821 quidem
1553 1766 1678 1822 igno-

130 1848 173 1883 ta
209 1840 343 1882 fuisse
386 1839 618 1896 disputatio
657 1847 802 1882 nostra
836 1839 960 1882 facile
1000 1839 1206 1889 ostendit,
1244 1839 1304 1881 ita
1330 1846 1429 1881 sunt
1455 1838 1600 1889 dubia,
1630 1845 1679 1880 ut

130 1913 192 1955 M.
227 1913 376 1956 Atium
405 1911 591 1954 Balbum
621 1927 722 1954 vere
750 1919 1002 1968 praetorem,
1035 1910 1081 1954 S.
1103 1910 1309 1954 Catonem
1331 1911 1432 1953 item
1461 1911 1530 1953 vel
1554 1926 1678 1966 prae-

131 1993 266 2028 torem
297 1985 365 2027 vel
396 1986 662 2041 praefectum
696 1986 814 2038 (nam
837 2000 916 2042 pro
940 1992 1135 2041 praetore
1157 1999 1375 2038 nunquam
1401 1983 1504 2038 fuit)
1534 1984 1677 2026 vocari

130 2073 341 2109 censeam,
371 2057 618 2113 praesertim
650 2072 749 2099 cum
778 2072 913 2098 unum
942 2056 1076 2106 illum,
1106 2056 1178 2111 qui
1197 2063 1416 2111 praeterea
1430 2055 1475 2097 in
1491 2055 1676 2098 nummis

132 2129 465 2187 provincialibus
491 2129 571 2171 PR
597 2138 789 2178 vocatur,
823 2127 874 2171 C.
901 2127 1143 2184 Coponium
1170 2143 1269 2170 vere
1291 2134 1527 2184 praetorem
1541 2128 1676 2170 fuisse

131 2202 446 2245 ostenderimus
490 2217 533 2258 p.
575 2201 670 2244 214.
730 2200 820 2243 Sed
855 2208 1052 2243 narratur
1088 2199 1211 2242 etiam
1245 2198 1295 2242 C.
1331 2200 1523 2242 Fannius
1560 2201 1676 2256 apud

133 2272 226 2316 Cic.
256 2274 310 2317 ad
340 2274 431 2316 Att.
461 2273 568 2324 VII,
610 2273 683 2322 15,
721 2273 747 2315 2
774 2273 817 2314 in
849 2272 1039 2315 Siciliam
1069 2287 1163 2314 esse
1190 2272 1347 2314 missus
1379 2272 1510 2327 idque
1536 2271 1676 2314 minus

131 2347 256 2389 facile
285 2346 410 2388 nobis
439 2346 484 2387 in
515 2361 579 2396 eo,
610 2345 685 2401 qui
715 2345 929 2401 propriam
958 2344 1219 2401 provinciam
1250 2343 1445 2394 haberet,
1486 2352 1571 2386 tam
1600 2358 1676 2399 pe-

130 2418 327 2461 riculosis
342 2418 608 2475 temporibus
625 2418 853 2460 videbatur
871 2416 1064 2459 accidere
1081 2416 1286 2472 potuisse.
1322 2416 1383 2458 At
1405 2415 1675 2458 Hofmannus

133 2490 339 2546 exemplis
367 2491 513 2533 multis
543 2491 680 2533 allatis
709 2490 995 2539 demonstrat,
1034 2488 1178 2530 multis
1210 2503 1336 2544 saepe
1366 2495 1549 2530 mutatas
1581 2503 1676 2530 esse

131 2563 395 2619 provincias,
423 2563 569 2605 multis
607 2570 726 2604 extra
755 2561 949 2604 ordinem
977 2561 1058 2603 alia
1086 2560 1262 2616 imperia
1294 2560 1478 2602 decreta.
1538 2559 1675 2613 Quasi

132 2649 233 2677 vero
260 2634 307 2676 id
335 2649 414 2677 nos
436 2634 743 2684 ‘nescim-imus,
775 2633 852 2676 sed
878 2632 996 2688 quod
1025 2633 1194 2675 facilius
1221 2640 1263 2674 et
1291 2631 1415 2688 quasi
1439 2631 1674 2688 simplicius

133 2714 260 2756 esset,
292 2707 561 2762 sequendum
590 2721 684 2748 esse
714 2705 984 2762 putabamus.
1033 2704 1306 2761 Quamquam
1338 2705 1460 2755 levis,
1486 2712 1535 2746 ut
1563 2704 1675 2746 dixi-

134 2793 244 2827 mus,
273 2784 338 2820 est
366 2793 436 2822 res
466 2793 600 2835 eaque
617 2778 670 2821 de
689 2793 776 2834 qua
793 2777 898 2820 alios
920 2777 1041 2819 aliter
1060 2777 1215 2819 sentire
1233 2778 1432 2820 facillime
1451 2777 1674 2833 patiamur,

135 2850 369 2893 dummodo
396 2865 450 2893 ne
476 2850 795 2894 notissimarum
824 2864 967 2892 rerum
993 2850 1187 2892 inscitiae
1213 2850 1296 2906 ipsi
1329 2863 1571 2906 arguamur.
