1846 3100
571 153 625 185 De
652 153 828 185 dictatoris
857 153 1013 186 Caesaris
1040 153 1236 185 honoribus.
1596 151 1678 195 205

132 271 172 307 et
202 264 255 306 L.
287 262 488 307 Cornelio
520 277 605 306 cos.
638 262 813 304 tradunt
842 261 925 318 ipsi
959 261 1076 312 fasti,
1116 261 1193 304 sed
1228 278 1312 318 quo
1350 264 1449 305 anni
1491 269 1681 320 tempore

132 338 303 380 decreta
343 336 420 386 sit,
464 336 522 378 ita
559 351 584 378 a
618 335 721 378 viris
756 334 894 376 doctis
924 334 1164 389 quaesitum
1194 341 1280 386 est,
1320 343 1369 377 ut
1400 336 1453 378 ab
1486 351 1536 378 eo
1565 336 1682 392 quod

131 425 282 452 verum
311 415 388 459 est,
423 407 655 451 recessisse
683 406 924 449 videantur.
976 406 1147 448 Etenim
1165 406 1345 449 Eckhel.
1366 408 1501 450 doctr.
1521 422 1682 451 numm.

131 482 196 525 VI
223 497 265 538 p.
299 481 363 531 14,
395 481 475 523 etsi
505 495 682 537 peccare
712 478 934 528 intellexit,
966 478 1002 520 si
1030 478 1103 533 qui
1134 493 1187 520 ex
1215 479 1472 535 scriptorum
1499 481 1682 536 quibus-

132 555 231 597 dam
270 554 413 596 minus
457 553 593 595 cautis
634 551 777 594 verbis
816 551 937 593 initia
971 551 1279 594 dictaturarum
1310 559 1351 594 et
1383 553 1683 596 consulatuum

131 627 281 670 eadem
308 626 444 669 fuisse
471 625 628 668 vellent
657 624 874 680 colligere,
907 624 1046 666 minus
1076 631 1216 666 tamen
1233 631 1347 667 recte
1367 639 1514 667 omnes
1544 626 1682 668 dicta·

131 707 248 743 turas
274 698 327 742 ab
354 705 514 741 aestate
543 697 634 739 sive
663 696 774 738 Iulio
802 697 890 738 sere
920 711 1066 739 mense
1089 696 1344 752 repetendas
1372 713 1467 740 esse
1487 698 1682 754 putabat:

131 787 217 829 qua
241 772 286 814 in
312 771 510 828 opinione
542 777 582 812 et
611 769 868 824 scriptorum
892 769 1134 811 testimonia
1155 769 1345 825 neglexit
1376 776 1416 811 et
1443 770 1548 825 quid
1574 771 1685 814 inter

131 845 311 902 primam
341 850 382 886 et
411 843 521 885 inter
546 842 733 898 reliquas
764 841 998 884 dictaturas
1021 842 1260 891 interesset,
1291 842 1433 884 minus
1451 843 1682 899 perspexit.

134 917 223 961 Sed
251 923 426 960 secutus
457 922 598 958 tamen
625 914 803 957 eandem
831 914 1036 956 rationem
1055 913 1318 957 Letronnius
1339 915 1474 958 Inscr.
1494 915 1683 972 Aegypt.

132 990 229 1033 Vol.
256 990 302 1032 II
329 1005 371 1046 p.
405 989 481 1031 133
513 987 697 1030 confecit
726 987 851 1029 etiam
878 986 1082 1037 tabulam,
1115 986 1159 1027 in
1188 1002 1273 1042 qua
1299 988 1547 1031 consulatus
1573 987 1684 1031 Cae-

134 1063 240 1106 saris
273 1068 314 1105 et
343 1061 576 1104 dictaturas
606 1060 665 1103 ita
694 1060 931 1116 disposuit,
956 1054 1020 1101 'ut
1055 1059 1227 1101 illorum
1258 1060 1446 1102 omniurn
1476 1061 1686 1118 principia

132 1153 157 1180 a
186 1135 286 1178 Kal.
318 1135 422 1184 Ian„
463 1133 614 1175 harum
642 1149 667 1175 a
692 1133 791 1174 Kal.
825 1133 908 1174 Iul.
938 1139 1160 1188 repeteret.
1216 1133 1283 1175 Ita
1311 1134 1474 1175 nummi
1505 1135 1685 1177 fortasse

131 1208 298 1265 possint
337 1205 565 1264 explicari,
609 1205 685 1247 sed
725 1220 775 1247 ea
808 1205 1019 1247 honorum
1059 1205 1412 1247 conferendorum
1450 1207 1684 1262 aequalitas

133 1281 338 1331 efficitur,
382 1293 511 1335 quam
547 1278 591 1320 in
633 1277 857 1320 dictaturis
886 1293 1129 1333 nunquam,
1171 1277 1215 1318 in
1246 1278 1540 1321 consulatibus
1572 1286 1685 1321 certe

134 1351 333 1396 Caesaris
358 1367 445 1394 non
473 1350 710 1393 obtinuisse
741 1351 941 1393 sciamus.
994 1350 1086 1392 Nos
1114 1349 1288 1405 quidem
1320 1351 1439 1403 (nam
1467 1350 1519 1393 ab
1547 1351 1685 1394 dicta-

133 1433 230 1468 tura
259 1423 458 1468 Caesaris
493 1439 678 1480 regnum
715 1423 930 1465 numerari
969 1437 1046 1479 pro
1083 1429 1197 1465 certo
1234 1423 1456 1479 ponimus)
1498 1424 1686 1480 primum

132 1498 215 1541 hoc
248 1497 523 1554 colligemus,
567 1511 665 1538 cum
701 1503 904 1552 quattuor
941 1496 1041 1538 anni
1079 1502 1121 1538 et
1158 1502 1322 1552 septem
1360 1511 1529 1539 menses
1560 1498 1687 1553 regni

133 1571 267 1614 fuisse
310 1570 508 1612 dicantur
547 1584 686 1624 usque
731 1569 786 1611 ad
813 1569 920 1611 Idus
961 1568 1089 1610 Mart.
1130 1567 1230 1610 anni
1265 1567 1338 1618 44,
1385 1583 1471 1610 non
1511 1569 1686 1613 ineunte

136 1658 282 1686 mense
318 1642 430 1685 Iulio
471 1642 571 1684 anni
603 1642 655 1685 49
695 1642 858 1684 factum
896 1656 990 1684 esse
1027 1641 1278 1683 dictatorem
1315 1639 1566 1692 Caesarem,
1610 1642 1688 1684 sed

135 1722 336 1765 exeunte;
379 1714 415 1756 si
456 1714 570 1756 enim
606 1714 662 1755 ad
701 1713 949 1769 quindecim
983 1712 1098 1763 dies,
1145 1728 1252 1768 quos
1283 1729 1308 1755 a
1335 1713 1434 1756 Kal.
1462 1729 1601 1770 usque
1632 1715 1686 1757 ad

134 1787 242 1830 Idus
272 1786 450 1829 Martias
486 1786 708 1843 regnavit,
747 1786 908 1841 aliquot
944 1785 1228 1828 accessissent
1264 1786 1423 1828 mensis
1459 1786 1556 1828 Iulii
1588 1787 1687 1829 anni

137 1860 204 1910 49,
234 1866 330 1902 octo
359 1860 504 1917 potius
533 1875 663 1915 quam
695 1866 856 1916 septem
885 1848 1053 1900 menses
1086 1864 1425 1900 numerarentur.
1480 1859 1572 1902 Nec
1597 1875 1687 1903 ma-

137 1933 204 1991 gis
234 1933 279 1975 in
307 1939 534 1975 exeuntem
560 1931 812 1988 Augustum
843 1931 1078 1973 dictaturae
1106 1930 1275 1972 initium
1302 1930 1476 1982 incidit3
1507 1947 1606 1974 nam
1629 1932 1689 1975 ita

138 2021 213 2048 sex
242 2005 370 2048 modo
401 2005 524 2061 regni
555 2019 724 2047 menses
750 2004 866 2060 pleni
893 2010 1062 2060 praeter
1086 2011 1288 2059 quattuor
1312 2018 1445 2045 annos
1472 2004 1687 2060 relinque-

137 2085 296 2121 rentur.
358 2077 505 2131 Quare
537 2084 719 2119 exeunte
746 2091 891 2119 mense
917 2076 1030 2118 Iulio
1058 2075 1126 2118 vel
1151 2075 1326 2118 ineunte
1354 2074 1559 2132 Augusto
1588 2076 1687 2118 anni

139 2150 192 2193 49
232 2148 393 2193 Caesar
431 2149 614 2191 dictator
649 2148 789 2190 factus
828 2148 882 2190 sit
922 2163 1098 2191 necesse
1138 2154 1214 2189 est.
1288 2146 1401 2190 Cum
1434 2147 1514 2190 hac
1544 2155 1688 2190 autem

138 2221 456 2264 ratiocinatione
485 2236 594 2277 quae
623 2220 677 2263 ab
703 2220 986 2276 scriptoribus
1018 2219 1259 2270 traduntur,
1294 2235 1470 2276 prorsus
1500 2235 1688 2277 congru-

139 2302 229 2343 unt,
257 2300 299 2335 et
325 2293 384 2335 ita
410 2300 668 2350 congruunt,
699 2300 747 2335 ut
775 2293 848 2335 illa
874 2293 998 2335 etiam
1027 2292 1269 2334 accuratius
1298 2291 1538 2334 definiatur.
1597 2290 1687 2334 Sed

138 2365 244 2407 illud
273 2365 394 2422 prius
424 2366 717 2421 quaerendum
746 2372 823 2416 est,
855 2365 1091 2407 dictaturae
1119 2364 1326 2420 regnique
1353 2364 1524 2406 initium
1550 2363 1603 2407 ab
1634 2379 1684 2407 eo

141 2437 226 2487 die,
254 2452 339 2492 quo
366 2437 537 2480 decreta
561 2445 639 2488 est,
673 2453 726 2480 an
751 2438 804 2481 ab
835 2453 898 2488 eo,
930 2453 1015 2493 quo
1047 2436 1207 2479 Caesa-r
1232 2436 1394 2493 recepit
1417 2436 1686 2492 insigniaque

145 2509 237 2569 eiu-s
267 2511 513 2566 usurpavit,
553 2517 824 2561 numeretur3
870 2518 1100 2565 utrumque
1133 2509 1246 2551 enim
1278 2508 1516 2550 rectissime
1548 2514 1689 2564 potest

145 2580 337 2637 cogitari.
380 2582 472 2624 Iam
499 2581 687 2638 insignia
714 2582 948 2625 dictaturae
968 2581 1129 2624 Caesar
1154 2581 1326 2623 videtur
1345 2580 1581 2636 sumpsisse
1601 2595 1687 2622 non

143 2652 263 2708 prius
307 2667 434 2707 quam
475 2653 697 2709 Hispaniis
736 2653 1014 2709 Massiliaque
1063 2653 1187 2696 victis
1238 2653 1292 2694 ad
1342 2651 1492 2695 urbem
1541 2651 1682 2694 rediit.

144 2723 252 2766 Nam
283 2731 324 2766 et
349 2723 574 2780 Appianus
603 2725 701 2768 bell.
727 2725 809 2768 civ.
837 2726 896 2776 II,
925 2726 978 2769 48
1009 2726 1062 2767 de
1091 2725 1304 2767 dictatura
1331 2724 1423 2766 eius
1450 2724 1566 2774 dicit,
1594 2738 1687 2766 eam

144 2810 223 2851 per
254 2795 455 2839 undecim
487 2795 579 2840 dies
610 2803 774 2854 gestam
806 2813 900 2841 esse
938 2799 1019 2856 (tot
1048 2804 1190 2840 autem
1220 2811 1265 2838 se
1294 2796 1338 2837 in
1365 2795 1471 2838 urbe
1502 2810 1687 2838 commo-

146 2874 286 2910 ratum
316 2883 410 2911 esse
441 2868 532 2925 ipse
560 2868 617 2911 ait
643 2868 741 2912 bell.
773 2870 853 2913 civ.
880 2870 962 2921 ΙΠ,
990 2869 1084 2925 22),
1117 2883 1196 2912 nec
1225 2867 1489 2912 dissimiliter
1517 2868 1688 2911 Plutar-
