1846 3100
474 136 527 168 De
555 135 669 169 Gallia
691 135 928 169 Romanorum
951 136 1124 178 provincia
1147 138 1330 180 appendix.
1595 135 1673 180 175

123 242 265 285 minus
296 249 436 286 tamen
466 250 580 286 recte
606 243 674 285 ius
698 243 939 299 provinciae
969 250 1011 286 et
1035 245 1248 288 exercitus
1276 246 1483 288 distinxit.
1542 246 1674 301 Quod

124 322 266 358 autem
288 315 342 357 de
371 316 615 372 provinciae
640 323 681 358 et
702 316 914 358 exercitus
943 317 1207 372 separatione
1230 318 1558 374 disputavimus,
1589 335 1674 361 non

124 401 219 429 esse
257 402 283 429 a
317 387 443 430 nobis
486 388 796 444 excogitatum,
842 388 918 430 sed
955 387 1101 432 multis
1138 390 1365 432 multorum
1405 392 1674 434 sermonibus

121 467 226 501 tunc
255 459 463 515 agitatum
489 475 560 510 ea,
608 475 718 516 quae
757 460 838 503 sub
872 461 1042 504 initium
1076 461 1176 504 belli
1213 478 1323 505 anno
1354 464 1405 506 49
1438 470 1532 506 acta
1561 471 1674 514 sunt,

123 531 368 574 ostendunt.
410 532 584 576 Etenim
602 531 763 576 Caesar
790 533 883 589 ipse
913 549 948 576 c.
975 534 1005 589 v‘2
1036 541 1209 577 senatus
1240 536 1484 578 consultum
1514 537 1674 578 factum

123 618 219 646 esse
244 602 405 653 scribit,
428 606 496 644 utz·
513 612 609 646 ante
640 612 792 647 certum
820 608 924 646 diem
946 609 1095 649 Caesar
1121 611 1344 649 exercitum
1372 610 1570 659 dimittat,
1599 609 1674 651 sed

124 676 295 732 plenius
326 676 553 731 exequitur
584 677 669 719 Dio
696 677 823 728 XLI,
856 678 880 719 3
912 678 1133 720 decretum
1163 694 1280 729 esse,
1309 687 1357 722 ut
1387 678 1548 723 Caesar
1574 696 1674 737 pro—

125 748 314 790 vinciam
343 748 665 791 successoribus
690 750 876 792 traderet
902 758 944 792 et
974 751 1208 793 exercitum
1240 758 1335 794 ante
1373 760 1528 795 certam
1562 753 1675 796 diem

125 819 371 863 dimitteret.
406 820 458 863 Id
484 820 546 863 sic
571 821 642 877 agi
671 822 903 878 oportebat,
938 831 986 864 ut
1007 824 1220 866 exercitus
1250 824 1369 880 prius
1393 825 1676 868 dimitteretur

123 907 252 947 quam
281 907 552 936 successores
581 894 624 935 in
656 895 920 950 provinciam
950 896 1169 946 venirent3
1200 911 1338 951 neque
1368 898 1480 939 enim
1510 898 1674 940 alienus

124 965 336 1007 exercitus
364 965 409 1007 in
437 966 669 1022 provincia,
697 982 807 1022 quae
836 969 1221 1024 novoproconsuli
1248 976 1428 1024 pareret,
1456 985 1675 1012 remanere

123 1044 300 1093 poterat.
339 1037 482 1092 Quem
504 1038 617 1080 diem
643 1046 815 1081 senatus
839 1040 1081 1081 dimittendi
1107 1041 1322 1083 exercitus
1339 1043 1675 1098 praescripserit,

122 1109 336 1160 nescitum
381 1111 457 1152 sed
488 1111 598 1152 intra
629 1126 818 1154 mensem
849 1113 939 1154 fere
971 1112 1127 1154 dimitti
1156 1120 1350 1169 poterant
1383 1112 1582 1157 Caesaris
1613 1116 1674 1158 le-

124 1182 291 1236 giones,
320 1189 412 1225 tum
437 1198 711 1239 praecurrere
739 1198 950 1226 novorum
971 1185 1276 1240 proconsulum
1304 1186 1447 1243 legati,
1475 1187 1548 1242 qui
1576 1202 1675 1243 pro-

124 1254 286 1297 vincias
310 1255 566 1311 acciperent.
603 1255 695 1311 Ipsi
724 1257 1003 1312 proconsules
1031 1257 1198 1299 interim
1222 1258 1449 1300 dilectibus
1476 1274 1675 1315 novoque

124 1326 314 1369 exercitu
342 1329 628 1384 comparando
657 1329 990 1385 occupabantur.
1050 1328 1139 1372 Sed
1169 1331 1369 1386 persequi
1401 1330 1531 1381 haec,
1564 1347 1674 1386 quae

124 1399 407 1442 demonstrari
439 1415 523 1441 non
549 1409 731 1455 possunt
760 1402 943 1457 bellique
969 1402 1156 1443 tumultu
1186 1402 1433 1458 perturbata
1466 1412 1578 1453 sunt,
1608 1404 1675 1445 in-

124 1472 226 1514 utile
262 1479 347 1522 est3
383 1472 490 1514 illud
534 1482 647 1516 certe
678 1481 874 1530 apparet,
909 1474 1025 1529 quod
1055 1474 1166 1515 inter
1195 1475 1459 1530 provinciam
1499 1483 1540 1517 et
1566 1476 1676 1518 inter

123 1544 358 1586 exercitum
389 1545 620 1589 discrimen
653 1544 805 1588 Cicero
837 1546 1067 1602 significat,
1109 1546 1163 1588 de
1194 1561 1244 1589 eo
1273 1547 1399 1590 etiam
1430 1548 1523 1590 aliis
1554 1548 1674 1590 testi-

123 1615 277 1658 moniis
309 1624 516 1660 constare.

235 1688 528 1732 Veruntamen
564 1697 611 1732 ut
649 1691 703 1732 ad
738 1691 1080 1733 Hofmannianas
1118 1691 1303 1733 rationes
1333 1691 1562 1747 locumque
1598 1689 1674 1734 Ci-

125 1761 290 1803 ceronis
330 1761 553 1818 paululum
585 1769 868 1812 revertamur,
904 1763 946 1804 in
974 1763 1026 1804 iis
1056 1778 1164 1818 quae
1195 1770 1294 1805 sunt
1321 1766 1543 1804 exercitum
1574 1766 1674 1804 reti-

123 1837 258 1874 nentis
275 1848 367 1874 cum
393 1836 493 1888 legis
514 1836 596 1875 dies
626 1838 850 1885 transierit,
884 1838 1085 1876 rationem
1107 1835 1250 1875 haberi
1259 1837 1429 1888 placet?
1455 1835 1675 1889 quaeritur

123 1920 233 1960 quae
274 1906 344 1948 lex
375 1906 556 1948 dicatur.
614 1906 711 1948 Non
738 1907 869 1949 dubie
903 1907 1097 1963 Pompeii
1138 1913 1179 1949 et
1207 1904 1355 1949 Crassi
1384 1907 1547 1963 legem,
1589 1922 1675 1962 qua

124 1977 304 2019 alterum
332 1978 672 2033 quinquennium
705 1977 880 2021 Caesari
913 1980 1058 2022 datum
1089 1985 1167 2029 est,
1198 1979 1404 2035 intelligo.
1445 1978 1674 2021 Probabile

123 2049 167 2090 id
199 2064 294 2092 esse
324 2065 488 2106 negans
516 2051 813 2102 Hofmannus,
844 2051 1090 2108 prohibere,
1120 2051 1272 2107 inquit,
1306 2049 1534 2093 Caesarem
1565 2051 1672 2107 peti-

126 2121 240 2163 tione
271 2137 381 2177 quae
410 2123 506 2178 lege
536 2123 693 2182 apertis
722 2123 864 2166 verbis
896 2124 934 2165 ei
962 2124 1060 2165 data
1090 2132 1192 2174 erat,
1220 2139 1270 2166 ea
1300 2124 1354 2166 de
1383 2138 1524 2172 causa,
1555 2123 1672 2178 quod

123 2193 235 2235 ultra
264 2193 504 2250 legitimum
544 2203 712 2250 tempus
753 2196 988 2237 exercitum
1022 2195 1290 2244 retinuisset,
1342 2211 1446 2236 num
1484 2194 1566 2237 hoc
1608 2200 1673 2236 est

123 2265 215 2306 iure
246 2279 374 2321 agere
403 2273 476 2308 aut
501 2267 756 2322 aequitatem
785 2267 1069 2309 conservare?
1124 2266 1299 2308 Leviter
1325 2266 1582 2308 inflectendo
1606 2272 1671 2308 to-

123 2343 209 2378 tam
223 2334 446 2380 Ciceronis
464 2339 715 2381 sententiam
737 2345 992 2388 commutat3
1020 2354 1158 2394 neque
1185 2338 1294 2380 enim
1318 2338 1459 2380 hercle
1484 2352 1670 2389 causam,

123 2423 253 2464 quare
293 2407 491 2452 Caesaris
528 2411 635 2453 ratio
669 2426 752 2452 non
793 2411 991 2453 habenda
1027 2411 1101 2461 sit,
1140 2409 1290 2452 Cicero
1327 2425 1418 2452 eam
1459 2425 1553 2453 esse
1599 2411 1670 2461 ait,

123 2481 239 2535 quod
269 2481 362 2523 dies
401 2483 511 2537 legis
550 2483 784 2525 transierit:
829 2482 875 2524 id
911 2483 1185 2525 Hofmannus
1225 2481 1421 2532 subiicit,
1467 2483 1559 2538 ipse
1595 2482 1670 2538 qui

126 2551 356 2594 Caesarem
385 2566 482 2594 cum
521 2553 630 2609 legis
661 2554 753 2597 dies
784 2555 1020 2604 transierit,
1062 2555 1295 2596 exercitum
1326 2554 1576 2596 retinentem
1606 2555 1670 2596 fa-

126 2625 221 2674 ciat,
249 2639 334 2666 non
353 2625 423 2666 ait.
459 2623 522 2668 At
550 2625 636 2675 ille,
667 2627 791 2681 quasi
819 2627 1056 2669 certissima
1083 2627 1139 2668 sit
1169 2642 1247 2669 sua
1273 2626 1575 2682 interpretatio,
1608 2627 1670 2668 le-

127 2711 224 2755 gem
251 2696 451 2750 intelligit
477 2695 762 2749 tribuniciam,
795 2714 879 2754 qua
908 2697 1083 2741 Caesari
1114 2698 1288 2741 alterius
1316 2698 1563 2740 consulatus
1593 2713 1669 2754 pe-

126 2767 219 2809 titio
245 2767 344 2810 data
369 2774 446 2818 est,
477 2767 558 2811 hac
580 2769 676 2825 lege
706 2770 781 2825 qui
806 2786 942 2813 annus
965 2771 1033 2813 vel
1057 2771 1150 2812 dies
1170 2770 1361 2826 petitioni
1380 2770 1668 2826 praescriptus
