1846 3100
220 135 302 178 366
642 139 694 171 De
716 138 964 181 propagatione
988 138 1133 170 civitatis
1154 137 1342 172 Romanae.

220 253 262 289 et
290 247 384 288 iure
412 246 637 297 honorum,
667 248 826 303 quique
857 246 901 288 in
931 246 985 287 iis
1019 252 1151 296 erant,
1189 246 1403 289 civitatem
1440 248 1532 291 sine
1563 248 1769 304 suffragio

219 319 377 378 habere
410 318 625 369 dicuntur,
661 320 793 362 altera
822 318 982 374 optimo
1010 318 1103 360 iure
1132 319 1316 362 civitatis
1346 319 1564 363 Romanae
1590 319 1770 364 uteban-

221 399 304 433 tur.
364 392 433 433 De
462 391 529 434 his
565 407 648 434 non
691 400 755 434 est
786 391 868 433 hoc
907 391 998 433 loco
1035 390 1159 433 nobis
1195 390 1522 443 disputandum3
1561 391 1769 449 plurimos

220 465 334 507 enim
365 479 416 506 ex
444 464 497 506 iis
525 471 691 506 constat
726 464 783 506 ad
818 479 1008 506 summos
1040 464 1082 505 in
1115 463 1336 519 republica
1366 464 1558 507 Romana
1586 464 1768 508 honores

221 552 316 579 esse
346 543 532 586 evectos,
563 551 642 578 nec
673 535 904 591 quicquam
933 536 1105 578 omnino
1134 536 1285 587 fuisse,
1318 551 1403 591 quo
1422 537 1574 579 ceteris
1602 535 1769 579 civibus

221 609 428 652 Romanis
470 607 623 650 cedere
667 608 928 650 viderentur.
994 608 1066 650 Ad
1106 608 1180 650 illa
1218 615 1360 651 autem
1400 609 1625 666 pertinent,
1662 623 1770 663 quae

224 682 349 724 Paul.
379 681 560 723 Diacon.
599 696 652 723 ex
688 681 820 723 Festo
861 696 894 723 s.
932 696 973 722 v.
1003 681 1285 737 municipium
1326 686 1385 737 (p.
1418 682 1495 724 125
1529 681 1597 724 ed.
1626 680 1770 735 Mun.)

219 754 372 797 habet:
405 756 685 807 Municipium
715 755 760 794 id
784 768 916 805 genus
946 754 1157 794 hominum
1188 756 1353 805 dicitur,
1385 758 1458 807 qui
1483 770 1574 796 cum
1598 756 1769 796 Romam

227 830 429 868 venissent
461 841 590 880 neque
625 828 728 866 cives
768 827 951 866 Romani
987 832 1126 874 essent,
1164 829 1388 880 participes
1419 834 1556 869 tumen
1582 828 1772 881 fuerunt

220 902 407 940 omnium
436 912 574 938 rerum
606 900 663 939 ad
687 912 840 938 munus
857 899 1134 951 fungendum
1164 914 1252 938 mm
1279 914 1371 940 cum
1393 901 1591 941 Romanis
1608 897 1769 946 cambus,

215 978 508 1025 praeterquam
549 971 597 1011 de
632 971 842 1023 suffugio
874 970 1052 1020 ferendo
1090 978 1164 1011 aut
1198 973 1450 1024 magistratu
1485 972 1681 1026 capiendo
1723 995 1765 1000 —-

221 1047 294 1097 qui
327 1051 420 1096 post
451 1046 611 1096 aliquot
637 1058 767 1083 annos
794 1047 897 1083 cives
933 1044 1116 1083 Romam·
1139 1043 1283 1096 effecti
1307 1051 1417 1088 sunt.
1475 1043 1600 1098 Quae
1631 1041 1773 1098 qualia

221 1115 395 1165 fuerint,
426 1115 527 1157 satis
563 1115 663 1157 hinc
698 1114 966 1171 intelligitur.
1018 1115 1190 1158 Etenim
1226 1116 1434 1172 privatam
1472 1116 1654 1159 civitatis
1683 1115 1771 1157 Ro-

220 1203 368 1242 manae
393 1195 552 1243 partem
585 1186 814 1237 habebant,
845 1187 1017 1243 publica
1046 1188 1260 1239 carebant,
1294 1203 1472 1244 prorsus
1508 1189 1563 1232 ad
1594 1188 1771 1231 eandem

221 1261 441 1310 rationem,
472 1275 558 1315 qua
588 1275 717 1315 supra
748 1259 1001 1302 Latinorum
1031 1261 1247 1317 principes
1275 1262 1570 1318 exposuimus.
1618 1261 1774 1303 Melior

220 1333 357 1390 igitur
386 1347 532 1374 eorum
564 1331 757 1374 condicio
787 1339 877 1375 erat
907 1348 1034 1388 quam
1054 1333 1327 1376 Latinorum:
1360 1350 1413 1376 ex
1440 1335 1508 1377 his
1535 1334 1566 1376 ii
1595 1341 1772 1383 tantum,

220 1406 294 1461 qui
325 1406 600 1461 magistratus
639 1412 874 1461 gesserant,
914 1406 1084 1449 civitate
1122 1407 1194 1449 illa
1230 1406 1474 1458 utebantur,
1506 1422 1559 1449 ex
1589 1406 1772 1449 munici-

222 1479 305 1535 piis
344 1493 505 1528 omnes,
543 1493 623 1520 nec
664 1477 799 1534 probo
837 1493 984 1521 eorum
1026 1478 1216 1521 virorum
1254 1479 1478 1522 doctorum
1516 1479 1770 1535 opinionem,

219 1551 295 1607 qui
324 1550 447 1606 quasi
478 1550 629 1591 horum
659 1550 991 1606 municipiorum
1018 1551 1190 1593 fortuna
1217 1551 1446 1594 deterrima
1473 1551 1640 1601 fuisset,
1668 1566 1771 1608 poe—

221 1639 301 1666 nae
333 1629 498 1665 tantum
526 1623 622 1665 loco
652 1622 867 1665 civitatem
906 1624 996 1666 sine
1028 1624 1234 1680 suffragio
1254 1624 1345 1666 dari
1373 1624 1650 1666 consuevisse
1672 1638 1771 1666 cen-

167 1751 171 1754 *
223 1704 330 1739 sent.
381 1696 551 1738 Poenae
582 1695 754 1751 quidem
786 1696 821 1738 si
851 1696 956 1751 quid
988 1695 1241 1746 addebatur,
1269 1696 1314 1737 id
1344 1696 1413 1738 vel
1439 1696 1493 1737 in·
1514 1696 1605 1752 agri
1625 1696 1770 1738 adem-

222 1769 367 1825 ptione
401 1768 470 1810 vel
499 1767 543 1809 in
570 1767 830 1824 reipublicae
865 1768 1165 1811 constitutione
1195 1769 1263 1811 vel
1291 1768 1334 1810 in
1363 1767 1457 1810 aliis
1484 1768 1612 1811 rebus
1642 1768 1770 1811 situm

222 1849 332 1883 erat:
364 1840 528 1891 civitas,
556 1841 753 1896 quamvis
782 1842 874 1884 iure
906 1842 1099 1897 suffragii
1130 1841 1398 1883 othonorum
1426 1856 1590 1891 carens,
1611 1856 1665 1883 ex
1685 1854 1770 1896 quo

224 1913 397 1955 omnino
438 1912 666 1968 imperium
709 1914 947 1956 Romanum
985 1913 1129 1969 aliquo
1171 1913 1216 1954 in
1257 1928 1435 1956 numero
1478 1928 1573 1956 esse
1617 1911 1769 1968 coepit,

227 2002 394 2043 semper
424 2001 499 2042 pro
523 1985 713 2042 praemio
743 1986 889 2028 datum
924 1993 1001 2036 est,
1032 1986 1310 2042 proximaque
1343 1985 1398 2027 ad
1429 1986 1636 2042 optimum
1663 1984 1770 2026 civi-

224 2059 322 2102 tatis
352 2059 570 2101 Romanae
609 2058 677 2099 ius
709 2066 810 2100 erat.
870 2057 1151 2100 praestabant
1179 2065 1322 2099 autem
1351 2057 1518 2100 Latinis
1547 2058 1672 2100 etiam
1705 2071 1769 2106 eo,

224 2131 340 2186 quod
372 2129 684 2172 honoratiorem
717 2130 890 2172 militiae
921 2130 1063 2172 locum
1093 2127 1328 2179 habebant3
1372 2129 1456 2186 ipsi
1492 2129 1602 2172 enim
1635 2129 1679 2171 in
1708 2128 1769 2170 le-

226 2203 444 2260 gionibus,
471 2202 534 2243 illi
559 2202 671 2244 inter
694 2201 853 2244 auxilia
878 2202 1098 2244 merebant
1122 2201 1258 2258 (Fest.
1280 2217 1320 2257 p.
1343 2202 1415 2244 131
1445 2209 1485 2243 et
1512 2201 1590 2244 142
1609 2200 1770 2256 Mun).

224 2274 371 2328 Quare
408 2281 741 2317 consentaneum
780 2281 888 2324 erat,
930 2281 978 2315 ut
1018 2274 1083 2316 his
1123 2273 1414 2329 municipibus
1449 2271 1575 2316 etiam
1605 2272 1772 2316 facilior

220 2347 276 2389 ad
308 2348 511 2403 optimam
542 2346 758 2388 civitatem
785 2346 1022 2388 Romanam
1056 2345 1199 2387 aditus
1226 2353 1401 2401 pateret.
1455 2346 1504 2388 Si
1533 2346 1608 2401 qui
1636 2345 1771 2400 igitur

219 2419 492 2476 negotiorum
519 2434 650 2461 causa
666 2418 827 2460 Romae
854 2418 1137 2460 versabantur
1155 2417 1302 2473 ibique
1332 2417 1496 2460 incolae
1525 2425 1657 2467 erant,
1683 2431 1769 2458 non

219 2492 403 2534 dubium
443 2507 538 2534 esse
574 2491 716 2541 debet,
754 2491 856 2546 quin
898 2491 966 2540 iis,
1005 2496 1054 2531 ut
1084 2489 1252 2531 Latinis
1292 2504 1379 2531 una
1419 2489 1572 2540 tribus,
1611 2489 1654 2530 in
1682 2502 1768 2544 qua

221 2564 475 2620 suffragium
513 2564 687 2613 ferrent,
728 2562 924 2618 patuerit,
962 2562 1093 2616 idque
1123 2561 1266 2616 ipsum
1308 2561 1519 2617 significat
1548 2561 1705 2603 Festus
1740 2559 1768 2600 l.

220 2651 254 2679 s.
274 2636 303 2678 l.
323 2651 417 2677 cum
451 2639 623 2677 Romam
655 2637 866 2685 venissent,
893 2636 1077 2675 omnium
1102 2648 1241 2674 rerum
1256 2637 1398 2686 juisse
1408 2636 1633 2687 participes
1647 2647 1768 2686 prae-

219 2716 404 2763 terquam
436 2710 484 2749 de
511 2708 721 2761 suffragio
739 2708 947 2759 ferendo.-
971 2720 1068 2747 nam
1098 2705 1133 2746 si
1154 2705 1249 2760 quis
1276 2705 1320 2746 in
1342 2706 1518 2748 fortuita
1543 2704 1657 2747 tribu
1678 2704 1768 2746 suf-

218 2780 407 2836 fragium
445 2780 589 2828 ferret,
631 2779 677 2820 id
707 2794 793 2821 non
824 2792 903 2834 pro
933 2777 1026 2820 iure
1058 2777 1252 2833 suffragii
1282 2777 1475 2820 habitum
1511 2791 1606 2819 esse
1639 2790 1769 2832 supra

219 2852 421 2895 vidimus.
472 2852 595 2901 Item,
627 2851 663 2893 si
689 2851 763 2906 qui
790 2850 1006 2893 translatis
1034 2849 1234 2892 omnibus
1265 2850 1449 2892 fortunis
1473 2849 1518 2891 in
1540 2847 1648 2890 urbe
1668 2862 1768 2890 con-
