1846 3100
194 132 270 174 118
640 135 695 166 De
722 133 835 166 Gallia
858 134 1090 166 Romanorum
1115 134 1300 177 provincia.

190 244 299 286 ritur
336 259 421 299 qua
459 250 665 300 potestate
704 242 846 284 fuerit.
904 242 1017 285 Num
1047 243 1122 284 uni
1152 250 1318 286 tantum
1349 260 1402 287 ex
1430 244 1612 288 Gallicis
1641 260 1737 302 pro-

191 315 343 358 vinciis
374 315 584 372 praefuit?
623 331 675 357 an
707 314 863 358 maiore
895 315 1084 371 quodam
1109 315 1203 358 iure
1228 317 1458 359 utebatur?
1504 318 1574 359 De
1603 318 1739 374 prima

191 388 283 430 eius
312 388 583 444 expeditione
613 388 675 430 sic
705 388 835 429 tradit
861 387 949 430 Dio
969 387 1088 437 LIV,
1112 387 1179 438 32,
1211 403 1308 430 eum
1334 389 1551 446 principes
1570 388 1738 432 Galliae

190 460 245 503 ob
273 475 448 503 censum
464 492 474 511 ,
514 460 590 516 qui
619 467 722 502 tune
750 460 935 516 primum
956 460 1167 518 agebatur
1188 461 1305 516 (Liv.
1329 462 1428 518 epit.
1444 460 1738 517 CXXXIX),

190 547 259 574 res
293 547 427 575 novas
462 532 684 574 molientes
715 532 987 588 Lugdunum
1018 547 1275 575 convocasse
1307 534 1361 576 ad
1392 549 1507 576 aram
1536 533 1739 591 Augusto

191 604 458 647 condendam
488 603 630 658 (Suet.
661 603 817 647 Claud.
846 604 894 655 ‘23
933 603 1088 647 Strabo
1115 605 1194 655 IV,
1225 605 1264 655 3,
1295 606 1355 659 2),
1390 614 1482 648 tum
1509 621 1643 663 prope
1673 607 1739 648 in-

192 677 328 719 sulam
370 678 633 720 Batavorum
667 677 868 720 Rhenum
906 677 1133 726 transisse,
1176 677 1381 733 Usipetes
1414 686 1457 720 et
1486 676 1739 734 Sigambros

191 757 232 792 et
258 750 422 792 Frisios
451 757 492 792 et
516 748 717 792 Chaucos
749 764 999 807 superasse:
1031 764 1212 804 quorum
1241 749 1350 791 illud
1380 751 1521 793 facere
1551 766 1636 793 non
1661 765 1739 808 po—

191 829 299 865 terat
327 822 410 864 nisi
441 822 515 878 qui
547 822 836 878 Lugdunensi
866 829 1100 879 praeesset,
1131 822 1213 864 hoc
1238 821 1322 864 nisi
1342 822 1559 878 Belgicae.
1613 823 1739 866 Rexit

190 895 324 950 igitur
350 903 588 950 utramque.
643 895 712 937 De
740 895 970 950 Aquitania
999 901 1164 937 tacetur
1189 894 1377 949 quidem,
1406 894 1482 936 sed
1509 908 1595 937 non
1622 895 1740 951 quod

192 983 285 1010 eam
323 983 409 1010 non
449 967 627 1018 rexerit,
666 974 714 1009 ut
750 967 923 1023 opinor,
970 967 1047 1009 sed
1087 967 1202 1022 quod
1237 967 1282 1008 in
1322 982 1371 1009 ea
1401 967 1508 1009 nihil
1538 968 1742 1010 memoria

191 1041 373 1096 dignum
415 1047 582 1096 gestum
623 1047 709 1089 est,
749 1046 798 1081 ut
835 1054 1013 1095 prorsus
1050 1039 1247 1082 Drusum
1293 1039 1520 1082 universae
1561 1038 1740 1091 Galliae,

190 1128 299 1168 quae
329 1112 597 1168 imperatoris
628 1118 764 1162 esset,
801 1110 855 1154 ab
884 1110 1088 1168 Augusto
1120 1113 1386 1168 praefectum
1415 1127 1510 1154 esse
1538 1111 1740 1154 iudicem.

192 1183 267 1227 Sic
308 1184 653 1227 confundebatur
694 1184 816 1239 quasi
859 1184 932 1226 illa
972 1184 1290 1239 provinciarum
1330 1184 1587 1240 descriptio,
1632 1199 1741 1239 quae

190 1257 318 1299 modo
354 1257 548 1299 instituta
586 1263 696 1306 erat3
740 1270 878 1311 neque
921 1256 1034 1298 enim
1070 1271 1245 1298 necesse
1283 1264 1393 1306 erat,
1416 1302 1418 1305 ,
1438 1263 1524 1299 tres
1565 1255 1741 1299 haberet

192 1330 367 1371 Drusus
406 1329 594 1382 legatos,
637 1328 714 1370 sed
750 1335 876 1385 prout
918 1327 1018 1370 belli
1050 1329 1236 1371 rationes
1266 1343 1442 1385 poscere
1469 1328 1740 1379 videbantur,

191 1403 317 1444 etiam
357 1401 502 1457 plures
538 1400 784 1457 legionibus
822 1400 1052 1456 praeficere
1090 1410 1268 1457 poterat.
1337 1401 1493 1443 Hieme
1525 1408 1665 1443 autem
1695 1401 1739 1443 in

191 1474 298 1516 urbe
338 1480 509 1530 peracta
547 1473 674 1514 rediit
711 1473 886 1515 Drusus
928 1472 973 1513 in
1007 1472 1283 1515 Germaniam
1325 1488 1435 1516 anno
1468 1474 1513 1514 11
1553 1473 1740 1528 itemque

191 1561 302 1589 anno
334 1547 408 1596 10,
449 1560 534 1600 quo
566 1552 738 1601 praetor
768 1554 879 1596 erat,
920 1561 1177 1601 quamquam
1206 1546 1437 1599 Augustus
1467 1552 1510 1587 et
1537 1545 1739 1588 Tiberius

192 1634 291 1661 eum
318 1616 628 1660 comitabantur
651 1617 758 1672 (Dio
777 1617 897 1668 LIV,
920 1618 1014 1674 36),
1038 1617 1152 1660 idem
1173 1617 1358 1660 habebat
1377 1617 1604 1674 imperium
1623 1618 1740 1674 quod

191 1699 328 1741 antea,
364 1689 575 1745 siquidem
608 1696 648 1731 et
677 1689 721 1731 in
750 1688 898 1732 Cattos
930 1690 1245 1746 expeditionem
1276 1690 1517 1746 suscepisse
1543 1697 1740 1732 narratur

191 1763 300 1820 (Dio
326 1763 355 1804 l.
382 1762 433 1813 1.;
470 1762 587 1804 Flor.
616 1761 696 1812 IV,
736 1763 795 1812 12,
827 1763 921 1817 26),
963 1771 1004 1805 et
1031 1763 1145 1805 filius
1177 1762 1270 1804 eius
1302 1760 1513 1804 Claudius
1542 1762 1615 1804 illo
1644 1762 1739 1818 ipso

191 1850 302 1878 anno
339 1834 552 1890 Lugduni
590 1845 716 1877 natus
754 1842 819 1877 est
856 1833 948 1878 Cal.
987 1835 1203 1892 Augustis
1243 1832 1385 1891 (Suet.
1421 1832 1576 1876 Claud.
1611 1849 1648 1877 c.
1676 1834 1736 1890 2),

191 1907 308 1950 unde
344 1922 443 1949 eum
484 1922 570 1948 non
608 1907 749 1949 minus
778 1907 989 1963 Lugduni
1023 1923 1152 1963 quam
1185 1907 1240 1948 ad
1269 1906 1514 1948 inferiorem
1539 1906 1740 1949 Rhenum

191 1980 426 2036 imperasse
463 1979 675 2021 videmus.
745 1979 895 2035 Neque
931 1980 1068 2036 magis
1108 1994 1220 2021 anno
1250 1979 1300 2029 9,
1343 1993 1428 2033 quo
1469 1978 1739 2020 consulatum

193 2051 349 2108 gessit,
389 2050 616 2106 imperium
647 2051 867 2107 deposuit,
909 2051 986 2094 sed
1013 2066 1194 2108 propere
1222 2059 1519 2107 transgressus
1552 2050 1595 2091 in
1627 2049 1738 2092 Ger-

192 2123 376 2166 maniam
405 2122 509 2164 obiit
537 2122 643 2176 (Dio
663 2123 760 2173 LV,
790 2126 832 2174 *13
863 2124 962 2166 Liv.
988 2122 1184 2172 CXLII;
1220 2123 1371 2165 Vellei.
1389 2123 1448 2172 II,
1474 2122 1560 2175 97).
1618 2121 1739 2176 Qua-

193 2194 437 2237 driennium
463 2193 597 2250 igitur
620 2209 838 2237 summum
855 2194 1094 2238 Galliarum
1117 2195 1343 2251 imperium
1363 2195 1422 2236 ita
1442 2195 1576 2236 tenuit
1599 2193 1738 2236 vitrici

191 2267 374 2320 legatus,
401 2273 448 2307 ut
475 2265 667 2322 singulas
686 2265 928 2321 provincias
948 2281 1026 2322 per
1045 2282 1144 2308 suos
1162 2266 1326 2322 legatos
1346 2266 1509 2308 rexisse
1528 2265 1738 2308 videatur.

195 2338 416 2380 Successit
444 2345 586 2379 autem
609 2338 728 2379 fratri
747 2337 948 2380 Tiberius
977 2338 1149 2392 (Vellei.
1168 2338 1224 2387 ΙΙ,
1243 2338 1332 2392 97),
1359 2353 1487 2395 quem
1507 2339 1738 2394 Augustus

193 2425 292 2453 cum
320 2410 412 2466 ipse
442 2410 485 2451 in
515 2409 700 2452 Galliam
731 2410 951 2466 profectus
980 2417 1113 2460 esset,
1154 2410 1255 2452 item
1286 2418 1331 2452 ut
1361 2410 1483 2452 illum
1509 2410 1737 2452 universae

194 2482 361 2525 Galliae
400 2482 617 2538 praefecit.
674 2481 824 2537 Neque
861 2482 974 2524 enim
1010 2482 1126 2538 quod
1160 2483 1246 2524 Dio
1278 2482 1374 2531 LV,
1405 2482 1430 2524 6
1460 2490 1626 2524 narrat:
1670 2484 1736 2525 τὸν

195 2555 229 2596 δ’
264 2553 332 2595 οὖν
363 2553 546 2609 Τιβέριον
579 2554 619 2598 ἐς
649 2555 718 2608 τὴν
749 2556 819 2594 τοῦ
850 2553 1146 2609 αὐτοκράτορος
1176 2555 1305 2610 ἀρχὴν
1341 2555 1425 2595 ἀντὶ
1453 2558 1522 2596 τοῦ
1551 2554 1736 2610 Δρούσου

193 2629 436 2682 προαγαγὼν
476 2630 528 2681 τῇ
567 2642 610 2667 τε
653 2626 858 2679 ἐπικλήσει
899 2625 1031 2680 ἐκείνῃ
1073 2625 1283 2681 ἐγαὺρωσε
1325 2627 1391 2667 καὶ
1433 2627 1582 2667 ὕπατον
1622 2624 1739 2669 αὖθις

194 2697 403 2750 ἀπέδειξε,
446 2698 567 2740 aliter
596 2696 777 2752 intelligi
806 2703 963 2752 potest,
1003 2696 1086 2738 nisi
1113 2696 1195 2746 sic,
1233 2705 1281 2739 ut
1307 2697 1483 2740 Tiberio
1513 2696 1737 2752 imperium

195 2767 434 2812 Galliarum
460 2770 601 2812 acius
632 2784 809 2812 suorum
841 2769 1077 2825 legatorum
1110 2769 1292 2825 singulis
1325 2768 1557 2825 provinciis
1585 2767 1737 2824 praefi-

193 2840 466 2892 ciendorum,
507 2842 622 2898 quod
653 2841 754 2883 olim
779 2841 954 2883 Drusus
987 2840 1215 2891 habuerat,
1245 2840 1435 2884 delatum
1464 2855 1559 2884 esse
1590 2840 1736 2883 existi-
