1846 3100
225 171 306 215 382
865 175 977 208 Index
1000 185 1126 208 rerum.

314 295 392 328 gam
419 285 549 328 imperii
575 285 719 317 assumit
749 283 820 317 125.
862 285 933 317 eius
959 285 1167 328 imperatorii
1193 286 1282 318 tituli
1306 285 1384 320 233.
1427 289 1508 321 olim
1531 288 1695 330 magister
1716 298 1770 330 eq.

314 342 487 373 dictatoris
515 338 690 379 Caesaris,
729 341 764 372 in
792 350 861 381 quo
888 339 1061 381 repulsam
1087 339 1209 372 tulerat
1234 339 1311 373 239.
1362 341 1456 382 Aug.
1491 341 1673 374 tribunicia
1710 353 1770 385 po-

314 400 418 427 testas
451 405 539 437 quae
574 394 676 426 fuerit
707 392 784 426 250.
837 393 1006 426 subselliis
1042 393 1228 426 tribuniciis
1262 394 1367 427 utitur
1403 393 1481 429 251.
1511 393 1589 429 263.
1635 397 1769 438 quando

312 449 459 490 primum
491 449 706 481 tribuniciam
739 452 942 490 potestatem
979 448 1144 490 acceperit
1176 446 1253 480 255.
1308 450 1458 491 corporis
1492 450 1703 483 sanctitatem
1736 455 1770 483 et

314 504 464 536 subsellii
500 503 668 536 tribunicii
703 503 868 534 honorem
902 501 1022 543 accipit
1055 500 1133 534 256.
1191 511 1359 535 summam
1391 505 1544 536 omnium
1569 505 1770 538 iudiciorum

313 563 518 599 potestatem
543 557 665 599 accipit
691 555 768 588 258.
820 557 970 588 calculus
996 556 1171 587 Minervae
1199 556 1236 587 in
1261 557 1391 590 iudiciis
1416 558 1446 590 ei
1468 560 1568 591 datur
1588 557 1666 592 259.
1715 559 1769 591 ius

311 612 484 644 relationis
512 613 547 644 in
575 616 696 644 senatu
723 612 844 654 accipit
871 610 947 643 260.
999 610 1071 642 eius
1098 620 1195 642 soror
1221 616 1255 643 et
1281 621 1369 643 uxor
1395 612 1573 645 tribunicia
1598 617 1768 655 potestate

247 659 251 662 ’
315 671 476 698 ornantur
513 664 590 698 263.
649 665 905 697 successoribus
945 665 1015 696 suis
1051 665 1262 696 tribuniciam
1296 670 1501 707 potestatem
1536 667 1654 700 tribuit
1690 665 1767 699 264.

313 720 481 752 civitatem
507 722 565 753 dat
584 719 804 752 Uticensibus
829 717 906 751 304.
948 729 1009 760 pro
1034 719 1188 751 censoria
1207 723 1374 760 potestate
1394 721 1495 753 edicit
1511 719 1589 754 308.
1630 720 1769 754 foedera
1789 724 1796 730 ’

310 775 465 806 concedit
492 780 652 816 quattuor
678 773 814 815 populis
840 771 980 804 Gallicis
1009 771 1086 805 328.
1136 774 1306 806 civitatem
1333 776 1390 807 dat
1411 776 1525 808 multis
1553 774 1661 808 Gallis
1689 774 1766 808 329.

220 827 260 860 C.
284 828 448 860 Aurelius
478 829 579 862 Cotta
605 828 752 861 Galliam
777 837 853 859 cum
878 827 979 859 Italia
1003 828 1090 868 regit
1114 826 1170 861 51.
1216 828 1265 860 M.
1292 827 1396 861 Cotta
1419 831 1591 871 quomodo
1615 829 1766 863 Ciliciam

311 884 476 926 acceperit
503 882 558 916 52.

218 989 346 1022 bellum
375 991 494 1023 servile
524 1001 545 1022 a
570 991 694 1032 quibus
718 995 855 1031 gestum
880 991 924 1024 sit
950 989 1005 1023 52.

218 1044 267 1076 Μ.
293 1043 440 1076 Bibulus
468 1046 642 1087 provincia
665 1050 757 1077 caret
783 1043 837 1078 69.

216 1097 380 1140 Bithynia
404 1109 494 1131 nova
518 1098 774 1141 provincia-48.
820 1101 893 1132 eius
920 1109 1059 1141 praeses
1086 1098 1125 1132 C.
1152 1099 1265 1132 Carbo
1293 1098 1348 1133 61.

217 1205 258 1245 Q.
295 1205 464 1239 Caecilius
497 1207 678 1247 Metellus,
714 1207 898 1248 proconsul
930 1206 1064 1240 Galliae
1097 1208 1331 1242 Narbonensis
1365 1206 1421 1241 64.
1456 1207 1510 1241 75.
1573 1207 1615 1248 Q.
1647 1207 1764 1251 Nepos

307 1270 441 1302 procos.
467 1261 655 1303 Hispaniae
681 1262 846 1294 citerioris
871 1263 1015 1294 moritur
1043 1261 1098 1294 77.

216 1315 263 1346 M.
289 1313 425 1347 Caelius
454 1315 566 1347 Rufus
591 1320 728 1357 praetor
751 1314 827 1348 241.

215 1369 345 1401 Caesar
369 1369 558 1411 explicatur
581 1368 637 1404 86.
666 1368 743 1403 165.
769 1368 844 1402 166.
875 1369 947 1402 177.
976 1368 1050 1402 179.
1077 1368 1151 1402 184.
1178 1368 1250 1401 192.
1291 1375 1408 1402 auctor
1428 1370 1507 1402 belli
1526 1369 1763 1411 Hispaniensis

306 1425 506 1456 emendatur
533 1423 611 1457 223.

216 1477 254 1509 C.
283 1476 419 1517 Caesar,
444 1478 598 1519 Augusti
623 1478 724 1519 filius,
752 1489 820 1520 qua
843 1483 1011 1520 potestate
1039 1478 1143 1510 suerit
1169 1479 1205 1509 in
1229 1477 1328 1520 Syria
1357 1476 1430 1510 122.

215 1530 374 1571 Caligula
400 1531 481 1573 imp.
506 1531 721 1565 Narbonensi
747 1532 879 1566 Galliae
903 1534 955 1566 ius
981 1534 1149 1565 honorum
1174 1533 1234 1564 dat
1255 1530 1332 1564 334.
1382 1537 1415 1564 et
1436 1531 1572 1564 Siciliae
1599 1529 1676 1564 336.

214 1584 252 1619 C.
277 1584 482 1627 Calpurnius
506 1586 587 1619 Piso
612 1596 678 1620 cos.
705 1586 852 1620 Galliam
875 1587 976 1620 Narb.
1006 1588 1136 1620 obtinet
1161 1586 1212 1619 55.

214 1638 252 1672 C.
278 1639 442 1672 Caninius
466 1641 610 1674 Rebilus
636 1652 704 1674 cos.
733 1652 811 1674 ann.
837 1639 880 1674 45
906 1652 936 1674 a.
960 1641 1042 1675 Chr.
1073 1640 1152 1674 227.

213 1693 430 1735 Cappadocia
457 1705 547 1727 anno
568 1693 612 1727 92
639 1697 792 1729 nondum
815 1698 992 1738 provincia
1016 1701 1068 1728 est
1092 1694 1147 1727 28.

213 1747 251 1781 C.
278 1747 449 1788 Carrinas,
476 1749 655 1791 proscripti
680 1751 770 1783 filius
800 1749 876 1783 202.

214 1802 360 1842 Carteia,
387 1802 575 1845 Hispaniae
599 1805 733 1836 colonia
761 1803 814 1837 34.

213 1856 253 1889 C.
277 1856 418 1889 Cassius
443 1857 564 1891 Italiae
590 1865 728 1900 praeest
755 1858 810 1892 52.

213 1910 271 1953 Sp.
297 1910 409 1944 Cassii
436 1911 556 1944 foedus
587 1923 663 1945 cum
690 1913 822 1946 Latinis
848 1913 975 1946 factum
1004 1911 1082 1946 362.

200 1966 362 2011 ,Catilina
387 1976 406 1997 a
431 1975 499 2007 quo
523 1967 674 1999 devictus
701 1968 744 2000 sit
769 1966 823 2001 59.

211 2030 369 2052 censores
394 2020 429 2051 in
455 2020 623 2052 civitatem
647 2021 814 2063 recipiunt
837 2019 892 2054 36.
919 2020 997 2054 308.
1024 2020 1102 2053 370.
1150 2021 1303 2052 censoria
1333 2024 1484 2061 potestas
1515 2020 1758 2062 imperatorum

304 2073 382 2108 308.
433 2084 574 2106 censura
597 2075 707 2116 prisco
732 2085 824 2107 more
852 2086 913 2117 per
937 2074 1202 2117 quinquennium
1231 2080 1307 2107 acta
1332 2072 1410 2107 326.

211 2128 332 2161 Cicero
359 2138 462 2170 quam
486 2129 692 2170 provinciam
720 2130 755 2161 in
782 2140 850 2162 cos.
876 2129 1033 2161 habuerit
1058 2127 1113 2161 57.
1154 2147 1158 2151 ⁴

210 2182 382 2215 Ciceronis
407 2183 516 2214 oratio
543 2193 604 2224 pro
629 2184 677 2215 M.
701 2183 847 2215 Fonteio
875 2184 1009 2225 quando
1035 2183 1152 2215 habita
1176 2183 1219 2214 sit
1244 2179 1276 2213 6.
1325 2182 1515 2224 explicatur
1537 2179 1594 2214 58.
1619 2177 1675 2212 60.
1700 2178 1756 2212 62.

300 2235 354 2269 63.
382 2235 427 2269 70
452 2242 486 2268 et
509 2235 564 2270 73.
594 2235 648 2269 79.
674 2236 728 2269 84.
756 2235 829 2270 163.
858 2235 933 2269 166.
968 2235 1039 2268 171.
1073 2234 1144 2269 177.
1171 2234 1246 2269 179.
1271 2234 1349 2268 226.

210 2290 349 2322 Ciliciae
374 2296 521 2322 rectores
548 2290 588 2322 L.
612 2290 774 2323 Octavius
803 2298 837 2323 et
860 2291 900 2323 L.
924 2291 1087 2323 Lucullus
1113 2288 1167 2322 52.
1221 2294 1330 2321 rector
1355 2290 1405 2324 M.
1431 2289 1514 2322 Piso
1539 2286 1595 2322 63.

207 2344 341 2375 civitate
366 2342 534 2376 donantur
558 2345 713 2376 homines
738 2345 825 2376 bene
847 2345 958 2377 meriti
996 2343 1050 2376 30.
1102 2345 1190 2376 cives
1213 2344 1358 2376 Romani
1383 2344 1418 2374 in
1442 2342 1602 2375 frumenti
1627 2342 1755 2384 publici

299 2398 435 2429 tabulas
469 2398 607 2430 inscribi
643 2404 786 2439 possunt
822 2397 896 2430 187.
941 2398 1061 2430 civitas
1092 2399 1192 2429 datur
1217 2398 1260 2429 ab
1285 2398 1547 2439 imperatoribus
1573 2397 1656 2429 solis
1681 2396 1754 2428 sine

297 2453 374 2492 lege
411 2451 489 2485 303.
538 2453 574 2483 in
606 2452 763 2484 libertate
795 2453 876 2484 olim
912 2453 992 2484 data
1027 2452 1070 2484 ab
1105 2451 1367 2493 imperatoribus
1396 2449 1474 2483 304.
1522 2461 1563 2483 ea
1587 2451 1756 2483 donantur

299 2506 467 2548 principes
500 2507 654 2547 gentium
685 2507 903 2538 subactarum
933 2504 1010 2539 329.
1064 2515 1124 2547 per
1143 2505 1277 2537 Italiam
1310 2509 1498 2547 propagata
1524 2505 1641 2537 civitas
1675 2501 1752 2536 34⁴2.

298 2561 398 2591 datur
422 2560 524 2591 etiam
548 2561 745 2602 parentibus
768 2561 981 2601 quorundam
1001 2559 1079 2593 355.
1123 2562 1179 2602 qui
1199 2560 1233 2591 in
1250 2560 1383 2602 oppidis
1401 2559 1534 2591 Latinis
1555 2563 1635 2590 sunt
1654 2557 1753 2597 cives,

295 2614 366 2645 iure
391 2613 560 2646 honorum
584 2620 699 2647 carent
725 2612 804 2647 357.
852 2613 910 2655 Sp.
940 2613 1108 2646 Carvilius
1143 2615 1214 2655 agit
1247 2615 1289 2646 de
1323 2615 1393 2646 iure
1424 2614 1592 2645 honorum
1618 2611 1751 2644 Latinis

296 2668 409 2699 dando
434 2665 512 2700 358.
553 2669 641 2700 cives
666 2668 893 2708 nominantur,
917 2668 972 2710 qui
998 2669 1051 2700 ius
1076 2668 1246 2700 honorum
1267 2668 1392 2700 habent
1419 2666 1494 2700 358.
1539 2666 1656 2699 civitas
1679 2666 1752 2698 sine

298 2721 462 2763 suffragio
487 2724 660 2764 quomodo
688 2726 758 2754 orta
784 2722 828 2754 sit
856 2720 933 2765 366.

205 2774 368 2808 Claudius
396 2776 476 2818 imp.
502 2777 596 2817 leges
621 2777 687 2808 sert
712 2774 790 2808 299.
840 2774 971 2808 Galliae
1001 2775 1166 2809 Comatae
1190 2775 1397 2818 principibus
1424 2775 1475 2807 ius
1498 2775 1665 2807 honorum
1693 2774 1751 2805 dat

295 2828 374 2863 306.
423 2840 484 2872 pro
509 2831 663 2862 censoria
690 2835 855 2872 potestate
882 2830 984 2862 edicit
1009 2829 1086 2863 308.
1130 2831 1201 2862 eius
1226 2839 1372 2862 censura
1396 2826 1474 2862 326.

205 2883 245 2916 C.
270 2883 411 2916 Clovius
440 2884 628 2926 praefectus
655 2885 730 2916 urbi
757 2895 778 2916 a
802 2883 950 2917 Caesare
978 2895 1068 2917 anno
1094 2883 1137 2917 46
1163 2895 1184 2916 a
1205 2884 1286 2916 Chr.
1315 2882 1391 2916 247.

1832 0 1846 304 ξ

1791 312 1846 702 i

1839 771 1846 1014 ε
