1846 3100
148 146 201 189 30
585 152 639 184 Dc
665 150 777 184 Gallia
805 151 1039 184 Romanorum
1067 152 1249 194 provincia.

148 255 394 314 Cisalpinae
428 258 595 302 Galliae
639 266 680 300 et
713 258 861 301 Italiae
897 274 1048 315 parum
1091 260 1195 302 certi
1233 260 1340 303 fines
1379 261 1698 304 constituuntur

147 331 247 385 (nec
279 338 474 387 poterant
502 331 704 373 constitui
729 346 826 373 cum
854 330 959 372 nulli
983 334 1160 387 essent),
1193 348 1285 374 eam
1312 332 1364 376 ab
1382 334 1582 390 Appiano
1612 334 1696 376 dici

147 410 268 458 putet
298 401 509 453 Galliam,
550 418 659 458 quae
690 404 801 446 intra
827 403 992 446 Italiam
1024 419 1151 459 quam
1180 412 1350 460 putant,
1380 406 1532 455 fuerit,
1576 406 1697 448 addit

146 474 371 531 Appianus
398 475 421 516 I
450 490 486 516 c.
516 475 567 518 67
602 473 785 518 Cinnam
816 475 1031 531 praesidio
1072 491 1308 532 occupasse
1340 478 1606 528 Ariminum,
1643 493 1696 520 ne

148 561 201 588 ex
233 545 376 589 Gallia
405 547 563 589 auxilio
594 548 753 589 veniret
783 547 996 589 exercitus
1023 548 1049 589 i.
1083 564 1142 598 e.,
1171 550 1345 605 opinor,
1377 550 1456 592 Cn.
1490 549 1696 606 Pompeii,

147 634 274 674 quem
305 619 526 675 optimates
547 619 869 662 arcessiverant.
907 618 1016 661 Nam
1046 619 1082 661 si
1109 620 1205 674 quis
1235 629 1337 664 tunc
1352 621 1537 665 Galliam
1556 620 1697 664 Cisal-

145 690 288 746 pinam
320 706 426 733 suus
456 699 597 733 rector
625 698 811 740 teneret,
851 705 991 733 nonne
1017 691 1054 733 is
1084 700 1174 734 erat
1202 694 1514 744 nominandus,
1544 702 1593 736 ut
1623 695 1694 737 alii

146 763 292 812 multi,
334 763 408 818 qui
439 778 515 818 per
543 763 647 805 haee
675 770 865 819 tempora
894 763 1178 819 imperarunt,
1209 765 1511 809 nominantur?
1557 781 1696 809 nonne

146 835 403 876 narrandum
434 844 536 884 erat,
568 834 735 877 Galliae
760 835 1000 890 praesidem
1021 852 1046 878 a
1064 836 1259 892 partibus
1274 838 1481 880 Marianis
1500 839 1697 882 stetisse?

146 906 349 948 Efficitur
386 907 519 963 igitur
551 905 632 948 Cn.
662 907 916 963 Pompeium
948 922 1044 950 cum
1076 908 1243 951 Italiam
1280 910 1541 964 provinciam
1575 926 1696 954 acce—

147 979 295 1034 pisset,
324 994 408 1021 non
438 980 580 1021 minus
608 988 749 1021 tamen
769 979 812 1021 in
832 978 976 1021 Gallia
990 978 1210 1036 Cisalpina
1230 981 1456 1037 imperium
1477 983 1694 1028 habuisse.

145 1051 295 1106 Neque
317 1051 487 1092 omnino
504 1066 612 1106 quae
631 1051 674 1092 in
693 1051 913 1108 republica
929 1051 1121 1095 Romana
1149 1068 1224 1109 per
1250 1053 1407 1095 bellum
1427 1055 1640 1098 sociorum
1655 1065 1697 1098 et

145 1139 222 1180 per
241 1123 551 1165 dissensionem
574 1123 755 1173 civilem,
780 1139 888 1178 quae
908 1124 1103 1166 insecuta
1123 1132 1199 1174 est,
1228 1126 1436 1168 accidisse
1455 1135 1693 1178 narrantur,

145 1203 258 1238 reete
292 1202 473 1251 possunt
488 1195 683 1251 intelligi,
713 1196 809 1246 nisi,
840 1196 886 1237 id
906 1196 1022 1251 quod
1045 1196 1280 1251 antiquitus
1299 1198 1432 1241 fuisse
1453 1187 1696 1250 docuimus,

145 1267 258 1310 idem
286 1277 384 1324 post
403 1268 592 1310 Marium
622 1276 838 1310 servatum
869 1283 964 1310 esse
993 1267 1302 1319 existimemus,
1332 1279 1380 1312 ut
1408 1271 1532 1313 Italia
1557 1287 1695 1327 usque

146 1340 201 1382 ad
215 1340 351 1396 Alpes
382 1340 613 1396 pertineret
644 1355 783 1396 neque
814 1341 903 1383 ulla
932 1340 1036 1382 citra
1065 1341 1199 1396 Alpes
1231 1349 1357 1392 esset,
1388 1357 1498 1398 quae
1528 1345 1696 1400 proprie

146 1412 365 1454 diceretur
395 1412 618 1468 provincia
648 1412 804 1455 Gallia.

259 1486 403 1540 Atque
436 1484 482 1525 id
523 1484 649 1527 etiam
678 1484 815 1540 magis
847 1499 900 1526 ex
931 1484 1132 1527 civilibus
1161 1484 1425 1540 quibusdam
1454 1484 1534 1528 Cn.
1564 1487 1696 1530 Pom-

146 1556 230 1612 peii
277 1556 518 1598 actionibus
569 1557 834 1613 perspicitur.
924 1555 1021 1598 Non
1066 1556 1241 1599 afferam
1292 1557 1372 1599 hoc
1413 1557 1533 1609 loco,
1579 1560 1695 1614 quod

147 1626 301 1670 Cicero
330 1644 371 1685 p.
401 1628 521 1671 Balb.
553 1644 588 1671 c.
615 1629 668 1671 22
696 1636 839 1671 narrat
868 1627 920 1670 ab
951 1642 1001 1670 eo
1029 1627 1159 1670 rebus
1175 1629 1325 1671 Italico
1356 1629 1469 1673 bello
1499 1631 1695 1674 maximis

146 1701 279 1756 gestis
315 1700 364 1742 P.
400 1698 627 1751 Caesium,
664 1701 849 1756 equitem
889 1700 1156 1750 Romanum,
1194 1700 1487 1744 Ravennatem
1524 1702 1694 1745 civitate

147 1787 242 1814 esse
284 1772 503 1815 donatum.
572 1773 844 1828 Quamquam
889 1772 1001 1814 enim
1037 1772 1178 1814 omnia
1217 1773 1432 1829 exempla,
1473 1789 1581 1829 quae
1620 1774 1694 1816 illo

146 1845 241 1886 loco
275 1860 300 1886 a
333 1843 542 1887 Cicerone
570 1846 829 1895 afferuntur,
873 1832 1083 1886 eiusmodi
1124 1851 1244 1894 sunt,
1282 1852 1330 1886 ut
1368 1846 1440 1900 qui
1479 1860 1694 1901 quemque

150 1917 320 1959 civitate
362 1918 546 1960 donasse
576 1925 828 1965 narrantur,
869 1915 906 1957 ei
938 1925 1184 1971 praeessent
1221 1917 1486 1972 provinciae,
1526 1933 1579 1960 ex
1609 1933 1695 1974 qua

148 1989 219 2031 ille
248 1990 322 2045 qui
352 1990 584 2031 donaretur
613 1996 749 2038 esset,
789 1988 934 2030 nescio
968 1995 1107 2030 tamen
1144 2005 1198 2030 an
1235 1989 1361 2032 etiam
1388 1990 1469 2032 hoc
1499 1989 1695 2032 accidere

149 2061 347 2117 potuerit,
378 2068 426 2102 ut
447 2061 573 2103 homo
591 2061 832 2109 Ravennas‚
859 2060 1057 2115 quamvis
1083 2060 1192 2102 alius
1216 2068 1329 2102 esset
1352 2062 1609 2117 provinciae,
1641 2061 1695 2104 ab

147 2147 197 2174 eo
216 2132 566 2188 imperatore‚qui
580 2132 747 2175 Italiam
763 2138 946 2188 regeret,
963 2132 1036 2173 illo
1052 2131 1222 2174 virtutis
1239 2133 1425 2188 praemio
1439 2132 1694 2175 afficeretur.

148 2202 237 2246 Sed
267 2205 423 2247 certius
450 2204 756 2247 documentum
784 2219 837 2246 ex
866 2203 933 2253 iis,
962 2218 1071 2258 quae
1101 2204 1155 2246 de
1173 2201 1253 2246 Cn.
1268 2205 1463 2262 Pompeii
1490 2205 1534 2247 in
1553 2205 1695 2248 Gallia

147 2276 456 2332 Transpadana
479 2277 584 2319 actis
603 2277 860 2324 referuntur,
891 2275 978 2331 peti
998 2282 1150 2330 potest,
1178 2290 1287 2331 quae
1305 2284 1351 2318 ut
1369 2277 1694 2333 perspiciantur,

148 2348 276 2404 paulo
308 2348 524 2404 copiosius
544 2347 598 2390 de
616 2347 786 2389 civitate
805 2347 952 2389 Italiae
970 2347 1069 2389 data
1084 2347 1392 2403 disputandum
1412 2356 1489 2391 est.
1521 2349 1694 2392 Etenim

148 2434 246 2461 cum
278 2419 440 2462 bellum
469 2419 708 2462 Marsicum
737 2419 980 2469 exarsisset,
1010 2426 1160 2460 notum
1190 2427 1254 2461 est
1283 2427 1452 2463 coactos
1483 2436 1577 2463 esse
1605 2421 1694 2464 Ro-

147 2507 308 2542 manos,
339 2492 455 2547 quod
484 2506 608 2547 saepe
628 2492 788 2534 frustra
813 2498 1064 2547 temptatum
1091 2498 1192 2539 erat,
1220 2492 1374 2542 facere,
1404 2503 1451 2534 ut
1478 2492 1694 2535 civitatem

148 2564 275 2606 sociis
311 2564 474 2607 darent.
533 2563 642 2605 Eius
674 2563 734 2604 rei
758 2571 908 2605 auctor
940 2562 1078 2604 extitit
1115 2572 1286 2606 senatus
1319 2565 1453 2621 (App.
1486 2565 1583 2607 bell.
1610 2565 1693 2607 civ.

146 2636 181 2686 l,
216 2635 303 2690 49),
332 2650 486 2691 quare,
514 2635 558 2676 id
586 2634 701 2690 quod
730 2649 816 2676 non
849 2649 973 2690 saepe
1005 2634 1181 2685 accidit,
1215 2636 1284 2677 lex
1310 2637 1395 2679 lata
1424 2645 1488 2679 est
1514 2637 1568 2679 ab
1599 2636 1693 2692 ipso

148 2707 324 2750 consule
363 2706 417 2748 L.
452 2707 564 2749 Iulio
604 2704 789 2749 Caesare
835 2715 1023 2749 extremo
1066 2707 1342 2762 magistratus
1388 2709 1455 2750 sui
1493 2716 1691 2764 tempore.

148 2779 301 2835 Neque
333 2780 445 2822 enim
473 2779 611 2821 adfuit
629 2779 671 2820 in
691 2793 740 2820 ea
760 2778 938 2820 ferenda
959 2778 1065 2820 alter
1084 2779 1235 2820 consul
1250 2780 1300 2821 P.
1319 2780 1506 2822 Rutilius
1523 2779 1692 2835 Lupus,

146 2851 220 2906 qui
248 2866 394 2894 mense
409 2850 618 2905 Quinetili
638 2850 794 2894 cecidit
811 2849 965 2907 (Ovid.
980 2851 1016 2893 F
1020 2854 1098 2894 ast.
1116 2851 1194 2901 VI,
1209 2851 1324 2906 563),
1354 2852 1428 2906 qui
1444 2850 1478 2893 si
1501 2850 1692 2901 vixisset,
