1846 3100
149 135 196 164 IV

147 233 406 291 telligamur,
448 241 589 275 tamen
623 233 810 288 plurima
848 248 932 276 non
971 234 1100 277 modo
1141 234 1338 287 brevius,
1375 253 1524 281 verum
1569 239 1694 282 etiam

147 306 288 362 aptius
327 306 544 348 dicemus:
582 313 646 348 est
680 306 806 348 etiam
841 306 923 348 hoc
954 306 1134 349 Latinae
1168 307 1342 364 linguae
1377 309 1612 367 ingenium,
1647 319 1695 354 ut

146 378 313 421 facilius
345 378 600 439 argumenti,
630 378 747 434 quod
775 378 1042 435 propositum
1067 381 1134 430 sit,
1154 379 1314 423 finibus
1338 382 1579 426 contineare
1600 399 1693 435 nec,

147 451 252 492 dum
280 450 546 493 multitudini
582 451 750 507 placere
782 450 945 507 cupias,
976 451 1030 493 ad
1063 467 1125 502 ea,
1153 467 1263 508 quae
1296 455 1437 510 specie
1469 456 1696 512 magnifica

146 523 381 579 eademque
412 524 555 565 minus
584 538 686 565 vera
715 523 812 587 sint,
843 523 1071 566 deducare.
1117 523 1374 569 Germanice
1404 527 1532 584 longe
1552 542 1695 584 prom-

144 595 305 651 ptiores
335 595 390 636 ad
423 595 684 638 audiendum
716 595 938 638 hominum
965 611 1090 638 aures
1110 596 1368 649 invenimus,
1395 599 1583 655 plurium
1603 608 1694 642 stu—

144 668 216 709 dia
254 667 503 718 invitamus,
547 668 708 710 minore
748 683 845 709 cum
876 668 1071 710 molestia
1107 670 1422 725 cognoscimur,
1460 687 1513 713 ne
1547 687 1692 714 eorum

142 740 331 795 quidem,
375 740 448 796 qui
481 740 774 795 antiquitatem
811 747 984 796 propter
1025 755 1290 783 communem
1328 744 1542 798 quandam
1577 745 1693 786 utili-

142 820 270 855 tatem
301 813 510 869 attingere
543 812 734 868 cupiunt,
765 813 1028 855 voluntatem
1070 814 1356 856 deterremus:
1390 815 1466 857 sed
1495 823 1536 858 et
1560 817 1692 858 multa
1740 863 1744 866 ,

143 900 270 941 saepe
314 885 513 942 pluribus
560 900 773 941 exponere
818 894 859 927 et
899 891 1140 928 nostrarum
1188 901 1331 928 rerum
1368 894 1693 945 temporumque

143 957 468 999 similitudinem
500 972 580 1000 nec
611 957 813 999 subtilem
845 958 947 1000 satis
980 965 1022 1000 et
1049 958 1298 1014 multiplicis
1325 960 1489 1003 fraudis
1524 961 1692 1017 plenam

141 1021 348 1073 adhibere
380 1030 589 1086 cogimur.
614 1019 616 1021 ,
648 1027 715 1071 Sit
744 1030 879 1086 igitur
908 1038 1055 1073 nostra
1081 1032 1214 1073 oratio
1246 1032 1315 1083 iis,
1345 1032 1419 1088 qui
1448 1032 1693 1075 universam

92 1138 94 1140 ,
141 1101 326 1157 aliquam
356 1102 627 1158 disciplinam
664 1103 1016 1159 complectantur,
1048 1103 1281 1159 aptissima,
1321 1104 1393 1160 qui
1424 1119 1570 1147 curam
1606 1119 1692 1147 non

143 1175 346 1216 maiorem
384 1175 428 1216 in
465 1175 722 1217 inveniendo
763 1189 891 1230 quam
928 1175 971 1216 in
1014 1175 1252 1232 digerendo
1288 1183 1414 1232 atque
1446 1176 1692 1219 adornando

142 1261 301 1302 ponere
343 1247 494 1297 solent,
532 1246 686 1289 Latina
729 1254 841 1289 certe
880 1247 924 1288 in
964 1248 1031 1299 iis,
1064 1249 1137 1304 qui
1169 1249 1272 1291 dum
1305 1249 1525 1292 scientiam
1555 1249 1692 1305 ipsam

139 1319 404 1375 antiquitatis
437 1326 636 1376 augeant,
669 1319 816 1361 multis
847 1319 1013 1375 placere
1045 1322 1209 1371 nolunt,
1240 1321 1474 1378 vituperari
1501 1335 1588 1363 non
1616 1336 1692 1378 po-

140 1391 239 1432 terit
281 1406 420 1447 neque
457 1407 481 1433 a
519 1390 662 1440 nobis,
702 1392 776 1447 qui
815 1392 1098 1434 reconditiora
1133 1400 1260 1448 atque
1297 1393 1512 1449 ignotiora
1545 1408 1692 1450 perse-

138 1478 391 1518 queremur,
429 1463 656 1506 videbatur
698 1479 793 1506 esse
831 1465 1091 1507 deserenda:
1136 1481 1189 1507 ex
1235 1465 1393 1521 quibus
1437 1480 1546 1520 quae
1594 1480 1693 1508 vera

138 1542 276 1586 erunt,
309 1536 489 1578 aliorum
524 1536 713 1579 virorum
745 1537 967 1580 doctorum
997 1537 1210 1580 industria
1240 1537 1594 1594 propagabuntur
1625 1545 1690 1579 at-

138 1623 223 1664 que
259 1609 313 1651 ad
354 1624 516 1658 eorum,
557 1609 632 1664 qui
662 1609 715 1651 ab
749 1609 915 1652 Latinis
943 1609 1065 1652 libris
1097 1610 1340 1659 abhorrent,
1376 1609 1563 1651 notitiam
1593 1624 1690 1665 per-

138 1681 323 1724 venient.
380 1679 654 1737 Quamquam
690 1696 744 1724 ne
781 1682 849 1724 cui
882 1681 1079 1724 abstrusa
1109 1696 1287 1738 prorsus
1321 1688 1446 1736 atquc
1479 1696 1504 1722 a
1533 1681 1689 1723 nostris

140 1753 406 1809 temporibus
445 1754 596 1803 aliena,
633 1769 743 1809 quae
781 1755 1011 1797 multorum
1051 1753 1294 1809 cognitione
1323 1753 1502 1810 indigna
1531 1761 1688 1803 essent,

138 1825 306 1867 tradere
341 1826 697 1875 existimaremur,
730 1840 828 1867 cum
864 1841 1005 1868 coram
1040 1824 1238 1881 pluribus
1270 1824 1442 1867 dicendi
1473 1826 1582 1867 forte
1611 1824 1689 1867 ob-

135 1898 221 1940 lata
250 1905 364 1940 esset
403 1899 586 1948 occasio,
623 1912 709 1939 non
750 1898 872 1939 inviti
903 1898 1098 1947 fecimus,
1129 1904 1178 1938 ut
1209 1897 1461 1953 particulam
1500 1897 1687 1953 aliquam

137 1986 190 2012 ex
229 1971 296 2013 his
339 1969 682 2026 quaestionibus,
726 1985 842 2021 eam,
877 1985 986 2025 quae
1027 1970 1081 2011 de
1118 1970 1421 2025 imperatorum
1459 1969 1689 2011 tribunicia

135 2049 345 2098 potestate
376 2050 453 2092 est,
484 2042 610 2085 etiam
633 2042 890 2085 Germanice
909 2056 1241 2098 exponeremus:
1274 2056 1353 2083 nec
1379 2042 1557 2097 reliqua,
1578 2055 1687 2096 quae

138 2114 209 2157 hic
237 2114 568 2170 disputavimus,
598 2122 672 2156 aut
701 2114 900 2156 dissimili
930 2129 982 2156 ex
1009 2128 1166 2170 genere
1195 2121 1293 2155 sunt
1315 2123 1389 2155 aut
1409 2113 1551 2155 minus
1571 2127 1687 2155 com-

136 2186 276 2237 mode,
306 2186 342 2228 si
370 2201 477 2228 usus
508 2186 568 2228 ita
594 2186 716 2236 ferat,
746 2185 1003 2228 Germanice
1033 2185 1201 2241 possint
1230 2185 1404 2228 narrari.

247 2259 566 2313 Argumentum
597 2265 740 2300 autem
769 2258 919 2300 harum
950 2258 1352 2299 commentationum
1383 2272 1480 2299 cum
1509 2257 1685 2313 quadri-

135 2330 285 2372 fariam
313 2345 338 2370 a
367 2330 491 2372 nobis
521 2330 708 2372 divisum
741 2330 808 2380 sit,
843 2329 1003 2385 duplex
1029 2337 1169 2371 tamen
1203 2330 1520 2384 quodammodo
1541 2336 1618 2381 est,
1638 2337 1686 2372 ut

135 2402 267 2444 altera
296 2402 515 2444 cohaereat
549 2417 646 2444 cum
674 2402 824 2458 prima,
848 2400 995 2443 tertiae
1025 2400 1287 2457 adiungat-ur
1311 2409 1474 2456 quarta.
1512 2401 1683 2444 Etenim

133 2474 271 2529 prima
313 2473 548 2529 disputatio
593 2480 658 2515 est
701 2475 748 2514 de
787 2476 928 2515 Gallia
971 2475 1254 2513 Romanorum
1292 2476 1524 2527 provincia,
1559 2474 1683 2516 cuius

133 2546 311 2588 historia
348 2545 401 2588 ab
439 2545 534 2601 ipsa
573 2544 737 2600 origine
774 2559 912 2601 usque
948 2544 1002 2587 ad
1033 2544 1327 2600 imperatorem
1367 2544 1683 2601 Vespasianum

132 2625 342 2660 narratur.
407 2616 507 2670 Quo
541 2623 657 2658 tanto
691 2616 893 2672 temporis
929 2616 1065 2672 spatio
1101 2623 1204 2671 quot
1243 2624 1507 2672 quantaeque
1538 2632 1606 2660 res
1637 2618 1681 2659 in

132 2689 355 2746 republica
382 2689 575 2730 Romana
605 2687 880 2730 accideruntl
929 2688 1126 2741 Quarum
1153 2689 1271 2730 nulla
1300 2703 1431 2745 prope
1461 2695 1540 2740 est,
1572 2703 1681 2744 quae

131 2777 215 2803 non
253 2761 396 2816 aliqua
433 2760 595 2803 ratione
636 2775 733 2802 cum
773 2759 915 2802 Gallia
950 2760 1174 2803 coniuncta
1210 2760 1276 2802 sit.
1329 2760 1439 2803 Nam
1480 2761 1679 2816 quoniam

132 2833 208 2875 diu
238 2833 446 2890 quicquid
475 2833 518 2874 in
557 2831 695 2875 Gallis
727 2833 954 2875 subactum
988 2841 1090 2883 erat,
1132 2832 1392 2876 coniunctim
1432 2847 1530 2875 cum
1557 2832 1681 2874 Italia
