1846 3100
494 137 547 169 De
573 137 706 178 legibus
733 138 990 179 municipalibus
1017 138 1220 180 Hispanicis.
1551 137 1631 182 317

83 245 304 295 volumus,
342 245 437 302 ipsa
471 243 683 287 Latinitas
724 259 777 287 ex
818 244 991 286 foedere
1033 245 1222 301 quodam
1260 247 1473 298 nascitur,
1516 248 1634 303 quod

83 317 162 360 etsi
197 317 377 374 propius
421 316 698 359 coniunctum
727 325 818 359 erat
852 331 950 359 cum
978 317 1148 360 civitate
1172 318 1365 361 Romana
1393 334 1522 374 quam
1551 321 1635 363 alia

83 390 269 441 foedera,
293 390 392 433 ideo
412 397 554 432 tamen
575 390 755 432 inferius
777 389 1092 446 quodammodo
1117 398 1194 442 est,
1221 391 1339 447 quod
1359 391 1442 435 hoc
1458 400 1634 449 propter

81 463 241 506 auxilia
267 478 320 505 ex
348 462 532 505 formula
559 462 804 518 praebenda
831 477 1036 518 magnum
1068 463 1251 505 sustinet
1284 479 1406 514 onus,
1438 480 1524 521 quo
1557 465 1631 508 illa

82 537 171 579 fere
207 542 374 578 vacant.
438 533 623 577 Mutatio
660 535 795 591 igitur
834 535 1020 578 foederis
1054 536 1367 592 susciperetur,
1412 537 1447 579 si
1476 538 1549 592 qui
1578 553 1632 580 ex

82 608 302 651 foederata
337 607 509 650 civitate
550 607 594 648 in
626 607 740 649 Latii
776 608 845 650 ius
873 609 1227 660 transferrentur,
1266 624 1351 651 non
1378 609 1634 652 beneficium

84 681 358 723 conferretur.
417 677 507 721 Sed
541 679 753 736 explicare
794 680 903 722 hanc
934 681 1140 724 rationem
1174 681 1257 723 nisi
1287 682 1362 737 qui
1390 682 1633 726 Latinitatis

84 753 292 809 originem
321 768 371 795 ac
397 752 629 794 decursum
661 760 945 808 persequetur
973 767 1058 795 non
1087 753 1261 809 poterit:
1303 754 1427 797 nobis
1460 755 1634 810 quidem

85 825 168 868 hoc
207 825 303 868 loco
341 824 608 880 significasse
637 839 727 866 rem
757 824 949 879 quidque
981 825 1140 867 factum
1171 833 1284 868 esset
1317 826 1634 870 demonstrasse

89 898 192 941 satis
223 905 323 940 erat.

196 970 287 1012 Iam
319 970 354 1012 si
384 970 659 1012 discedamus
689 985 715 1012 a
743 969 986 1019 foederatis,
1018 986 1042 1012 a
1067 969 1212 1012 liberis
1241 971 1425 1027 populis,
1455 972 1634 1028 quiquo

85 1043 179 1086 iure
210 1042 355 1085 donati
385 1042 470 1084 sint
497 1042 707 1084 incertum
744 1058 838 1085 esse
866 1043 1078 1092 diximus,
1122 1059 1146 1085 a
1174 1043 1349 1085 coloniis
1381 1044 1566 1100 denique
1595 1052 1636 1087 et

85 1116 244 1158 civium
262 1114 554 1157 Romanorum
580 1114 775 1166 urbibus,
806 1115 1108 1170 relinquuntur
1134 1116 1336 1158 nimirum
1360 1117 1638 1173 stipendiaria

85 1187 267 1245 oppida,
311 1187 470 1243 quibus
515 1188 776 1230 consuluerit
817 1188 1134 1244 Vespasianus,
1180 1203 1278 1230 cum
1321 1189 1634 1245 compositurus

85 1259 319 1317 Hispanias
347 1259 448 1302 belli
477 1259 614 1302 civilis
640 1267 890 1315 tempestate
915 1261 1186 1317 perturbatas
1218 1261 1259 1303 in
1283 1276 1476 1312 censura,
1507 1277 1636 1318 quam

86 1348 184 1376 cum
213 1332 314 1374 Tito
342 1332 431 1374 filio
462 1333 611 1389 gessit,
643 1333 782 1375 edicto
811 1333 1010 1376 omnibus
1031 1333 1206 1376 Latium
1235 1334 1418 1377 offerret.
1463 1335 1635 1378 Etenim

85 1406 168 1448 hoc
202 1411 346 1447 tenere
386 1404 639 1447 debebimus
667 1405 851 1448 oblatam
883 1421 977 1448 esse
1007 1405 1305 1456 Latinitatem,
1342 1422 1428 1449 non
1458 1407 1636 1463 imposi-

84 1485 170 1521 tam
195 1476 464 1527 nolentibus3
509 1477 722 1533 siquidem
751 1485 896 1520 contra
926 1493 1087 1521 morem
1115 1478 1358 1521 Romanum
1386 1487 1451 1522 est
1479 1480 1636 1523 invitos

85 1550 292 1594 beneficio
329 1549 500 1592 afficere
538 1556 685 1605 atque,
728 1557 777 1592 ut
815 1558 857 1593 et
897 1551 1092 1608 singulos
1125 1558 1167 1594 et
1196 1551 1422 1594 universos
1453 1553 1636 1608 populos

87 1629 253 1666 constat
288 1622 407 1679 ipsos
450 1622 542 1664 eius
577 1622 688 1678 legis
726 1639 810 1679 qua
847 1624 892 1665 in
933 1624 1146 1667 civitatem
1181 1624 1473 1680 reciperentur
1515 1625 1637 1680 quasi

89 1695 250 1738 fundos
291 1710 387 1737 esse
432 1695 568 1737 factos
616 1693 729 1751 (Cic.
774 1711 817 1752 p.
852 1696 973 1739 Balb.
1007 1697 1057 1739 13
1091 1700 1192 1751 sq.)‚
1235 1696 1338 1738 item
1376 1696 1632 1753 Vespasiani

89 1768 230 1810 edicto
256 1766 548 1823 intelligemus
581 1767 694 1809 diem
724 1783 818 1810 esse
848 1769 1144 1819 constitutam,
1174 1775 1270 1811 ante
1298 1784 1424 1824 quam
1454 1770 1528 1825 qui
1560 1770 1636 1812 be-

86 1840 239 1883 neficio
267 1839 331 1881 uti
360 1839 538 1890 vellent,
580 1839 882 1896 profiterentur
913 1842 1078 1897 aliaque
1108 1841 1320 1891 iniuncta,
1356 1841 1515 1896 quibus
1548 1842 1637 1885 La-

88 1912 232 1955 tinitas
273 1912 552 1968 acciperetur.
624 1912 775 1969 Neque
815 1920 957 1956 tamen
999 1914 1180 1957 dubium
1223 1921 1288 1956 est
1329 1913 1433 1969 quin
1479 1914 1635 1970 cupide

88 1999 236 2027 omnes
264 1984 539 2041 expetierint,
580 1984 708 2027 edicti
734 1985 853 2042 leges
883 1986 1116 2042 explerint,
1143 1986 1421 2042 municipales
1452 1986 1637 2042 denique

86 2057 206 2114 leges
248 2056 475 2099 mutandas
516 2057 585 2099 vel
626 2050 948 2100 constitu'endas
986 2058 1187 2100 curarint.
1256 2057 1322 2100 Ita
1362 2058 1638 2100 Latinitatem

87 2130 264 2186 adeptae
303 2136 403 2172 sunt
444 2144 591 2171 omnes
635 2129 935 2186 stipendiariae
967 2129 1161 2172 civitates
1189 2145 1269 2172 nec
1295 2130 1436 2172 minus
1467 2130 1520 2180 ii,
1553 2129 1629 2185 qui

88 2202 319 2245 contributi
347 2209 466 2244 erant
495 2202 539 2243 in
571 2202 780 2252 colonias,
809 2202 854 2244 in
881 2202 1134 2258 municipia,
1168 2202 1212 2243 in
1238 2201 1366 2244 urbes
1400 2202 1637 2256 antiquitus

87 2274 288 2324 Latinas3
320 2281 362 2316 at
383 2274 494 2324 illae,
523 2289 633 2330 quae
657 2274 829 2316 foedere
853 2289 950 2316 cum
972 2274 1151 2330 imperio
1168 2274 1362 2316 Romano
1385 2274 1637 2316 coniunctae

88 2353 208 2389 erant
234 2353 320 2389 tres
350 2346 561 2396 civitates,
594 2346 776 2389 dubium
805 2354 883 2397 est,
916 2363 1033 2396 num,
1064 2360 1172 2401 quos
1202 2346 1502 2402 stipendiarios
1534 2361 1636 2388 con-

88 2417 272 2460 tributos
300 2417 345 2459 in
374 2433 495 2460 suam
514 2418 825 2474 rempublicam
847 2419 1075 2470 habebant,
1102 2419 1283 2461 Latinos
1299 2418 1391 2460 fieri
1410 2418 1636 2467 voluerint,

89 2505 221 2546 quare
257 2490 573 2546 discerperetur
610 2506 688 2534 sua
722 2492 840 2534 urbs.
907 2492 1152 2547 Mansitque
1188 2491 1398 2547 quaedam
1433 2490 1637 2545 inaequa-

88 2561 205 2612 litas,
248 2562 352 2604 dum
379 2562 653 2605 Domitianus
693 2578 806 2606 novo
848 2564 1010 2614 edicto,
1051 2579 1103 2606 ne
1135 2563 1240 2619 quid
1270 2563 1386 2618 quod
1414 2569 1638 2604 externum

90 2641 224 2684 esset,
261 2634 305 2675 in
334 2634 558 2689 provincia
583 2635 864 2690 relinqueret,
904 2636 1134 2678 foederatis
1161 2635 1287 2677 etiam
1316 2633 1498 2676 urbibus
1530 2633 1637 2676 civi-

89 2713 220 2747 tatem
244 2705 482 2748 Romanam
514 2706 679 2749 obtulit.
739 2707 813 2749 Sic
851 2715 964 2750 certe
1002 2708 1107 2750 haec
1139 2722 1207 2749 res
1236 2713 1276 2748 ct
1302 2706 1442 2762 potuit
1473 2706 1565 2747 fieri
1597 2712 1638 2747 et

91 2784 214 2834 gesta
240 2784 318 2828 est,
351 2777 387 2819 si
413 2793 545 2833 parva
567 2779 793 2834 quaedam,
821 2794 930 2835 quae
955 2794 1070 2821 nunc
1095 2779 1341 2822 coniectura
1359 2778 1530 2833 assequi
1552 2792 1638 2820 non

25 2905 29 2911 .
89 2847 204 2900 licet,
232 2850 488 2892 omittamus.
546 2849 697 2901 Velut,
737 2851 774 2894 si
808 2851 904 2906 quis
942 2851 1027 2894 iam
1059 2867 1083 2893 a
1110 2850 1379 2907 Vespasiano
1406 2850 1636 2893 foederatis
