1846 3100
5 2819 23 2844 ›¹-
3 2722 28 2810 δμὼς
3 2579 27 2706 avr-..¹122

574 155 629 187 De
658 153 772 187 Gallia
792 154 1025 185 Romanorum
1051 153 1235 195 provincia.
1604 148 1679 192 123

136 266 418 309 Saturninum
458 280 556 307 cum
595 265 764 321 legatus
793 261 985 318 Augusti
1022 261 1065 302 in
1099 259 1285 303 Galliam
1316 261 1531 317 Belgicam
1565 263 1682 317 (nam

135 338 237 380 huic
272 353 370 381 eum
403 338 643 394 praefuisse
674 350 782 391 quae
809 334 1000 377 Velleius
1031 342 1197 384 narrat,
1242 334 1492 389 ostendunt)
1524 334 1682 377 missus

136 418 263 461 esset,
294 409 504 452 mansisse
533 424 632 451 cum
659 408 808 451 eadem
842 414 1045 462 potestate
1077 414 1216 448 statuo
1246 421 1385 462 usque
1407 406 1462 448 ad
1480 421 1638 448 annum
1657 406 1682 447 6

135 498 178 539 p.
205 481 332 533 Chr„
370 497 454 538 quo
488 483 538 524 P.
568 480 831 535 Quinctilius
863 479 1005 522 Varus
1047 478 1085 520 ei
1122 479 1344 521 successit.
1411 479 1683 532 Quamquam

136 555 261 597 etiam
287 555 361 610 qui
379 554 667 610 Lugdunensi
691 552 937 609 provinciae
960 551 1159 607 praefuit,
1198 551 1443 594 coniectura
1466 566 1550 592 non
1571 558 1685 592 certa

135 627 208 670 illa
241 627 437 683 quidem,
484 626 559 668 sed
597 641 707 681 quae
742 634 880 666 tamen
923 639 947 664 a
983 622 1279 679 probabilitate
1316 639 1401 665 non
1445 622 1683 671 abhorreat,

137 699 311 741 videtur
337 713 465 755 posse
491 698 686 740 inveniri.
744 697 914 738 Etenim
945 696 1096 738 Vellei.
1122 697 1176 744 ΙΙ,
1215 696 1304 744 116,
1335 711 1421 751 quo
1452 696 1546 737 loco
1576 694 1684 736 adu—

135 770 252 812 landi
290 785 420 813 causa
463 771 612 813 aetatis
653 785 754 812 suae
792 769 992 826 egregios
1032 769 1146 811 viros
1188 768 1356 818 laudat,
1414 767 1465 810 C.
1507 766 1685 809 Vibium

139 843 408 892 Postumum,
438 843 491 885 de
520 848 605 898 quo
636 842 838 891 diximus,
864 842 1000 891 affert,
1027 842 1079 883 L.
1106 840 1362 883 Passienum
1387 840 1562 889 Rufum,
1596 854 1683 881 cos.

136 916 235 957 anni
263 915 287 958 4
309 930 346 957 a.
365 913 483 965 Chr„
513 913 785 970 Cossumque
805 913 1039 956 Lentulum
1072 914 1146 968 (de
1174 928 1260 970 quo
1290 914 1343 955 cf.
1375 911 1615 955 Comment.
1642 913 1685 954 II

135 1003 177 1045 p.
205 988 302 1043 91),
342 987 415 1043 qui
446 988 620 1031 Africae
658 987 936 1044 proconsules
968 987 1155 1036 fuerant,
1186 986 1239 1028 L.
1270 986 1523 1042 Apronium,
1557 1000 1686 1040 quem

138 1061 197 1103 ait
225 1060 466 1102 Delmatico
495 1059 607 1102 bello
635 1059 903 1109 excelluisse,
932 1060 986 1100 A.
1006 1058 1221 1101 Licinium
1246 1059 1431 1101 Nervam
1459 1056 1685 1107 Silianum,

136 1147 264 1189 quem
295 1147 393 1174 cum
423 1133 582 1188 patriae
613 1132 812 1188 dignitati
841 1139 1047 1187 aequatus
1079 1140 1205 1181 esset,
1235 1132 1383 1173 maiori
1416 1130 1507 1187 spei
1535 1131 1685 1172 imma-

137 1211 235 1247 tura
265 1212 399 1247 morte
430 1214 700 1261 praereptum
732 1219 827 1247 esse
857 1205 1064 1260 queritur,
1097 1204 1280 1259 denique
1311 1203 1364 1245 L.
1398 1204 1567 1245 Aelium
1600 1203 1685 1244 La—

139 1277 280 1327 miam,
309 1277 362 1319 de
389 1293 476 1333 quo
506 1278 611 1320 haec
635 1277 787 1320 habet:
832 1279 938 1318 svam
969 1284 1009 1317 et
1039 1278 1178 1317 Aelius
1206 1279 1359 1317 Lamia
1390 1279 1455 1316 vir
1484 1278 1684 1328 antiquis-

137 1352 233 1389 simi
267 1353 392 1390 moris
425 1357 463 1390 et
486 1353 668 1402 priscam
691 1352 944 1403 gravitatem
975 1362 1127 1402 semper
1157 1350 1417 1388 humanitate
1446 1355 1686 1401 temperans,

138 1425 184 1462 in
204 1424 431 1463 Germania
457 1425 696 1475 Illyricoqwt
725 1428 764 1461 et
788 1435 883 1461 moa¹
907 1424 952 1460 in
974 1423 1125 1472 Africa
1151 1422 1486 1473 splendidissimis
1509 1421 1688 1468 functus

138 1497 376 1535 ministeriis
413 1508 497 1534 non
526 1497 693 1542 merito,
734 1495 802 1534 sed
831 1496 1006 1534 materia
1036 1495 1292 1546 adipiscendi
1320 1494 1593 1545 triumphalia
1622 1495 1683 1534 de-

131 1569 273 1614 sectus
306 1573 377 1607 est.
437 1565 506 1607 Ex
537 1565 604 1607 his
635 1565 687 1607 L.
715 1565 954 1620 Apronium
987 1572 1028 1606 et
1056 1565 1108 1607 A.
1142 1565 1359 1607 Licinium
1396 1565 1519 1607 facile
1556 1565 1686 1607 credo

138 1637 274 1680 fuisse
295 1637 459 1680 Tiberii
485 1638 665 1694 legatos,
695 1638 943 1693 praesertim
975 1652 1072 1679 cum
1101 1636 1170 1679 hic
1199 1637 1258 1679 ita
1285 1652 1417 1693 prope
1441 1637 1686 1679 nominetur

139 1722 166 1751 a
191 1710 322 1752 Dion.
349 1710 469 1760 LVI,
505 1710 574 1760 12,
614 1723 665 1751 ac
701 1725 799 1751 cum
838 1717 982 1752 essent
1019 1710 1062 1751 in
1099 1709 1179 1752 hac
1216 1710 1430 1766 legatione
1462 1710 1688 1752 consulatu

143 1782 280 1824 ornati
317 1790 439 1832 sunt,
482 1782 553 1823 ille
592 1779 684 1823 Cal.
722 1781 803 1823 Iul.
842 1781 941 1824 anni
972 1783 997 1825 8
1031 1797 1071 1838 p.
1102 1781 1204 1825 Chr.
1243 1783 1305 1824 M.
1337 1782 1471 1824 Furio
1507 1780 1688 1825 Camillo

145 1854 375 1904 suffectus,
416 1853 486 1895 hic
514 1851 606 1895 Cal.
639 1854 729 1896 Ian.
759 1854 858 1895 anni
884 1854 908 1897 7
939 1869 980 1910 p.
1011 1852 1114 1896 Chr.
1177 1854 1264 1896 Sed
1302 1854 1368 1896 his
1406 1854 1534 1910 longe
1566 1862 1688 1896 vetu-

141 1926 245 1968 stior
281 1926 518 1969 consularis
557 1933 647 1968 erat
681 1925 734 1968 L.
764 1926 937 1976 Aelius3
983 1928 1122 1968 fuerat
1157 1927 1269 1968 enim
1307 1941 1416 1968 anno
1442 1927 1466 1968 3
1497 1941 1538 1982 p.
1569 1925 1688 1977 Chr„

137 2004 340 2052 quattuor
378 1998 501 2041 annis
541 1999 664 2039 etiam
706 2006 803 2040 ante
841 1998 903 2039 M.
937 1998 1171 2040 Aemilium
1211 1999 1453 2055 Lepidum,
1498 1999 1689 2054 legatum

140 2068 304 2112 Tiberii
333 2070 466 2126 (Vell.
491 2071 552 2120 ΙΙ,
583 2070 660 2112 114
687 2071 797 2126 sq.),
840 2071 964 2112 cuius
995 2079 1135 2113 tamen
1168 2086 1298 2114 causa
1326 2080 1415 2113 erat
1444 2070 1689 2127 singularis,

142 2142 245 2198 quia
280 2156 357 2198 per
392 2141 663 2185 Scriboniam
698 2143 947 2185 affinitatem
989 2143 1203 2198 quandam
1243 2159 1342 2186 cum
1372 2145 1577 2200 Augusto
1615 2143 1690 2184 ha-

138 2213 279 2257 bebat.
344 2213 516 2268 Quodsi
548 2214 602 2256 L.
628 2215 781 2257 Aelius
818 2216 987 2271 legatus
1016 2215 1231 2272 Augusti,
1275 2231 1360 2258 non
1390 2215 1553 2258 Tiberii
1586 2222 1688 2265 erat,

140 2284 340 2342 quonia-m
368 2286 547 2342 Belgica
583 2302 608 2327 a
639 2286 788 2328 Sentio
819 2285 1074 2337 Saturnino,
1115 2287 1334 2343 Illyricum
1365 2303 1390 2328 a
1420 2288 1483 2329 M.
1515 2287 1688 2330 Valerio

139 2364 182 2400 et
211 2355 262 2400 C.
291 2357 422 2400 Vibio
451 2358 658 2401 Postumo
689 2366 947 2415 occupatur,
986 2374 1163 2402 necesse
1193 2368 1257 2402 est
1286 2359 1470 2401 tenuerit
1500 2359 1688 2415 Lugdu—

140 2443 316 2472 nensem
344 2429 552 2480 Galliam,
590 2431 658 2473 cui
689 2431 793 2473 dum
826 2439 1014 2487 praeest,
1051 2432 1247 2474 accidere
1286 2431 1411 2473 facile
1446 2432 1602 2486 potuit,
1642 2438 1691 2472 ut

140 2508 182 2543 et
218 2502 375 2558 optime
412 2511 648 2545 mereretur
686 2518 970 2560 magnamque
1008 2504 1069 2546 rei
1107 2504 1300 2546 militaris
1346 2501 1565 2546 scientiam
1603 2517 1689 2544 non

141 2573 268 2615 inodo
304 2573 348 2615 in
380 2573 613 2617 Germania
653 2589 803 2617 verum
840 2575 967 2617 etiam
1004 2576 1182 2618 conflato
1223 2576 1335 2618 bello
1368 2574 1615 2617 Pannonico
1644 2574 1689 2615 in

140 2645 313 2700 Illyrico
350 2646 616 2697 ostenderet,
658 2654 699 2689 et
733 2648 957 2690 occasione
983 2648 1189 2704 triumphi
1217 2646 1484 2703 adipiscendi
1515 2654 1688 2688 careret.

143 2715 415 2772 Quamquam
444 2719 688 2761 coniectura
717 2735 818 2762 sane
848 2719 954 2762 haec
984 2727 1068 2770 est,
1107 2735 1216 2776 quae
1244 2727 1389 2761 utrum
1418 2732 1520 2760 vera
1551 2718 1606 2759 sit
1635 2732 1689 2759 an

142 2788 263 2839 falsa,
293 2788 348 2831 ad
380 2804 589 2832 summam
620 2791 953 2847 disputationem
984 2807 1069 2834 non
1098 2792 1283 2833 multum
1314 2790 1504 2832 interest.

258 2860 533 2904 Successisse
565 2870 707 2905 autem
736 2861 788 2906 C.
815 2862 964 2906 Sentio
994 2864 1038 2906 in
1067 2863 1209 2906 Gallia
1234 2863 1413 2920 Belgica
1440 2871 1605 2907 constat
1639 2863 1689 2907 P.
