1846 3100
578 171 631 204 Dc
655 171 767 204 Gallia
788 169 1017 201 Romanorum
1045 168 1230 210 provincia.
1621 166 1670 211 17

129 280 306 337 plificari
346 281 552 338 placeret,
600 281 643 322 id
690 278 806 335 quod
842 292 926 319 non
970 277 1177 333 placebat.
1247 277 1523 321 Accedebant
1560 278 1671 321 bella

129 352 311 404 Gallica,
341 369 451 409 quae
476 354 604 395 unius
635 353 703 394 vel
735 350 861 393 etiam
879 349 1063 390 duorum
1093 349 1398 405 imperatorum
1423 359 1673 407 perpetuam

129 438 275 467 curam
319 434 566 481 poscerent,
612 431 830 481 praeterea
874 435 1018 463 rerum
1060 420 1322 464 urbanarum
1365 423 1671 479 ingravescens

126 496 272 546 moles,
303 512 411 552 quae
439 497 636 540 consules
656 496 805 538 abesse
831 508 915 535 non
932 500 1161 550 pateretur.
1204 493 1403 550 Denique
1431 495 1672 538 iurisdictio

126 567 312 619 urbana,
350 584 460 624 quae
491 569 566 611 diu
594 569 678 610 iam
706 567 904 609 binorum
933 573 1178 622 praetorum
1208 566 1470 609 urbanorum
1502 574 1671 624 tempus

125 640 328 696 explerat,
357 641 562 684 institutis
593 638 917 695 quaestionibus
943 638 1161 694 perpetuis
1184 645 1300 681 tanta
1326 639 1411 682 iam
1433 640 1546 682 facta
1568 646 1672 689 erat,

123 719 172 753 ut
204 727 258 755 ne
299 719 500 768 quattuor
535 711 710 767 quidem
746 710 830 760 illi,
874 710 946 764 qui
987 710 1155 766 proprie
1194 711 1428 766 provinciis
1471 710 1671 754 destinati

124 790 256 834 erant,
286 792 502 840 praetores
528 798 606 840 per
631 783 905 839 magistratus
936 781 1003 823 sui
1033 796 1192 824 annum
1221 782 1372 825 abesse
1401 798 1530 839 posse
1548 783 1670 826 vide—

125 863 285 899 rentur.
345 857 470 910 Quae
506 870 603 898 cum
632 856 692 897 ita
721 855 828 903 sint,
865 853 1031 895 nullum
1062 854 1261 909 equidem
1291 862 1460 911 tempus
1489 855 1671 911 reperio,

123 943 208 983 quo
226 929 490 986 probabilius
508 928 563 970 sit
576 928 693 969 illam
711 941 844 986 quam·
857 925 947 967 dixi
966 926 1167 981 praetorii
1189 927 1376 969 muneris
1395 928 1672 970 mutationem

126 1007 370 1056 susceptam
401 1015 509 1051 esse,
539 1015 667 1055 quam
687 999 769 1041 hoc
792 996 843 1040 C.
862 997 1064 1048 Gracchi,
1094 1013 1219 1053 quem
1238 999 1489 1054 praesertim
1507 1007 1673 1042 constet

123 1072 176 1113 de
206 1071 440 1128 provinciis
476 1072 616 1128 legem
646 1071 809 1112 tulisse.
864 1070 934 1112 De
964 1085 1050 1126 qua
1080 1085 1190 1125 quae
1218 1071 1467 1122 traduntur,
1508 1073 1588 1115 etsi
1616 1073 1671 1115 ad

125 1144 387 1186 sortitionem
406 1151 569 1187 tantum
587 1143 798 1200 pertinent
811 1149 852 1184 et
868 1142 921 1183 ad
937 1141 1182 1184 consulares
1197 1141 1455 1199 provincias,
1471 1145 1671 1201 exiguam

124 1223 263 1259 tamen
289 1231 433 1259 rerum
448 1217 739 1259 Romanarum
758 1215 979 1258 scientiam
996 1215 1162 1271 prodat,
1193 1215 1228 1257 si
1250 1217 1340 1258 sola
1359 1232 1384 1258 a
1402 1214 1453 1258 C.
1472 1216 1671 1261 Graccho

124 1289 287 1331 sancita
314 1303 395 1332 nec
423 1289 653 1344 quicquam
672 1288 790 1331 aliud
819 1288 915 1343 lege
937 1285 1194 1343 Sempronia
1222 1287 1276 1329 de
1297 1289 1529 1344 provinciis
1553 1305 1670 1333 com-

123 1360 381 1416 prehensum
411 1376 506 1403 esse
544 1368 678 1417 putet.
740 1359 829 1402 Sed
869 1359 1068 1416 pluribus
1106 1359 1211 1402 haec
1244 1362 1445 1417 persequi
1482 1377 1567 1404 non
1606 1370 1672 1405 est

123 1432 253 1475 huius
292 1432 397 1474 loci:
439 1433 578 1489 ipsam
612 1433 674 1475 rei
711 1432 970 1475 mentionem
1009 1446 1104 1474 cum
1138 1438 1223 1474 tam
1250 1433 1385 1476 multa
1412 1434 1466 1477 de
1494 1435 1670 1491 provin-

123 1504 285 1546 ciarum
312 1505 531 1547 sortitione
550 1504 805 1554 diceremus,
837 1504 995 1546 inferre
1021 1519 1106 1546 non
1126 1504 1354 1548 videbatur
1383 1521 1478 1549 esse
1506 1508 1669 1552 inutile.

123 1575 239 1618 Illud
258 1591 395 1618 unum
418 1577 587 1626 adiicio,
619 1592 717 1619 cum
733 1574 784 1619 C.
801 1576 930 1618 Marii
946 1583 1159 1632 praetura,
1191 1577 1245 1620 de
1267 1593 1353 1633 qua
1368 1579 1413 1620 in
1432 1577 1669 1625 comment.

125 1648 347 1704 epigraph.
376 1649 472 1691 Vol.
502 1649 546 1691 II
584 1664 625 1705 p.
661 1649 738 1692 176
770 1648 980 1699 diximus,
1014 1649 1200 1705 primum
1236 1657 1399 1693 certum
1426 1653 1670 1709 exemplum

125 1720 337 1771 exhibeat,
375 1736 458 1776 quo
485 1730 724 1777 praetorem
752 1729 901 1764 exacto
927 1721 1179 1777 magistratu
1208 1722 1250 1763 in
1277 1723 1541 1778 provinciam
1572 1741 1670 1782 pro-

125 1792 286 1836 fectum
330 1808 424 1836 6886
466 1793 703 1842 discamus,
749 1794 936 1850 lapidem
978 1793 1098 1835 illum
1137 1794 1363 1837 Pollanum
1398 1795 1449 1837 P.
1483 1796 1670 1852 Popillii,

123 1880 252 1921 quem
279 1866 408 1922 paulo
443 1881 573 1922 supra
599 1866 846 1917 citavimus,
885 1867 1084 1908 ultimum
1112 1866 1250 1909 videri
1290 1882 1384 1910 esse
1414 1869 1670 1925 exemplum,

122 1938 238 1993 quod
268 1945 507 1994 praetorem
537 1939 580 1980 in
611 1939 706 1994 ipso
735 1939 1011 1994 magistratus
1031 1954 1142 1982 anno
1165 1939 1411 1995 provinciae
1431 1940 1671 1997 praefuisse

123 2010 331 2052 ostendat.
384 2009 607 2052 Gloriatur
637 2010 748 2053 enim
777 2011 847 2053 ille
878 2026 922 2053 se
952 2018 1191 2068 praetorem
1222 2011 1265 2054 in
1282 2009 1432 2055 Sicilia
1461 2013 1670 2070 fugitivos

123 2082 372 2124 Italicorum
411 2082 678 2138 conquisisse
714 2098 764 2125 ac
802 2082 1046 2126 reddidisse
1086 2084 1276 2126 homines
1310 2082 1671 2129 DCCCCXVII.

124 2154 227 2196 Fuit
253 2154 386 2210 igitur
413 2154 456 2196 in
481 2161 679 2210 praetura
707 2155 802 2207 ipsa
823 2155 995 2198 Siciliae
1025 2171 1212 2212 praeses.
1258 2157 1346 2199 Sed
1368 2157 1540 2212 quando
1560 2158 1671 2200 fuit?

125 2225 254 2268 Anno
296 2226 373 2268 132
415 2224 466 2268 C.
502 2226 708 2268 Fulvium
755 2242 841 2270 cos.
883 2242 932 2270 eo
974 2228 1155 2271 missum
1195 2243 1290 2271 esse
1334 2236 1500 2272 constat
1544 2231 1670 2288 (Liv.

125 2298 225 2354 epit..
274 2298 434 2352 LVI),
480 2305 577 2340 ante
623 2313 720 2340 eum
767 2306 969 2355 quattuor
1009 2307 1228 2356 praetores
1270 2316 1423 2357 parum
1467 2317 1672 2359 prospere

124 2377 368 2426 pugnarant
412 2385 510 2412 cum
552 2371 711 2420 servis,
753 2386 861 2427 quos
897 2371 1013 2414 Flor.
1051 2373 1116 2423 II,
1146 2374 1170 2416 7
1211 2373 1425 2424 nominat,
1467 2374 1671 2426 Manlius,

125 2442 359 2492 Lentulus,
397 2442 525 2491 Piso,
566 2442 619 2484 L.
650 2443 884 2499 Hypsaeus
921 2444 1074 2501 (Diod.
1107 2444 1279 2500 Fragm.
1309 2445 1565 2502 XXXIV),
1598 2448 1673 2503 qui

126 2514 407 2570 quadriennio
436 2522 532 2556 ante
564 2512 756 2558 Siciliam
786 2523 1021 2559 tenuerant.
1081 2515 1300 2572 Sequitur,
1328 2524 1377 2559 ut
1394 2517 1444 2559 P.
1460 2517 1672 2574 Popillius

126 2600 236 2628 anno
284 2586 361 2628 139
402 2586 471 2628 vel
512 2585 588 2628 140
627 2594 795 2642 praetor
836 2589 1027 2631 Siciliam
1071 2589 1228 2631 rexerit
1238 2605 1249 2639 3
1297 2604 1398 2631 nam
1439 2589 1525 2631 iam
1570 2596 1673 2633 tunc

126 2657 335 2711 quaedam
382 2657 548 2699 servilis
597 2658 819 2702 seditionis
866 2662 1029 2704 semina
1062 2662 1106 2703 in
1139 2661 1281 2704 insula
1316 2661 1451 2704 fuisse
1490 2662 1674 2705 Diodori

128 2727 157 2769 l.
195 2743 231 2770 c.
274 2728 458 2770 narratio
501 2728 724 2784 significat.
791 2732 910 2775 Inter·
951 2733 1067 2776 hunc
1105 2733 1239 2789 igitur
1278 2733 1329 2775 P.
1363 2734 1597 2791 Popillium
1631 2741 1674 2777 et

129 2797 179 2841 C.
207 2800 396 2842 Marium
425 2799 568 2842 media
593 2816 724 2858 prope
763 2811 828 2846 est
865 2806 934 2847 lex
965 2804 1238 2862 Sempronia,
1285 2821 1371 2861 qua
1411 2806 1673 2862 prorogandi

56 2930 61 2938 Ι
128 2879 373 2927 praetorum
398 2871 567 2928 imperii
597 2876 949 2920 consuetudinem
977 2878 1214 2920 institutam
1236 2892 1330 2920 esse
1346 2884 1560 2934 putamus,
1587 2892 1674 2921 non

1383 2950 1406 2993 2
