1846 3100
179 153 262 198 262
622 160 677 192 De
705 159 881 192 dictatoris
910 159 1064 193 Caesaris
1092 162 1289 195 honoribus.

179 280 300 309 cesse
329 273 406 317 est,
435 267 553 323 quod
581 267 711 309 Dioni
738 268 951 310 mentione
982 269 1162 326 dignum
1194 284 1289 312 esse
1315 271 1548 315 videretur.
1589 273 1727 317 Nimi-

177 353 273 381 rum
304 339 424 391 haec,
461 341 625 396 opinor,
655 340 762 382 ratio
794 347 858 383 est
888 349 1076 384 senatus.
1131 342 1396 385 Relationem
1428 344 1471 385 in
1505 361 1556 388 eo
1585 345 1726 398 habet,

177 412 253 468 qui
290 419 471 468 praeest,
511 412 558 454 id
596 419 662 454 est
698 412 952 468 plerumque
992 414 1155 464 consul,
1193 429 1327 469 eoque
1367 417 1628 460 concedente
1658 419 1727 461 vel

176 492 347 541 praetor
379 485 448 527 vel
478 484 679 527 tribunus
720 484 834 540 plebi
864 483 980 540 (Cic.
1007 485 1119 527 Phil.
1151 486 1253 537 VII,
1289 488 1345 542 1).
1408 486 1498 531 Sed
1527 491 1726 545 quoniam

176 556 362 599 tribunis
393 557 520 598 etiam
550 556 685 599 invito
716 558 892 600 consule
922 557 1023 600 licet
1053 573 1180 600 suum
1213 570 1405 602 senatum
1427 576 1594 612 vocare,
1623 577 1725 604 con-

176 636 427 671 sentaneum
455 636 534 678 est,
564 636 612 670 ut
639 644 724 671 non
755 629 884 672 modo
913 629 958 671 in
986 644 1051 679 eo,
1072 645 1199 685 quem
1218 631 1299 688 ipsi
1318 634 1548 689 coegerint,
1575 642 1724 677 senatu

173 701 422 744 relationem
447 701 652 752 habeant,
682 717 831 744 verum
867 703 994 744 etiam
1021 701 1065 743 in
1105 718 1168 754 eo,
1199 704 1267 746 cui
1297 705 1495 747 consules
1521 707 1723 762 praesint,

174 774 276 830 quia
306 789 433 817 suum
475 789 520 816 se
559 782 753 816 senatum
789 784 1015 817 vocaturos
1047 790 1142 817 esse
1176 777 1327 819 minari
1362 785 1559 833 possunt,
1599 779 1723 822 facile

173 847 387 889 referendi
424 854 677 902 potestatem
717 855 1012 903 assequantur.
1071 846 1142 891 Cf.
1175 847 1266 892 Cic.
1297 850 1419 906 epist.
1447 850 1510 900 X,
1543 850 1606 893 16.
1658 851 1724 892 Ita

172 919 233 969 fit,
275 926 324 960 ut
365 918 637 961 tribunorum
678 920 816 963 omnis
860 921 915 963 ad
961 928 1154 963 senatum
1192 921 1406 964 referendi
1444 930 1630 978 potestas
1670 937 1723 964 cx

174 1006 387 1034 consensu
417 992 614 1048 pendeat,
647 993 721 1047 qui
751 992 827 1034 ubi
861 1000 938 1043 est,
969 993 1012 1034 in
1036 994 1190 1049 quovis
1220 1001 1370 1035 senatu
1393 993 1447 1035 de
1465 1009 1721 1050 quacunque

172 1079 218 1106 re
259 1064 424 1114 volunt,
463 1065 712 1107 relationem
761 1065 1153 1122 discessionemque
1198 1067 1337 1108 facere
1372 1073 1566 1122 possunt.
1629 1066 1720 1108 Iam

171 1135 404 1193 Augustus
435 1145 484 1179 ut
513 1138 808 1180 intercedendi
841 1138 1146 1194 iudicandique
1169 1138 1222 1179 de
1241 1138 1593 1194 appellationibus
1613 1139 1720 1182 libe-

171 1224 262 1252 ram
294 1210 347 1252 ab
379 1210 642 1266 collegarum
667 1226 882 1253 consensu
909 1217 1162 1267 potestatem
1193 1217 1425 1266 acceperat,
1451 1211 1510 1253 ita
1536 1226 1719 1267 aequum

172 1297 268 1325 esse
300 1282 541 1333 videbatur,
573 1290 620 1324 ut
650 1283 775 1326 etiam
803 1283 961 1340 agendi
992 1299 1088 1325 cum
1121 1290 1271 1324 senatu
1299 1282 1476 1324 liberam
1507 1282 1559 1325 ab
1591 1283 1719 1326 colle—

171 1369 322 1411 garum
370 1355 676 1398 intercessione
715 1357 961 1399 facultatem
1005 1356 1228 1412 acciperet,
1289 1355 1416 1397 Hanc
1452 1355 1507 1398 ob
1546 1370 1719 1398 causam

170 1435 274 1469 tunc
308 1434 481 1470 senatus
513 1429 708 1471 consulto
739 1428 1007 1472 consuetudo
1045 1427 1257 1470 senatoria
1286 1427 1344 1469 ita
1373 1434 1536 1469 mutata
1563 1436 1640 1476 est,
1671 1434 1719 1470 ut

168 1500 414 1557 imperatori
443 1500 488 1541 in
520 1501 633 1542 omni
664 1509 814 1543 senatu
841 1501 971 1543 unius
1000 1500 1148 1556 utique
1175 1499 1391 1542 relationis
1420 1499 1488 1542 ius
1509 1500 1718 1542 concede-

170 1579 300 1615 retur.
343 1572 414 1615 Ex
443 1588 529 1629 quo
559 1573 652 1615 iure
682 1574 900 1629 quomodo
929 1574 999 1616 ius
1030 1573 1177 1615 tertiae
1207 1579 1248 1614 et
1277 1580 1451 1627 quartae
1481 1580 1522 1614 et
1546 1573 1718 1628 quintae

168 1645 399 1696 relationis,
434 1646 551 1702 quod
581 1646 711 1688 altero
742 1647 913 1689 saeculo
943 1647 1158 1703 principes
1188 1644 1344 1688 habere
1374 1652 1617 1701 coeperunt,
1648 1659 1717 1686 or-

168 1724 260 1760 tum
302 1718 357 1760 sit
387 1719 524 1760 fateor
552 1733 620 1761 me
648 1719 830 1770 nescire,
859 1719 991 1775 idque
1022 1734 1120 1761 cum
1149 1719 1297 1774 paucis
1323 1718 1430 1760 locis
1463 1718 1580 1774 apud
1609 1717 1715 1760 scri—

168 1798 311 1847 ptores
342 1790 546 1833 historiae
575 1791 805 1848 Augustae
839 1799 1194 1835 commemoretur
1223 1789 1425 1849 (Capitol.
1443 1789 1594 1832 Marco
1617 1805 1652 1832 c.
1669 1790 1714 1840 63

169 1862 332 1905 Pertin.
363 1878 399 1906 c.
428 1864 475 1914 53
514 1863 738 1920 Lamprid.
765 1864 893 1906 Alex·
926 1863 1027 1907 Sev.
1059 1879 1095 1906 c.
1123 1867 1165 1914 13
1203 1864 1374 1920 Vopisc.
1401 1862 1532 1905 Proh.
1564 1877 1602 1905 c.
1632 1862 1714 1915 12),

169 1935 342 1977 omnino
373 1936 499 1991 quale
529 1936 672 1986 fuerit,
699 1936 773 1978 vix
798 1943 904 1992 puto
931 1952 1060 1993 posse
1084 1936 1263 1978 definiri.
1309 1934 1434 1988 Quae
1453 1941 1565 1977 certe
1583 1935 1714 1977 inter-

166 2007 345 2063 pretatio
387 2008 573 2063 primum
617 2007 669 2050 ab
713 2006 971 2051 Casaubono
1012 2009 1067 2051 ad
1109 2008 1286 2051 Sueton.
1325 2005 1449 2050 Caes.
1489 2022 1524 2049 c.
1557 2007 1611 2049 20
1647 2007 1714 2048 in-

166 2086 295 2122 venta
325 2087 390 2122 est
420 2080 677 2136 probarique
702 2096 818 2124 nunc
850 2081 969 2131 solet,
1000 2089 1049 2123 ut
1077 2081 1354 2137 imperatores
1379 2079 1508 2120 trium
1529 2086 1571 2120 et
1590 2086 1713 2134 quat—

167 2158 266 2194 tuor
284 2159 326 2194 et
346 2152 536 2208 quinque
553 2153 808 2196 relationum
830 2155 898 2196 ius
916 2154 1120 2196 habuisse
1141 2152 1396 2201 existiment,
1415 2166 1478 2201 ea,
1497 2150 1714 2206 quomodo

167 2231 209 2266 et
237 2239 335 2267 cum
361 2226 532 2267 nomine
565 2233 605 2267 et
633 2240 729 2268 cum
755 2242 801 2269 re
832 2227 928 2283 ipsa
950 2233 1141 2268 constare
1168 2224 1318 2280 possit,
1334 2238 1485 2279 parum
1504 2223 1711 2279 intelligo.

167 2295 258 2340 Sed
300 2297 501 2353 persequi
544 2297 627 2340 hoc
668 2306 969 2355 argumentum
1011 2298 1183 2352 longius
1221 2295 1274 2338 ab
1308 2296 1389 2338 hac
1426 2295 1712 2352 disputatione

165 2369 350 2411 alienum
386 2378 463 2421 est,
494 2385 604 2426 quae
632 2385 784 2413 vereor
810 2371 953 2414 hercle
975 2385 1029 2412 ne
1058 2370 1142 2412 iam
1168 2369 1221 2412 ab
1243 2383 1293 2411 eo
1311 2369 1425 2424 quod
1443 2368 1710 2425 propositum

164 2448 267 2492 erat,
298 2442 441 2484 abisse
473 2442 684 2485 videatur.

278 2514 553 2557 Intellectum
583 2515 697 2557 enim
725 2507 819 2558 esse
849 2514 1043 2565 arbitror,
1074 2513 1233 2569 quibus
1266 2512 1438 2570 legibus
1468 2522 1508 2556 et
1537 2519 1709 2556 senatus

163 2587 368 2630 consultis
411 2587 618 2630 coaluerit
659 2588 749 2639 illa,
788 2603 873 2643 qua
915 2587 1193 2643 imperatores
1232 2586 1301 2628 usi
1339 2593 1451 2636 sunt,
1482 2585 1710 2628 tribunicia

164 2665 368 2716 potestas,
397 2675 524 2715 quam
545 2660 776 2717 Augustus
802 2665 1029 2716 postquam
1056 2667 1392 2702 consummatam
1411 2658 1588 2714 accepit,
1608 2657 1710 2713 quia

163 2732 348 2774 maxime
378 2731 569 2774 omnium
598 2732 815 2789 popularis
852 2746 946 2774 esse
976 2730 1216 2782 videbatur,
1246 2732 1350 2774 tanti
1379 2730 1632 2780 aestimavit,
1660 2735 1710 2771 ut

164 2817 218 2845 ex
247 2819 298 2847 ea
326 2810 367 2846 et
394 2804 488 2860 ipse
514 2804 680 2860 imperii
711 2803 779 2846 sui
808 2818 941 2846 annos
972 2810 1216 2846 numeraret
1248 2811 1290 2846 et
1316 2803 1486 2860 publice
1501 2804 1710 2846 fastorum

163 2890 297 2918 annos
334 2876 498 2932 signari
533 2876 715 2919 iuberet.
774 2876 924 2931 Neque
964 2876 1010 2917 in
1047 2875 1140 2918 aliis
1178 2875 1309 2918 rebus
1349 2882 1590 2932 contempta
1622 2881 1707 2924 est3
