1846 3100
584 126 638 158 De
665 124 779 158 Gallia
804 125 1039 157 Romanorum
1071 124 1256 167 provincia.
1630 121 1682 164 57

135 234 236 278 hinc
264 234 487 286 discimus,
518 234 635 292 quod
666 232 908 289 insequenti
938 247 1048 274 anno
1072 247 1170 274 cum
1186 231 1264 276 M.’
1282 233 1427 276 Acilio
1445 232 1682 277 Glabrione

135 321 362 350 censuram
392 308 540 363 gessit.
603 307 694 361 Qui
733 305 919 361 denique
957 319 1068 348 anno
1105 305 1158 347 64
1193 321 1229 348 a.
1261 304 1365 349 Chr.
1403 295 1540 349 secuti
1585 312 1684 349 sunt

135 367 354 431 consules,
402 379 526 422 ambo
563 379 608 422 in
646 378 753 421 urbe
791 383 1100 420 remanserunt.
1169 377 1281 421 Nam
1322 384 1364 420 et
1402 376 1453 420 C.
1489 378 1682 421 Marcius

133 451 319 508 Figulus
348 451 392 493 in
427 458 578 494 senatu
615 458 762 493 contra
791 448 1017 493 Catilinam
1049 449 1212 492 dixisse
1247 457 1444 493 narratur
1482 449 1597 506 (Cic.
1627 451 1682 494 ad

133 521 224 566 Att.
260 523 379 575 XII,
422 524 498 575 213
546 524 658 566 Phil.
692 523 760 573 II,
797 523 850 577 5)
900 529 942 564 et
979 521 1032 563 L.
1071 521 1210 564 Iulius
1251 520 1434 573 Caesar,
1481 522 1683 579 idemque

134 595 339 638 duumvir
378 596 423 637 in
454 594 505 638 C.
536 595 700 638 Rabirii
745 610 876 637 causa
914 593 1134 636 iudicavit.
1200 593 1299 637 Hoc
1336 610 1464 650 quam
1501 595 1557 638 ob
1592 611 1684 637 rem

133 667 348 719 acciderit,
376 674 492 710 certo
521 667 608 710 dici
636 667 798 722 nequit,
834 667 910 709 sed
941 667 1121 709 alterum
1149 675 1289 709 tamen
1319 682 1465 709 eorum
1496 674 1682 710 statuere

135 739 388 783 debebimus
424 739 572 782 Italiae
617 754 715 781 cum
757 737 900 781 Gallia
942 736 1161 795 Cisalpina
1196 739 1457 795 praefuisse,
1504 739 1683 782 alterum

133 827 232 854 cum
249 811 463 868 Hispania
492 811 664 854 citerior
691 811 730 853 ei
761 811 1000 867 obtigisset,
1028 810 1180 853 urbem
1211 811 1451 867 relinquere
1479 812 1683 854 noluisse.

249 885 391 940 Atque
409 883 563 926 horum
582 883 771 939 quidem,
789 898 898 940 quos
917 883 1059 926 adhuc
1082 883 1453 938 perlustravimus,
1474 899 1684 926 annorum

137 956 279 1000 tenuis
313 971 414 999 sane
446 963 666 1012 supererat
692 956 916 1006 memoria,
961 963 1008 997 ut
1046 955 1174 998 modo
1210 956 1551 998 coniecturarum
1583 971 1683 1012 pro-

133 1028 349 1072 babilitate
365 1028 588 1079 utendum,
600 1028 727 1070 modo
745 1028 926 1071 aliorum
945 1035 1186 1083 temporum
1204 1027 1437 1071 similitudo
1453 1029 1683 1079 afferenda,

134 1101 263 1144 modo
294 1102 480 1156 denique
510 1101 722 1156 ignoratio
762 1117 904 1143 rerum
933 1108 1237 1157 auctorumque
1271 1102 1415 1158 inopia
1445 1101 1685 1144 confitenda

134 1181 261 1217 esset.
303 1174 370 1216 Eo
400 1174 524 1231 plura
547 1174 632 1216 iam
659 1173 712 1216 de
741 1189 852 1216 anno
883 1174 935 1216 63
962 1190 998 1216 a.
1018 1173 1121 1217 Chr.
1153 1174 1395 1224 traduntur,
1425 1189 1509 1230 quo
1522 1173 1586 1215 M.
1608 1171 1684 1215 Ci-

138 1261 236 1289 cero
269 1254 312 1289 et
348 1245 400 1289 C.
433 1246 650 1289 Antonius
691 1247 889 1289 consules
929 1247 1116 1288 fuerunt.
1188 1245 1277 1300 Qui
1314 1253 1543 1302 antequam
1573 1261 1683 1288 anno

135 1318 188 1361 64
218 1334 255 1361 a.
288 1316 391 1362 Chr.
433 1319 646 1375 designati
682 1325 801 1368 sunt,
837 1319 996 1361 futuris
1038 1318 1289 1361 consulibus
1330 1335 1383 1361 ex
1420 1319 1517 1375 lege
1559 1317 1683 1361 Sem-

136 1390 284 1446 pronia
298 1390 553 1433 Macedonia
569 1398 610 1433 et
626 1390 749 1433 Italia
769 1390 964 1434 decretae
988 1398 1088 1434 sunt
1109 1391 1186 1446 (cf.
1205 1389 1444 1434 Comment.
1462 1391 1683 1447 epigraph.

138 1461 237 1505 Vol.
268 1462 315 1504 II
354 1478 398 1519 p.
430 1464 549 1518 193),
589 1470 819 1519 postquam
857 1463 1154 1520 magistratum
1187 1463 1397 1515 inierunt,
1442 1463 1683 1520 provincias

135 1534 272 1576 sortiti
313 1541 437 1585 sunt,
479 1534 523 1576 in
562 1550 648 1590 qua
677 1535 896 1577 sortitione
939 1533 1140 1578 Ciceroni
1170 1536 1450 1587 Macedonia,
1493 1536 1683 1578 Antonio

136 1605 279 1648 Gallia
314 1606 470 1648 evenit.
535 1605 624 1648 Sed
662 1606 734 1649 ille
769 1607 971 1662 quoniam
1013 1608 1220 1664 collegam
1258 1605 1467 1650 Catilinae
1505 1608 1683 1664 eiusque

133 1678 261 1720 sociis
296 1678 441 1720 favere
472 1678 851 1730 animadvertebat,
884 1680 1161 1722 concedenda
1173 1679 1432 1722 Macedonia
1458 1694 1556 1722 eum
1583 1695 1682 1736 per-

133 1750 254 1807 pulit,
283 1757 333 1792 ut
358 1757 552 1792 senatum
573 1750 794 1807 bonosque
822 1751 1060 1802 adiuvaret,
1091 1759 1183 1794 tum
1201 1751 1386 1795 Galliam
1403 1750 1681 1809 Cisalpinam,

133 1837 262 1879 quam
302 1836 401 1864 cum
429 1821 608 1864 Antonii
637 1823 859 1879 provincia
889 1832 1092 1874 mutarat,
1131 1824 1328 1880 quamvis
1364 1839 1389 1866 a
1418 1831 1568 1868 senatu
1596 1826 1683 1868 iam

131 1894 316 1951 pecunia
356 1894 632 1950 exercituque
675 1895 928 1938 instructam
965 1896 1179 1954 deposuit.
1244 1896 1394 1939 Refert
1433 1896 1539 1939 haec
1579 1897 1681 1940 satis

134 1966 301 2023 copiose
336 1966 424 2009 Dio
452 1966 700 2018 XXXVII,
744 1969 818 2012 33:
873 1967 1041 2025 Εἰλήχει
1075 1969 1151 2024 γὰρ
1180 1972 1251 2023 τῆς
1277 1968 1535 2015 Μακεδονίας
1565 1969 1683 2025 ἄρξαι

137 2038 232 2080 οὔτε
269 2040 315 2081 δὲ
350 2039 392 2085 ἐς
432 2040 587 2096 ἐκείνην
620 2044 697 2097 (τῷ
721 2041 796 2096 γὰρ
827 2042 1064 2097 συνάρχοντι
1105 2041 1229 2096 αὐτῆς
1270 2041 1337 2083 διὰ
1372 2042 1442 2096 τὴν
1483 2042 1575 2098 περὶ
1614 2042 1683 2087 τὰς

135 2111 249 2156 δίκας
290 2113 469 2167 σπουδὴν
511 2112 679 2168 ἐξέστη)
723 2112 816 2154 οὔτε
859 2112 900 2157 ἐς
933 2113 1003 2167 τὴν
1044 2112 1246 2154 Γαλατίαν
1290 2114 1360 2169 τὴν
1394 2114 1591 2168 πλησίον,
1632 2114 1680 2169 ἣν

135 2182 346 2239 ἀντέλαβε,
377 2183 443 2224 διὰ
473 2183 522 2225 τὰ
548 2183 730 2239 παρόντα
760 2184 971 2239 ἐξήλασεν,
1000 2185 1084 2226 ἀλλ’
1121 2184 1242 2231 αὐτὸς
1273 2186 1345 2241 μὲν
1377 2186 1447 2241 τὴν
1471 2185 1587 2227 πόλιν
1615 2186 1682 2227 διὰ

134 2255 320 2309 φυλακῆς
350 2254 598 2310 ἐποιήσατο·
637 2255 679 2300 ἐς
707 2256 753 2297 δὲ
782 2257 852 2311 τὴν
883 2255 1086 2297 Γαλατίαν
1116 2258 1184 2299 τὸν
1211 2255 1443 2308 Μέτελλον,
1483 2257 1596 2302 ὅπως
1626 2258 1680 2312 μὴ

131 2326 199 2366 καὶ
236 2326 257 2368 ὁ
289 2324 506 2372 Κατιλίνας
535 2326 658 2382 αὐτὴν
690 2327 988 2383 σφετερίσηται,
1021 2326 1194 2384 ἔπεμψε.
1243 2327 1351 2371 Tres
1382 2328 1427 2370 in
1456 2328 1523 2371 his
1555 2327 1682 2372 Cice-

132 2397 250 2439 ronis
293 2412 363 2440 res
409 2397 756 2453 distinguuntur,
800 2399 988 2456 primum
1031 2399 1148 2454 quod
1191 2399 1493 2443 Macedoniam
1541 2399 1684 2443 Gallia

138 2469 342 2520 mutavit,
381 2470 538 2513 deinde
564 2471 680 2527 quod
707 2470 894 2514 Galliam
930 2471 1152 2527 deposuit,
1191 2478 1283 2513 tum
1312 2472 1428 2527 quod
1458 2471 1683 2514 Metellum

126 2538 333 2583 *Celerem
363 2540 532 2584 Galliae
561 2542 896 2599 praeficiendum
931 2542 1111 2586 curavit.
1170 2543 1366 2587 Primum
1402 2551 1545 2586 autem
1572 2543 1682 2586 illud

132 2612 287 2655 fecisse
313 2619 510 2655 narratur
540 2614 606 2655 διὰ
629 2615 698 2670 τὴν
723 2616 814 2670 περὶ
840 2614 910 2661 τὰς
937 2615 1049 2661 δίκας
1073 2617 1251 2671 σπουδήν
1268 2616 1296 2657 i.
1315 2630 1351 2658 e.
1372 2614 1489 2671 quod
1509 2615 1680 2665 iudicia,

131 2683 176 2725 in
208 2683 367 2739 quibus
398 2684 640 2740 eloquentia
665 2686 920 2743 praestabat,
943 2687 1194 2743 urbemque,
1218 2688 1262 2729 in
1286 2702 1372 2743 qua
1392 2687 1482 2730 sola
1509 2686 1680 2738 fiebant,

133 2754 374 2811 relinquere
406 2756 587 2799 nolebat.
639 2756 760 2812 Quid
790 2758 955 2815 igitur?
1008 2758 1057 2801 Si
1091 2756 1234 2801 Gallia
1261 2756 1482 2815 Cisalpina
1508 2758 1681 2815 provin-

135 2827 222 2878 cia,
263 2842 393 2884 quam
435 2828 667 2872 mutatione
695 2829 750 2872 ab
776 2830 967 2874 Antonio
995 2836 1238 2887 acceperat,
1280 2829 1475 2872 eiusdem
1509 2829 1680 2887 generis
