1846 3100
535 148 588 180 De
615 147 861 191 propagatione
887 147 1031 180 civitatis
1055 147 1246 180 Romanae.
1587 142 1666 186 365

117 273 303 315 rumque
352 258 570 301 civitatum
619 255 884 313 principibus
927 255 1190 298 connubium
1231 254 1436 297 habuisse
1490 260 1668 296 constat.

121 329 235 374 Cum
274 338 416 374 autem
455 329 623 373 sublato
658 328 731 370 illo
767 327 1014 370 discrimine
1043 327 1198 384 plebeii
1228 327 1417 384 patriciis
1447 326 1669 382 exaequati

122 410 279 453 essent,
311 401 668 458 consequebatur,
699 407 746 442 ut
776 399 1026 441 Latinorum
1063 399 1279 456 principes
1307 399 1334 440 i.
1360 414 1395 440 e.
1424 399 1496 454 qui
1532 398 1670 455 magi-

122 482 281 518 stratus
309 475 352 516 in
380 474 538 517 Latina
562 472 784 530 republica
803 479 1039 528 gesserant,
1072 471 1333 513 connubium
1355 486 1452 513 cum
1471 470 1671 512 omnibus

121 547 290 590 civibus
321 546 527 590 Romanis
551 545 768 588 haberent.
822 544 895 586 Sic
921 544 1130 586 accidisse
1151 558 1318 594 censeo,
1345 550 1393 585 ut
1417 543 1672 585 Latinorum

120 619 396 676 magistratus
425 618 610 662 civitatis
630 618 844 660 Romanae
877 623 1040 672 partem
1072 616 1279 673 privatam
1309 616 1564 672 acciperent,
1596 614 1671 670 qui

95 681 399 749 'magistratus
431 706 512 733 non
546 697 783 747 gesserant,
815 704 865 731 ea
894 697 1098 732 carerent.
1152 687 1411 744 Singillatim
1442 688 1547 730 haec
1577 703 1671 744 per-

125 765 246 820 sequi
271 779 356 806 non
386 764 499 814 licet,
529 770 755 819 propterea
781 762 897 817 quod
929 777 1068 818 pauca
1098 761 1270 804 omnino
1297 760 1351 803 de
1378 760 1546 802 Latinis
1573 767 1672 801 nota

123 844 235 886 sunt,
265 836 559 893 imprimisque
586 834 695 877 illud
723 835 932 876 incertum
960 842 1037 885 est,
1066 850 1170 876 num
1205 834 1330 876 etiam
1357 833 1472 889 apud
1500 832 1578 874 hos
1615 832 1673 874 si-

121 909 221 951 mile
252 908 425 964 aliquod
457 907 697 964 principum
728 921 777 949 ac
808 906 946 963 plebis
976 907 1205 950 discrimen
1235 906 1362 948 fuerit
1392 913 1433 947 et
1459 905 1674 960 quomodo

123 980 340 1023 sublatum
379 980 459 1022 sit:
502 980 577 1022 sed
620 987 797 1030 tantum,
832 980 996 1036 opinor,
1027 986 1215 1035 apparet,
1255 994 1340 1033 quo
1375 985 1497 1034 pacto
1537 977 1674 1020 omnis

121 1053 208 1103 illa,
250 1053 305 1095 de
343 1068 429 1108 qua
465 1051 589 1094 nobis
625 1052 829 1102 traditur,
866 1051 1078 1093 Latinitas
1115 1066 1168 1092 ex
1205 1051 1377 1093 foedere
1414 1049 1556 1093 Cassii
1588 1065 1674 1093 cos.

123 1132 215 1167 orta
248 1125 315 1174 sit,
342 1125 460 1167 nulla
487 1139 600 1167 nova
625 1125 721 1180 lege
751 1125 849 1173 lata,
877 1124 995 1166 nullo
1022 1138 1138 1182 novo
1165 1123 1258 1165 iure
1277 1122 1484 1164 instituto.
1528 1122 1675 1165 Unum

122 1197 202 1239 hoc
227 1197 473 1246 tenendum,
507 1211 605 1238 cum
633 1196 890 1238 conderetur
912 1196 1138 1245 Latinitas,
1167 1194 1260 1251 pari
1289 1194 1399 1236 inter
1427 1209 1472 1237 se
1492 1195 1677 1251 potentia

123 1270 259 1312 fuisse
290 1269 507 1312 Romanos
537 1275 579 1311 et
602 1268 782 1311 Latinos
811 1283 891 1310 nec
912 1267 1184 1310 Latinitatem
1213 1267 1456 1310 inferiorem
1487 1266 1677 1323 potuisse

123 1342 261 1384 videri
292 1341 463 1384 civitate
492 1341 706 1391 Romana3
741 1348 966 1396 postquam
991 1341 1156 1382 illorum
1182 1339 1427 1396 respublica
1454 1347 1578 1382 aucta
1598 1346 1676 1389 est,

124 1413 329 1470 paulatim
357 1413 539 1456 civitatis
563 1413 780 1455 Romanae
807 1413 1058 1470 dignitatem
1086 1412 1274 1454 crevisse
1298 1427 1348 1454 ac
1374 1420 1563 1468 tempore
1581 1412 1677 1468 ipso

125 1487 286 1529 factum
317 1500 425 1535 esse,
463 1491 512 1526 ut
540 1484 698 1527 Latina
727 1485 884 1542 oppida
915 1500 1012 1527 cum
1050 1484 1202 1526 eodem
1228 1484 1321 1526 loco
1351 1491 1582 1534 manerent,
1608 1484 1674 1534 iis,

125 1574 232 1614 quae
267 1557 480 1600 civitatem
509 1556 746 1599 Romanam
782 1556 1000 1607 haberent,
1027 1556 1239 1599 cederent.
1299 1554 1387 1598 Sed
1419 1556 1553 1611 quid?
1604 1556 1674 1597 Ex

126 1631 300 1674 foedere
330 1628 539 1672 Cassiano
567 1643 670 1670 num
696 1629 802 1670 nihil
828 1629 999 1671 omnino
1025 1635 1123 1685 post
1149 1628 1470 1684 oppressionem
1498 1628 1675 1670 Latino-

125 1718 220 1746 rum
260 1709 471 1745 mutatum
511 1701 604 1743 est?
658 1701 776 1743 Nihil
815 1701 998 1743 arbitror
1031 1707 1199 1756 praeter
1234 1716 1370 1742 unum
1405 1699 1528 1750 illud,
1558 1701 1675 1756 quod

126 1775 282 1818 Livius
315 1773 541 1830 significat,
567 1780 616 1815 ut
637 1773 891 1815 Latinorum
919 1773 1156 1815 communis
1177 1772 1420 1829 respublica
1445 1773 1675 1823 tolleretur,

128 1863 214 1903 qua
253 1845 420 1889 sublata
460 1853 599 1888 tamen
639 1861 838 1902 magnam
881 1844 1157 1887 mutationem
1198 1844 1400 1900 consequi
1441 1845 1676 1901 oportebat.

127 1918 270 1962 Antea
299 1919 410 1961 enim
441 1933 686 1960 communes
719 1918 970 1960 Latinorum
998 1917 1273 1973 magistratus
1300 1916 1458 1972 quique
1490 1917 1534 1958 in
1563 1932 1677 1959 com-

128 1991 247 2034 muni
276 2006 425 2033 eorum
455 1990 634 2032 concilio
663 1997 796 2040 erant,
826 2005 949 2046 pares
976 1989 1098 2044 quasi
1130 1989 1298 2031 fuerant
1322 1988 1613 2031 Romanorum
1637 1995 1679 2030 et

129 2062 453 2119 magistratibus
502 2069 544 2104 et
588 2062 879 2105 senatoribus:
923 2070 1048 2112 tunc,
1091 2061 1293 2117 quoniam
1337 2061 1455 2103 nulla
1493 2060 1677 2116 amplius

131 2135 369 2177 communis
406 2135 651 2191 respublica
693 2142 802 2185 erat,
840 2149 887 2178 ac
929 2134 1101 2190 singula
1130 2133 1289 2190 oppida
1325 2133 1474 2175 eodem
1505 2133 1678 2175 foedere

130 2221 217 2262 quo
249 2213 373 2249 antea
401 2206 606 2249 universa
636 2207 881 2263 respublica
913 2221 1010 2249 cum
1041 2205 1244 2248 Romanis
1271 2205 1575 2261 iungebantur,
1606 2206 1680 2261 qui

132 2279 340 2334 cuiusque
383 2278 529 2335 oppidi
573 2286 691 2321 erant
730 2278 1007 2335 magistratus
1052 2286 1091 2320 et
1138 2278 1412 2327 decuriones,
1451 2277 1492 2318 in
1534 2277 1679 2319 locum

133 2351 423 2393 communium
455 2351 783 2407 magistratuum
811 2358 1124 2393 successerunt.
1168 2349 1242 2392 Sic
1271 2364 1323 2391 ex
1348 2349 1443 2405 ipso
1473 2349 1681 2404 antiquis-

133 2422 242 2464 simo
280 2423 373 2465 iure
413 2423 585 2465 videtur
621 2438 716 2466 esse
756 2424 1059 2480 repetendum,
1089 2422 1205 2477 quod
1239 2421 1353 2477 apud
1391 2421 1569 2463 Latinos
1606 2421 1681 2477 qui

132 2494 431 2550 magistratum
457 2503 677 2551 gesserant
705 2496 1043 2550 decurionesque
1071 2501 1203 2544 erant,
1233 2493 1447 2535 civitatem
1466 2493 1680 2535 Romanos

134 2566 312 2622 adeptos
345 2581 440 2609 esse
469 2574 648 2610 constat.

247 2638 451 2681 Diximus
489 2639 542 2681 de
572 2638 817 2690 Latinitate,
862 2639 938 2682 sed
976 2637 1206 2680 dicendum
1245 2644 1310 2679 est
1339 2637 1464 2679 etiam
1495 2636 1683 2679 breviter

135 2710 190 2753 de
233 2710 371 2753 tribus
407 2711 582 2766 reliquis
614 2711 849 2762 civitatum,
888 2725 996 2766 quae
1030 2716 1126 2752 ante
1162 2709 1304 2765 legem
1331 2708 1485 2750 Iuliam
1522 2709 1565 2750 in
1593 2708 1682 2750 Ita-

134 2783 193 2825 lia
219 2783 407 2832 fuerunt,
443 2782 688 2839 generibus,
720 2798 770 2825 ac
800 2783 986 2839 primum
1017 2781 1192 2837 quidem
1221 2780 1275 2822 de
1303 2780 1561 2837 municipiis.
1617 2779 1684 2822 Ea

137 2869 290 2898 rursus
320 2854 510 2911 duplicia
544 2854 680 2897 fuisse
712 2855 895 2898 scimus:
938 2855 1068 2897 altera
1097 2853 1208 2895 enim
1242 2852 1439 2895 carebant
1477 2852 1683 2908 suffragio
