1846 3100
584 138 638 169 De
665 137 912 179 propagatione
938 136 1082 168 civitatis
1106 135 1293 168 Romanae.
1623 132 1703 176 377

159 262 464 303 nonnunquam
491 243 667 288 Ciliciae
697 243 888 293 nomine3
931 250 972 285 at
1005 240 1202 286 Ciliciam
1235 242 1315 286 sub
1343 242 1547 300 Augusto
1579 251 1706 300 atque

158 320 374 376 aliquanto
401 325 496 376 post
524 318 684 359 nullam
712 316 846 358 fuisse
874 315 1139 371 provinciam
1169 316 1212 357 in
1236 323 1459 359 comment.
1483 316 1705 373 epigraph.

159 393 205 435 II
241 407 283 448 p.
310 392 364 435 96
397 389 797 434 demonstravimus.
851 388 903 430 In
937 387 1153 443 provincia
1181 388 1290 431 Asia
1318 389 1448 431 fuerit
1478 403 1578 431 sane
1611 388 1706 430 Au-

161 471 289 521 gusto
316 464 552 520 imperante
581 478 668 504 una
696 460 941 516 metropolis
971 460 1233 517 Pergamus,
1273 475 1383 516 quae
1414 461 1475 503 sic
1505 460 1630 503 etiam
1661 461 1706 503 in

159 537 345 579 nummis
371 534 582 578 Caracalli
604 534 855 590 appellatur,
884 533 960 575 sed
987 533 1218 574 extiterunt
1244 540 1390 590 postea
1415 534 1540 576 etiam
1560 533 1707 590 Ephe-

161 625 235 652 sus
273 607 425 665 (Corp.
453 608 588 650 Inscr.
620 606 774 649 Graec.
805 621 846 646 n.
874 605 983 647 ‘2990
1025 612 1066 647 et
1103 605 1316 661 saepius),
1361 605 1707 657 Halicarnassus,

159 682 441 738 Lampsacus,
475 679 649 729 Sardes,
678 678 722 719 in
751 677 955 733 Bithynia
983 669 1278 719 Nicomediam
1309 677 1500 720 nominat
1524 677 1611 720 Dio
1630 678 1707 729 LI,

159 755 226 804 20,
257 754 332 797 sed
359 753 404 795 in
434 752 619 795 nummis
652 757 1005 793 commemoratur
1026 749 1152 791 etiam
1177 749 1399 799 Heraclea,
1426 750 1471 792 in
1492 750 1708 793 Phoenice

161 834 201 869 et
232 824 369 868 Sidon
408 832 449 867 et
479 825 624 880 Tyrus
666 823 922 879 metropoles
960 823 1158 872 fuerunt,
1202 838 1410 879 suamque
1441 822 1709 879 metropolim

161 897 312 951 habuit
335 897 570 954 Lycaonia,
603 912 722 939 suam
750 895 932 945 Isauria,
962 911 1083 937 suam
1109 895 1417 952 Paphlagonia,
1445 911 1566 938 suam
1593 892 1708 952 Cap-

159 970 365 1028 padocia,
407 978 446 1012 et
485 969 660 1026 quidem
696 984 745 1011 ea
779 975 936 1018 aetate,
978 983 1062 1023 qua
1091 968 1284 1010 nondum
1313 984 1362 1011 ea
1391 967 1708 1025 provinciarum

161 1043 339 1093 divisio,
383 1057 467 1099 qua
507 1049 657 1099 postea
696 1041 879 1097 singulis
921 1040 1017 1082 illae
1057 1047 1207 1097 gentes
1242 1040 1515 1098 praesidibus
1558 1056 1708 1097 parere

159 1123 411 1172 coeperunt,
453 1114 698 1156 introducta
735 1120 836 1155 erat.
899 1112 1024 1166 Quae
1065 1127 1162 1155 cum
1198 1114 1258 1156 ita
1289 1114 1396 1164 sint,
1438 1114 1709 1170 metropoles,

88 1241 91 1244 ¹
157 1203 268 1245 quae
305 1187 360 1230 ad
394 1185 629 1229 Caesarum
669 1186 832 1228 cultum
866 1185 1145 1242 pertinerent,
1183 1186 1289 1228 nihil
1324 1201 1422 1229 cum
1458 1186 1708 1243 provinciali

156 1261 447 1304 Romanorum
476 1259 639 1301 ratione
670 1272 893 1299 commune
921 1257 1124 1300 habuisse
1155 1266 1354 1315 apparet:
1385 1274 1439 1300 ne
1469 1273 1568 1301 cum
1592 1266 1709 1301 vete-

157 1334 278 1377 ribus
309 1332 485 1389 quidem
515 1331 706 1387 gentium
733 1330 945 1380 conciliis,
982 1346 1090 1385 quae
1118 1331 1354 1387 antiquitus
1389 1330 1544 1373 tradita
1572 1331 1708 1387 impe-

111 1409 119 1415 “
151 1394 270 1449 ¹rium
296 1405 537 1447 Romanum
563 1418 649 1444 non
679 1402 821 1445 omnia
847 1403 1034 1453 sustulit,
1064 1403 1281 1454 existimo,
1312 1419 1421 1460 quae
1454 1419 1552 1447 cum
1583 1418 1709 1460 saepe

86 1495 88 1497 ¹
156 1479 201 1521 in
227 1493 341 1521 novo
372 1476 490 1520 cultu
520 1475 819 1518 constituendo
853 1483 1020 1518 servata
1045 1491 1139 1519 esse
1166 1476 1414 1527 videantur,
1451 1491 1536 1519 non
1567 1475 1710 1518 minus

158 1558 300 1594 tamen
329 1565 456 1607 saepe
484 1549 682 1605 neglecta
709 1555 822 1590 sunt.
1008 1545 1010 1547 ’
1728 1534 1732 1538 ”

270 1621 496 1679 Originem
525 1628 666 1664 autem
693 1620 829 1663 divini
850 1621 1155 1677 imperatorum
1178 1622 1320 1665 cultus
1341 1636 1391 1664 ac
1409 1621 1710 1678 metropolium

158 1696 213 1739 ad
242 1695 493 1752 Augustum
521 1693 789 1736 referendam
816 1708 910 1735 esse
939 1694 1142 1737 diximus.
1194 1694 1305 1737 Nam
1334 1694 1450 1750 quod
1481 1694 1707 1751 Smyrnaei

159 1768 275 1826 apud
305 1768 408 1810 Tac.
437 1766 552 1808 Ann.
570 1765 648 1815 IV,
678 1765 731 1808 56
762 1765 847 1807 iam
875 1781 985 1808 anno
1016 1767 1093 1809 195
1126 1783 1163 1809 a.
1193 1765 1296 1809 Chr.
1328 1767 1488 1823 primos
1517 1767 1708 1810 omnium

162 1857 206 1884 se
236 1839 334 1883 urbi
355 1840 513 1882 Romae
543 1837 749 1894 templum
773 1838 927 1880 fecisse
949 1839 1188 1895 gloriantur
1209 1854 1443 1895 eorumque
1466 1840 1710 1897 exemplum

161 1929 272 1957 anno
305 1913 383 1956 170
414 1910 743 1954 Alabandenses
771 1911 907 1953 secuti
939 1920 1039 1953 sunt
1068 1912 1187 1968 (Liv.
1217 1912 1499 1962 XXXXIII,
1528 1912 1588 1966 6),
1621 1912 1710 1969 pri-

158 1994 281 2030 vatae
310 1985 406 2028 illae
435 1983 751 2040 quodammodo
779 1984 953 2026 fuerunt
977 1984 1222 2041 religiones,
1253 1984 1594 2041 oppidorumque
1614 1984 1711 2027 illo-

158 2075 255 2102 rum
283 2057 494 2115 propriae.
533 2056 700 2099 Verum
727 2071 839 2098 anno
865 2057 918 2099 29
947 2073 984 2099 a.
1010 2055 1113 2099 Chr.
1141 2057 1228 2100 Dio
1259 2055 1382 2100 Cass.
1399 2057 1476 2107 LI,
1507 2057 1561 2099 20
1594 2058 1711 2113 (nam

158 2132 196 2175 is
232 2132 361 2187 longe
400 2129 657 2187 praecipuus
689 2129 743 2171 de
777 2129 859 2171 hoc
889 2139 1143 2185 argumento
1172 2130 1294 2172 locus
1325 2132 1407 2181 est)
1441 2135 1585 2171 narrat
1613 2127 1710 2171 Au-

160 2210 338 2260 gustum
376 2201 664 2252 concessisse,
707 2209 755 2243 ut
796 2201 913 2243 cives
949 2201 1131 2243 Romani
1171 2216 1248 2258 per
1282 2201 1434 2243 Asiam
1468 2200 1628 2243 Romae
1669 2208 1711 2243 et

161 2275 262 2317 divo
299 2273 411 2317 Iulio
451 2273 656 2330 templum
696 2273 970 2316 aedificarent
1005 2273 1167 2329 Ephesi
1205 2280 1246 2316 et
1281 2273 1488 2323 Nicaeae,
1530 2280 1622 2315 tum
1662 2279 1712 2315 ut

159 2346 444 2405 provinciales
480 2345 676 2388 homines
707 2345 869 2388 Romae
902 2352 943 2387 et
976 2343 1057 2387 sibi
1085 2360 1163 2402 per
1190 2343 1342 2389 Asiam
1372 2345 1592 2400 Pergami,
1636 2360 1711 2402 per

160 2418 406 2475 Bithyniam
437 2418 711 2461 Nicomediae
744 2418 895 2462 aedem
927 2425 1196 2468 extruerent,
1240 2418 1411 2461 additos
1450 2418 1577 2460 etiam
1615 2432 1710 2460 esse

161 2491 318 2547 templo
349 2491 614 2547 Pergameno
640 2490 781 2532 ludos.
841 2490 944 2532 Duo
970 2490 1030 2532 ibi
1059 2505 1218 2546 genera
1243 2490 1496 2547 templorum
1525 2504 1710 2533 comme-

160 2570 394 2613 morantur,
424 2577 572 2612 unum,
599 2561 644 2604 in
675 2577 761 2618 quo
785 2562 922 2604 Roma
953 2578 1050 2604 eum
1081 2562 1148 2613 iis,
1178 2563 1252 2618 qui
1280 2562 1324 2604 in
1354 2562 1532 2605 deorum
1559 2577 1710 2605 nume-

160 2651 258 2678 rum
287 2634 408 2677 relati
441 2639 579 2684 erant,
617 2634 819 2684 alterum,
858 2634 902 2676 in
932 2635 1198 2690 quoeadem
1226 2635 1365 2677 Roma
1398 2649 1495 2677 cum
1529 2649 1600 2685 eo,
1636 2634 1711 2690 qui

161 2716 264 2751 tunc
290 2706 473 2749 maxime
497 2706 745 2763 imperabat,
774 2706 1023 2749 colebantur
1031 2723 1042 2758 ;
1072 2707 1180 2748 illud
1203 2707 1422 2764 proprium
1444 2714 1533 2750 erat
1553 2707 1710 2750 civium

161 2780 467 2829 Romanorum,
495 2779 578 2821 hoc
605 2779 935 2835 provinciarum.
986 2779 1185 2835 Eumque
1212 2794 1373 2822 morem
1400 2779 1586 2822 servavit
1614 2794 1710 2836 per-

162 2859 291 2910 petuo
330 2850 584 2906 Augustus,
629 2851 725 2906 qui,
770 2858 819 2894 ut
855 2852 913 2895 ait
954 2850 1187 2895 Suetonius
1218 2851 1336 2908 Aug.
1376 2866 1412 2894 c.
1441 2852 1516 2903 52,
1559 2855 1710 2906 tempta
