1846 3100
0 1501 9 1630 av-v-a—J.
0 1415 10 1483 ’-ΗΓ
0 1384 4 1389 ,

569 142 623 175 De
647 142 819 174 dictatoris
846 140 1003 173 Caesaris
1027 140 1224 172 honoribus.
1587 136 1669 179 223

124 255 236 298 ferre
274 254 458 297 videtur.
517 251 790 307 Quamquam
829 251 919 293 sive
955 249 1130 292 retinuit
1162 249 1251 291 sive
1284 249 1484 305 deposuit
1514 263 1670 290 consu-

124 328 256 370 latum
288 326 470 376 Caesar,
511 325 635 366 titulo
666 332 792 366 tenus
824 331 937 365 certe
968 322 1125 378 gessit,
1163 330 1387 377 postquam
1417 322 1671 363 dictaturam

125 398 303 454 accepit,
331 398 376 440 in
405 413 491 453 qua
520 397 774 453 magistrum
805 395 998 451 equitum
1024 395 1062 436 ei
1087 394 1221 436 fuisse
1248 394 1671 436 commemoravimus

124 471 188 513 M.
206 469 440 514 Aemilium
460 469 690 525 Lepidum.
748 466 837 510 Sed
867 467 938 509 hic
961 483 1065 508 num
1094 467 1266 508 futurus
1298 474 1386 508 erat
1420 466 1463 507 in
1496 466 1672 507 totidem

126 559 274 593 annos,
307 543 351 584 in
384 549 488 598 quot
517 540 692 583 Caesari
721 540 803 597 ipsi
835 540 1045 582 dictatura
1075 539 1173 595 data
1202 539 1319 580 erat?
1369 538 1485 580 Nihil
1513 539 1566 580 de
1593 538 1674 580 hac

125 632 173 659 re
197 615 382 658 traditur
409 629 488 656 nec
515 614 745 669 quicquam
775 613 948 654 omnino
977 612 1019 652 in
1039 612 1135 667 lege
1158 611 1293 652 fuisse
1314 611 1522 665 suspicor.
1564 610 1672 652 Nam

126 688 244 745 quod
275 688 438 742 antiqui
468 687 597 728 moris
627 697 739 736 erat,
769 701 822 727 ne
854 685 1059 740 magister
1090 684 1279 739 equitum
1311 684 1409 738 plus
1439 698 1565 738 quam
1599 697 1673 724 sex

126 761 339 804 mensium
379 767 513 809 esset,
557 759 601 800 id
638 759 720 800 iam
754 773 865 799 anno
897 757 947 799 48
979 772 1003 797 a
1035 757 1096 797 M.
1126 755 1340 805 Antonio,
1381 756 1454 811 qui
1485 770 1673 796 annuum

126 832 421 889 magisterium
457 838 697 877 exerceret,
741 835 1030 884 contemptum
1067 844 1162 870 esse
1199 844 1327 884 supra
1358 828 1568 877 diximus,
1612 827 1674 869 M.

128 913 269 948 autem
289 904 507 961 Lepidum
537 911 578 945 et
603 918 680 959 per
708 917 866 944 annum
888 902 940 943 40·
969 900 1239 956 proximique
1270 900 1391 942 initio
1422 900 1675 956 magistrum

128 978 263 1020 fuisse
294 977 492 1019 videmus
523 984 563 1018 et
592 991 688 1018 cum
717 975 971 1036 dictaturam
1007 981 1201 1028 quartam
1235 971 1396 1014 Caesar
1427 972 1676 1028 susciperet,

127 1052 335 1093 refectum
369 1048 421 1092 C.
460 1047 644 1091 Octavio
684 1047 856 1103 repulso
892 1061 971 1087 nec
1004 1046 1124 1102 prius
1163 1046 1327 1086 iussum
1368 1044 1507 1094 abire,
1549 1060 1678 1099 quam

129 1137 286 1179 magna
319 1121 605 1178 opulentaque
640 1120 861 1176 provincia
895 1127 1070 1160 ornatus
1101 1118 1259 1160 nullam
1290 1118 1511 1174 dignitatis
1542 1117 1678 1158 demi-

129 1195 349 1238 nutionem
378 1194 598 1236 videretur
622 1207 716 1234 esse
747 1207 969 1248 passurus.
1020 1191 1147 1233 Hanc
1173 1198 1330 1232 tantam
1357 1188 1556 1232 Caesaris
1583 1204 1678 1230 mu-

131 1267 388 1309 nificentiam
415 1281 500 1307 non
525 1265 570 1307 in
593 1265 792 1314 hominis,
818 1264 891 1319 qui
916 1263 1122 1305 mediocri
1142 1263 1313 1316 ingenio
1331 1270 1457 1311 esset,
1484 1262 1678 1310 utilitate,

132 1340 207 1382 sed
235 1340 280 1381 in
307 1354 379 1389 eo,
423 1337 540 1394 quod
573 1335 735 1379 Caesar
769 1352 896 1392 quem
927 1336 1131 1378 honorem
1160 1335 1278 1377 nullo
1304 1342 1493 1390 tempore
1523 1334 1675 1390 praefi-

131 1412 220 1455 nito
245 1412 451 1460 dedisset,
481 1418 638 1452 temere
669 1410 854 1452 adimere
883 1409 1028 1458 nollet,
1061 1409 1183 1450 sitam
1213 1408 1347 1449 fuisse
1374 1407 1567 1448 coniicio.

245 1482 358 1526 Cum
395 1490 536 1524 autem
574 1497 712 1523 annus
740 1482 792 1524 46
831 1481 986 1530 exiret,
1031 1478 1193 1522 Caesar
1219 1480 1263 1520 in
1295 1479 1548 1535 Hispaniam
1579 1493 1682 1534 pro-

133 1557 272 1599 fectus
300 1563 378 1605 est,
406 1569 552 1596 mense
578 1553 826 1596 Intercalari
858 1553 999 1608 priore
1029 1550 1142 1609 (Cic.
1173 1552 1294 1608 epist.
1320 1551 1398 1601 VI,
1432 1551 1498 1604 14)
1533 1552 1683 1594 ὕπατος

135 1629 395 1684 ἀποδειχθεὶς
425 1628 468 1668 τὸ
497 1627 711 1682 τέταρτον,
743 1633 792 1667 ut
820 1625 1080 1667 Plutarchus
1112 1622 1236 1666 Caes.
1264 1624 1317 1666 56
1347 1623 1416 1665 ait.
1477 1623 1682 1677 Idemque

134 1715 311 1743 necesse
341 1706 407 1741 est
434 1699 577 1740 dicere
603 1706 819 1740 auctorem
849 1696 947 1738 bell.
976 1696 1158 1752 Hispan.
1190 1710 1226 1737 c.
1256 1695 1304 1745 2,
1350 1695 1423 1750 qui
1452 1696 1586 1750 vulgo
1615 1694 1683 1736 iu-

136 1772 262 1814 betur
300 1786 492 1821 narrare,
534 1769 763 1813 Caesarem
798 1770 841 1811 in
877 1768 1129 1824 Hispaniam
1166 1767 1306 1809 abisse
1339 1769 1577 1808 dictatorem
1611 1769 1683 1816 III,

137 1847 393 1898 designatum
425 1847 492 1893 IV,
534 1843 650 1898 quod
690 1842 846 1884 falsum
887 1856 981 1883 esse
1021 1841 1115 1896 ipsa
1154 1839 1390 1880 dictaturae
1420 1838 1528 1879 ratio
1559 1837 1684 1881 facile

137 1917 276 1967 docet,
306 1931 436 1972 quam
461 1915 655 1972 plerique
682 1914 873 1955 virorum
905 1913 1129 1954 doctorum
1155 1926 1308 1967 parum
1332 1918 1445 1952 recte
1473 1909 1685 1951 eiusmodi

137 1990 276 2032 fuisse
306 1995 521 2038 statuunt,
562 1996 611 2029 ut
651 1986 878 2041 quotannis
917 1992 1192 2040 repeteretur.
1264 1983 1435 2025 Etenim
1470 1981 1685 2024 veteribus

138 2061 308 2118 legibus
339 2061 422 2103 hoc
451 2067 617 2102 tantum
647 2059 856 2101 sancitum
883 2065 992 2106 erat,
1023 2072 1077 2098 ne
1103 2056 1216 2098 ultra
1247 2071 1321 2098 sex
1349 2070 1518 2097 menses
1551 2054 1685 2095 dicta-

139 2142 280 2176 torum
298 2140 486 2190 potestas
504 2131 819 2180 extenderetur,
843 2131 887 2171 in
907 2129 1091 2185 legibus,
1115 2144 1223 2183 quae
1242 2129 1295 2170 de
1314 2127 1512 2170 Caesaris
1529 2127 1687 2168 honore

141 2213 273 2255 erant,
294 2206 400 2246 nihil
416 2205 550 2246 fuisse
569 2203 826 2252 invenimus,
853 2202 934 2243 nisi
954 2209 1002 2242 ut
1019 2202 1151 2243 altera
1168 2201 1378 2242 dictatura
1399 2206 1512 2242 esset
1533 2213 1687 2248 annua,

142 2277 265 2320 tertia
302 2277 449 2320 decem
492 2290 723 2325 annorum,
764 2274 939 2324 ultima,
979 2274 1031 2315 de
1066 2288 1151 2328 qua
1180 2279 1329 2328 postea
1357 2269 1688 2326 disputabimus,

142 2357 369 2406 perpetua:
419 2348 521 2403 quid
557 2347 692 2403 igitur
727 2354 811 2396 est,
855 2346 972 2401 quod
1006 2345 1241 2387 dictaturae
1277 2358 1429 2385 nomen
1464 2342 1688 2397 quotannis

143 2422 371 2477 repetitum
399 2436 495 2462 esse
525 2418 849 2462 existimemus?
903 2419 1048 2472 Atque
1078 2417 1124 2458 id
1154 2416 1197 2458 in
1232 2416 1442 2457 dictatura
1473 2428 1557 2455 non
1587 2428 1689 2455 con-

145 2493 338 2536 suevisse
375 2492 468 2534 fieri
499 2491 735 2534 certissimo
769 2490 966 2545 exemplo
995 2489 1167 2531 scimus.
1221 2487 1331 2530 Nam
1361 2486 1414 2529 L.
1441 2484 1563 2527 Sulla
1593 2500 1689 2527 cum

133 2579 256 2611 -anno
283 2565 337 2608 82
371 2563 677 2619 rempublicam
717 2563 760 2604 in
799 2569 1052 2618 potestatem
1081 2576 1202 2602 suam
1230 2559 1490 2615 redegisset,
1531 2573 1609 2613 per
1635 2557 1690 2598 L.

146 2636 366 2679 Valerium
401 2636 659 2691 interregem
699 2635 882 2677 dictator
923 2641 1155 2690 perpet-uus
1195 2631 1452 2674 constitutus
1491 2638 1557 2671 est
1590 2644 1690 2671 ean-

148 2707 330 2763 demque
366 2714 614 2764 potestatem
645 2722 695 2749 ac
722 2705 883 2749 Caesar
919 2705 1115 2748 obtinuit.
1176 2703 1290 2745 Num
1328 2703 1462 2757 igitur
1503 2717 1596 2744 eam
1633 2701 1692 2743 ita

147 2778 312 2829 habuit,
345 2788 391 2821 ut
422 2794 532 2820 anno
557 2779 606 2821 81
640 2779 808 2829 iterum,
838 2793 949 2820 anno
976 2778 1030 2820 80
1056 2776 1242 2825 tertium,
1275 2789 1385 2816 anno
1411 2774 1464 2817 79
1492 2780 1692 2829 quartum

151 2850 330 2892 dictator
369 2850 610 2893 diceretur?
668 2850 804 2892 Nemo
846 2849 928 2891 hoc
971 2863 1160 2903 unquam
1203 2855 1276 2889 aut
1319 2846 1578 2888 existimavit
1620 2852 1694 2888 aut
