1846 3100
187 167 269 211 270
593 171 646 202 De
674 171 806 212 legibus
834 172 1094 214 municipalibus
1123 173 1330 214 Hispanicis.

188 278 317 321 nibus
345 279 611 336 Hispanicis,
647 279 912 335 Salpensana
944 288 984 321 et
1011 280 1282 331 Malacitana,
1314 298 1420 338 quas
1451 291 1548 327 ante
1576 301 1735 342 paucos

186 368 320 395 annos
363 352 509 394 nescio
552 367 637 407 quo
678 367 780 394 casu
821 360 1008 408 repertas
1047 353 1212 409 primus
1248 354 1454 398 laudabili
1494 371 1593 399 cum
1634 372 1736 400 cura

186 424 322 466 edidit
357 424 476 466 Ictus
516 424 762 480 Hispanus,
799 425 898 466 Don
928 425 1105 467 Manuel
1134 425 1385 483 Rodriguez
1426 428 1479 471 de
1506 429 1734 486 Berlanga,

185 496 378 539 Malacae
409 497 534 546 18:33,
573 496 730 538 deinde
767 496 810 537 in
846 495 1076 540 Germania
1115 499 1311 554 repetivit
1347 501 1734 557 commentarioque

184 569 413 611 utilissimo
443 569 646 611 instruxit
667 568 830 611 Theod.
853 569 1164 612 Mommsenius
1193 570 1369 627 Lipsiae
1401 573 1517 616 1855.
1571 573 1735 616 Earum

185 648 227 683 et
255 642 492 698 amplitudo
524 649 588 683 est
618 648 753 691 tanta,
791 647 839 682 ut
870 656 922 684 ex
950 641 1118 684 Latinis
1147 642 1497 699 inscriptionibus
1531 661 1615 687 una
1642 653 1734 687 tan-

183 720 275 755 tum
304 714 442 769 possit
472 729 568 755 cum
597 714 649 755 iis
680 713 951 764 contendere,
983 720 1024 756 et
1052 729 1101 757 ea
1121 730 1264 756 rerum
1289 716 1490 771 gravitas,
1518 724 1566 759 ut
1591 718 1733 761 locum

184 802 209 828 a
251 786 532 842 scriptoribus
580 787 776 828 relictum
819 787 971 828 eximie
1017 787 1242 843 suppleant
1285 788 1498 844 longeque
1543 791 1732 832 omnium

183 859 401 901 titulorum
428 847 683 901 Latinorum
714 859 940 901 utilitatem
968 859 1152 908 vincant,
1186 868 1227 902 et
1253 868 1369 902 tanta
1398 861 1583 918 denique
1612 864 1734 919 cop'ia

183 939 309 986 atque
340 930 527 981 ubertas,
560 939 608 973 ut
639 932 871 974 multorum
902 932 1056 974 studiis
1083 932 1128 973 in
1154 932 1311 975 multos
1342 949 1475 976 annos
1503 935 1732 978 sufficiant.

184 1002 310 1057 Quae
349 1019 446 1046 cum
483 1004 654 1060 proprie
691 1004 745 1046 de
782 1005 877 1047 iure
916 1005 1100 1046 (luorum
1134 1005 1465 1061 municipiorum
1495 1006 1732 1063 Hispaniae

182 1076 381 1119 Baeticae
418 1076 527 1125 sint,
567 1091 652 1118 non
691 1076 830 1118 solum
861 1077 1107 1118 universam
1138 1092 1228 1119 rem
1260 1078 1582 1134 municipalem,
1623 1095 1732 1135 quae

181 1155 304 1191 antea
334 1164 387 1191 ex
413 1149 593 1191 disiecta
619 1149 897 1204 plurimorum
921 1149 1143 1191 titulorum
1165 1150 1437 1192 multitudine
1457 1166 1555 1193 cum
1575 1167 1732 1208 magno

179 1221 325 1263 labore
354 1221 596 1276 colligenda
627 1229 729 1271 erat,
759 1221 872 1263 clara
899 1220 1084 1262 duorum
1111 1230 1482 1265 monumentorum
1509 1224 1606 1266 luce
1632 1224 1732 1266 illu-

182 1300 327 1344 strant,
357 1294 432 1336 sed
459 1294 598 1345 etiam,
626 1294 827 1350 quoniam
854 1309 1001 1336 omnes
1025 1294 1191 1350 imperii
1214 1303 1357 1351 partes
1379 1296 1528 1339 intima
1545 1297 1732 1352 quadam

181 1366 480 1409 coniunctione
521 1367 773 1416 cohaerent,
819 1366 872 1407 ad
918 1382 1128 1409 summam
1170 1367 1477 1423 rempublicam
1522 1369 1732 1425 pertinent

180 1438 399 1495 multaque
437 1454 550 1481 nova
589 1447 630 1481 et
669 1439 723 1481 de
762 1439 1065 1495 imperatorum
1106 1440 1418 1482 consuetudine
1463 1449 1504 1483 et
1544 1442 1598 1485 de
1637 1442 1731 1484 iure

181 1512 295 1554 civili
333 1519 374 1555 et
412 1512 466 1554 de
501 1511 651 1554 aerarii
687 1511 1052 1554 administratione
1088 1520 1130 1554 et
1161 1512 1214 1554 de
1245 1513 1339 1555 aliis
1371 1513 1500 1556 rebus
1531 1515 1729 1557 maximis

180 1585 368 1629 tradunt.

295 1658 383 1702 Sed
414 1659 459 1700 in
489 1657 602 1700 omni
635 1657 717 1699 hoc
751 1672 906 1713 genere
945 1666 1341 1707 monumentorum,
1385 1673 1494 1714 quae
1530 1659 1731 1703 novitatis

181 1731 321 1787 specie
361 1731 526 1773 animos
563 1738 730 1772 nostros
761 1729 974 1778 alliciunt,
1016 1745 1173 1786 magna
1199 1730 1410 1786 quaedam
1439 1731 1579 1773 cautio
1607 1731 1731 1774 adhi-

181 1803 321 1846 benda
356 1811 434 1845 est.
496 1802 654 1844 Vetera
691 1802 806 1844 enim
839 1802 911 1843 illa
945 1803 1146 1857 quoniam
1181 1802 1412 1844 multorum
1446 1803 1600 1846 studiis
1630 1820 1731 1848 exa-

181 1875 339 1917 minata
365 1883 486 1924 sunt,
526 1874 571 1915 in
601 1874 704 1917 artis
735 1874 961 1917 cuiusdam
991 1875 1196 1917 rationem
1225 1874 1397 1916 redacta
1428 1875 1518 1918 fere
1546 1876 1658 1918 inter
1685 1892 1730 1919 se

180 1955 437 2004 congruunt,
468 1954 517 1988 ut
546 1947 620 1989 vix
649 1947 764 1989 ullus
791 1946 836 1988 in
862 1946 915 1989 iis
936 1947 1057 1989 locus
1083 1947 1149 1996 sit,
1175 1946 1249 2002 qui
1271 1948 1467 2002 quamvis
1487 1947 1731 2004 discrepare

182 2020 400 2070 videatur,
440 2035 524 2062 non
561 2019 842 2075 explicatione
873 2020 995 2074 quasi
1023 2019 1210 2061 mollitus
1238 2027 1365 2074 atque
1394 2019 1438 2060 in
1466 2019 1731 2075 reliquorum

180 2093 332 2135 seriem
360 2092 548 2134 insertus
581 2092 648 2142 sit,
679 2091 785 2134 haec
813 2107 924 2133 nova
955 2091 990 2134 si
1017 2091 1123 2146 quid
1156 2091 1310 2133 docere
1339 2090 1578 2141 videantur,
1611 2093 1727 2148 quod

177 2166 230 2208 iis
259 2180 367 2220 quae
395 2164 538 2207 adhuc
565 2163 827 2206 credidimus
856 2172 1091 2220 repugnet,
1131 2178 1184 2204 ne
1214 2162 1414 2205 novitatis
1445 2163 1585 2219 specie
1617 2164 1730 2220 capti

177 2239 320 2281 minus
355 2251 633 2293 quaeramus,
673 2251 725 2278 an
764 2244 944 2291 utraque
986 2232 1202 2277 conciliari
1231 2234 1421 2290 possint,
1465 2236 1543 2278 sed
1573 2244 1730 2280 temere

178 2326 291 2352 nova
318 2325 398 2366 pro
427 2307 644 2351 veteribus
677 2307 961 2364 accipiamus,
999 2307 1274 2349 vehementer
1307 2307 1621 2362 providendum
1652 2316 1730 2352 est.

179 2382 279 2436 Qua
308 2382 352 2423 in
381 2397 426 2424 re
455 2382 565 2423 hanc
593 2380 714 2436 quasi
746 2379 939 2435 regulam
967 2387 1218 2428 statuemus,
1250 2394 1303 2421 ne
1331 2395 1442 2435 quae
1471 2396 1622 2424 recens
1655 2396 1730 2423 ex-

177 2455 314 2497 hiberi
348 2454 576 2496 videantur
601 2452 722 2508 prius
750 2452 988 2501 credamus,
1022 2466 1151 2506 quam
1181 2466 1290 2506 quae
1310 2467 1363 2494 ex
1382 2452 1513 2508 longo
1541 2460 1729 2509 tempore

178 2526 231 2570 ab
261 2526 365 2568 viris
392 2526 530 2567 doctis
563 2540 662 2567 cum
687 2524 820 2566 multo
845 2522 991 2565 labore
1017 2523 1236 2579 disputata
1262 2532 1375 2574 sunt,
1408 2539 1507 2566 cum
1534 2524 1588 2567 iis
1612 2539 1728 2567 com-

179 2599 419 2656 pararimus
454 2597 642 2652 artisque
682 2604 852 2639 nostrae
892 2595 1216 2651 perpetuitatem
1254 2596 1526 2639 servarimus.
1584 2597 1635 2639 In
1665 2604 1729 2639 ta-

179 2670 293 2712 bulis
325 2679 468 2712 autem
495 2669 580 2711 illis
609 2667 859 2724 Hispanicis
891 2683 977 2709 una
1006 2667 1189 2710 maxime
1217 2683 1285 2711 res
1311 2668 1500 2711 animum
1533 2676 1728 2711 nostrum

179 2742 385 2791 advertit,
425 2756 534 2796 quae
563 2740 680 2796 quod
708 2739 894 2781 diximus
927 2740 1143 2795 praeclare
1172 2740 1395 2783 videretur
1423 2741 1728 2783 demonstrare.

181 2812 414 2856 Continent
441 2813 554 2855 enim
581 2813 729 2867 legum
758 2811 1079 2867 municipalium
1109 2812 1363 2867 fragmenta,
1392 2827 1479 2854 una
1509 2812 1728 2868 municipii

180 2885 321 2928 Flavii
339 2885 608 2942 Salpensani,
633 2884 764 2927 altera
785 2883 1006 2940 municipii
1023 2884 1163 2927 Flavii
1177 2884 1443 2928 Malacitani:
1478 2884 1541 2926 sic
1557 2883 1727 2940 saepius
