1846 3100
153 167 235 212 372
581 172 634 205 De
659 173 906 216 propagatione
931 174 1075 206 civitatis
1100 175 1287 208 Romanae.

153 287 194 323 et
218 281 312 323 iure
342 281 536 338 suffragii
565 281 859 338 honorumque
886 282 1182 338 spoliarentur,
1208 284 1281 339 qui
1295 290 1437 327 autem
1456 292 1700 328 senatorum

150 353 228 395 filii
258 360 400 404 erant,
432 354 634 410 quoniam
666 361 816 397 senatu
846 354 941 397 eiici
969 369 1055 397 non
1085 363 1292 411 poterant,
1320 356 1557 400 honoribus
1586 365 1700 400 certe

151 426 256 482 ipsis
288 426 513 470 curulibus
538 426 888 483 prohibebantur.
944 427 1013 470 Ac
1042 427 1096 470 de
1123 428 1371 472 >hominibus
1398 429 1572 486 quidem
1599 445 1700 488 pro-

153 499 324 555 scriptis
359 514 592 556 eorumque
631 498 787 548 liberis,
816 499 977 556 punitis
1015 508 1057 543 et
1090 508 1204 544 certa
1245 509 1345 544 sunt
1383 502 1624 545 testimonia
1659 509 1702 545 et

151 571 294 614 facilia
332 572 389 614 ad
424 572 777 629 intelligendum,
820 572 874 614 de
911 572 1132 615 civitatum
1168 581 1310 617 autem
1350 589 1486 631 poena
1512 574 1647 617 multa
1675 590 1702 618 a

151 644 297 687 multis
336 644 553 702 disputata
592 651 692 687 sunt
729 644 898 700 ipsique
930 644 1031 688 olim
1062 645 1252 690 diximus
1281 646 1326 688 in
1358 654 1582 689 comment.
1611 647 1701 704 epi-

152 716 302 774 graph.
329 717 352 760 I
382 733 424 774 p.
454 717 550 761 247.
621 717 819 772 Quorum
859 732 938 760 nos
976 733 1062 761 non
1099 719 1310 775 poenitet,
1354 719 1430 761 sed
1470 718 1550 761 hoc
1585 733 1702 762 nunc

151 789 366 841 addimus,
396 790 535 832 videri
566 805 637 833 eas
669 791 724 833 ad
741 791 858 833 illam
874 790 968 833 iure
989 791 1183 848 suffragii
1203 799 1244 834 et
1260 791 1468 834 honorum
1487 798 1700 834 carentem

152 862 364 904 civitatem
396 862 634 906 Romanam
673 879 768 907 esse
796 863 1013 914 redactas,
1053 863 1222 919 qualem
1251 870 1348 906 ante
1378 864 1519 921 legem
1545 864 1701 907 Iuliam

151 935 397 991 quicunque
425 950 478 977 ex
508 935 676 979 Latinis
708 944 750 979 et
781 936 908 979 sociis
939 936 1108 979 civitate
1137 936 1283 978 donati
1313 944 1445 987 erant,
1474 935 1700 980 habebant.

150 1007 216 1049 Ita
250 1007 304 1050 L.
338 1007 461 1051 Sulla
491 1023 571 1051 nec
606 1025 631 1052 a
664 1015 807 1051 vetere
846 1024 964 1052 more
1001 1008 1215 1059 Romano,
1255 1023 1341 1064 quo
1376 1009 1535 1051 nemini
1567 1009 1702 1052 invito

152 1081 367 1123 civitatem
402 1080 533 1123 adimi
571 1080 748 1131 licebat,
789 1081 1028 1124 desciscere
1069 1080 1151 1123 sibi
1190 1081 1418 1124 videbatur
1445 1089 1487 1124 et
1514 1096 1568 1124 ne
1596 1081 1702 1138 quid

151 1153 357 1210 amplius,
390 1168 499 1209 quae
527 1154 676 1209 punita
702 1162 845 1197 essent
874 1153 1052 1211 oppida,
1085 1153 1128 1195 in
1159 1154 1380 1210 republica
1410 1154 1601 1197 valerent
1631 1169 1702 1196 ca-

151 1225 291 1269 vebat.
351 1224 627 1281 Quamquam
662 1227 733 1270 lex
770 1227 844 1270 illa
874 1224 1076 1269 Cornelia
1108 1240 1193 1268 non
1229 1227 1304 1268 diu
1335 1234 1584 1269 conservata
1614 1234 1700 1277 est3

151 1314 250 1341 nam
282 1296 437 1341 Cicero
467 1314 508 1355 p.
539 1299 653 1340 dom.
683 1299 750 1350 30,
781 1300 834 1343 79
872 1315 925 1342 ne
963 1307 1049 1344 tam
1086 1301 1162 1342 diu
1200 1299 1374 1356 quidem
1413 1299 1600 1342 valuisse
1630 1299 1702 1348 ait,

151 1386 279 1427 quam
311 1371 387 1412 diu
415 1370 582 1413 Sullani
610 1372 813 1428 temporis
841 1387 959 1415 arma
987 1373 1234 1416 valuissent.
1301 1370 1448 1425 Quare
1479 1387 1503 1413 a
1528 1371 1588 1414 M.
1613 1371 1701 1413 Le—

150 1443 252 1499 pido
284 1458 370 1486 cos.
399 1443 498 1485 anni
526 1444 580 1487 79
618 1443 741 1486 sociis
778 1445 986 1501 optimum
1021 1445 1204 1488 civitatis
1233 1445 1302 1486 ius
1331 1444 1577 1486 restitutum
1608 1458 1702 1486 esse

151 1516 354 1566 coniicio,
393 1531 417 1558 a
446 1531 532 1572 quo
561 1517 676 1573 App.
703 1517 739 1567 I,
775 1518 851 1560 107
882 1518 1009 1560 etiam
1038 1517 1093 1560 de
1121 1517 1257 1573 agris,
1301 1516 1374 1571 qui
1405 1515 1538 1572 erepti
1569 1522 1700 1565 erant,

150 1587 384 1630 reddendis
414 1598 557 1630 actum
589 1604 684 1631 esse
711 1589 879 1632 scribit:
925 1589 978 1632 de
1008 1589 1166 1646 quibus
1200 1604 1297 1631 cum
1329 1595 1496 1645 ageret,
1529 1588 1702 1630 alteram

148 1660 266 1702 illam
297 1661 480 1704 civitatis
508 1661 769 1718 ereptionem
789 1663 1018 1719 praeterire
1038 1662 1112 1704 vix
1129 1661 1281 1718 potuit,
1303 1660 1554 1717 praesertim
1573 1675 1701 1716 quam

150 1733 274 1776 facile
308 1749 357 1776 ac
391 1735 482 1776 sine
509 1734 640 1776 ullius
670 1734 826 1776 iniuria
854 1734 1022 1776 restitui
1051 1749 1177 1790 posse
1210 1733 1387 1775 videret.
1446 1732 1514 1775 Ac
1545 1746 1702 1774 conve-

150 1805 274 1847 niunt
303 1804 527 1848 Ciceronis
563 1806 715 1856 verba3
756 1822 854 1849 nam
882 1813 923 1849 et
952 1805 1158 1861 quamdiu
1189 1805 1309 1848 Sulla
1339 1805 1467 1854 vixit,
1506 1804 1613 1846 nihil
1648 1819 1701 1846 ex

150 1878 257 1937 eius,
281 1879 386 1922 actis
424 1894 624 1922 eversum
664 1893 759 1921 esse
799 1885 965 1921 constat
1014 1886 1056 1921 et
1095 1878 1139 1920 in
1179 1878 1272 1934 ipso
1313 1876 1483 1934 Lepido
1523 1874 1702 1919 Sullana

150 1966 267 1994 arma
294 1951 531 2008 plurimum
562 1951 801 1993 valuerunt.

263 2023 468 2066 Diximus
496 2024 549 2066 de
577 2023 884 2079 propagatione
907 2022 1090 2065 civitatis
1110 2022 1341 2072 Romanae,
1367 2036 1477 2078 quae
1496 2036 1574 2078 per
1590 2036 1699 2077 quos

150 2095 273 2150 quasi
312 2096 475 2153 gradus
512 2096 696 2153 primum
727 2111 825 2137 cum
855 2095 1010 2137 vicinis
1040 2095 1234 2151 populis,
1275 2102 1367 2136 tum
1399 2109 1496 2136 cum
1523 2092 1699 2143 Italicis,

150 2167 335 2222 denique
362 2183 460 2210 cum
486 2167 719 2224 provinciis
741 2167 1052 2210 communicata
1073 2167 1140 2218 sit,
1168 2166 1460 2223 exposuimus.
1504 2165 1699 2208 Eandem

149 2240 353 2282 rationem
392 2240 447 2282 ad
488 2239 662 2295 antiqua
702 2240 960 2296 reipublicae
1001 2246 1191 2295 tempora
1219 2238 1570 2294 plebeiorumque
1601 2252 1700 2280 cum

151 2313 339 2368 patriciis
371 2311 603 2354 certamina
629 2312 860 2354 transferre
888 2312 1035 2362 liceat3
1071 2319 1188 2354 tanta
1216 2311 1328 2352 enim
1354 2311 1435 2352 fuit
1458 2310 1588 2353 moris
1610 2310 1700 2352 R-o-

150 2384 265 2426 mani
294 2385 554 2435 constantia,
584 2392 656 2435 ut,
689 2385 804 2440 quod
837 2384 968 2426 semel
998 2383 1226 2440 probatum
1257 2390 1391 2432 esset,
1427 2382 1701 2438 pertinaciter

150 2457 406 2499 retineretur
433 2457 659 2512 omniaque
691 2456 744 2499 ab
775 2456 950 2498 exordio
977 2470 1114 2510 usque
1137 2455 1191 2496 ad
1214 2454 1433 2496 interitum
1459 2455 1564 2497 mire
1589 2455 1700 2496 inter

151 2545 196 2572 se
227 2537 526 2586 congruerent.
571 2529 660 2571 Sed
688 2530 859 2585 longam
885 2529 991 2571 haec
1018 2527 1351 2583 disputationem
1374 2526 1597 2582 requirunt
1618 2540 1700 2568 nec

152 2602 242 2644 sine
283 2602 513 2644 multarum
562 2602 740 2644 aliarum
788 2616 931 2643 rerum
978 2600 1226 2642 tractatione
1268 2599 1479 2655 cognosci
1503 2604 1698 2655 possunt.

149 2673 276 2716 Nunc
303 2689 411 2729 quae
443 2688 572 2730 supra
601 2689 626 2716 a
653 2672 776 2715 nobis
806 2664 949 2714 fusius
977 2671 1188 2727 explicata
1227 2679 1349 2721 sunt,
1391 2671 1540 2727 paucis
1582 2686 1698 2713 com-

151 2746 275 2801 plecti
300 2746 451 2802 placet.
499 2745 792 2788 Intelleximus
818 2744 952 2800 igitur
976 2743 1159 2785 civitatis
1181 2743 1398 2785 Romanae
1428 2743 1536 2785 duas
1562 2743 1698 2784 fuisse

148 2825 365 2874 tamquam
391 2825 553 2874 partes,
585 2832 714 2859 unam
745 2817 966 2872 privatam,
997 2830 1106 2871 quae
1137 2829 1234 2857 cum
1254 2815 1336 2857 alia
1353 2814 1577 2871 quaedam,
1606 2822 1698 2856 tum

150 2889 413 2933 connubium
443 2897 484 2932 et
515 2888 818 2932 commercium
849 2888 1223 2944 complecteretur,
1262 2887 1437 2930 alteram
1467 2886 1696 2943 publicam,
