1846 3100
620 142 675 174 De
700 141 814 174 Gallia
833 141 1067 173 Romanorum
1095 142 1281 183 provincia.
1641 142 1716 185 101

169 252 310 307 operis
337 251 479 302 habet,
509 267 562 294 ex
593 252 815 309 Agrippae
846 253 1159 296 commentariis
1188 254 1321 309 petita
1352 268 1446 295 esse
1476 255 1719 298 existimare

169 338 334 379 nosque
367 324 451 380 ipsi
487 339 584 367 cum
617 325 671 367 de
709 324 887 367 coloniis
917 325 1205 368 Romanorum
1235 325 1491 368 militaribus
1523 327 1719 383 disputa-

169 411 326 446 remus,
357 395 457 439 hinc
481 397 755 453 potissimum
785 412 894 452 quae
926 397 1132 454 Augusti,
1164 413 1273 453 quae
1304 398 1567 454 reliquorum
1597 399 1718 441 dein-

169 483 270 524 ceps
306 468 612 524 imperatorum
647 470 836 512 coloniae
877 477 1041 520 essent,
1084 470 1435 526 cognoscendum
1472 486 1566 514 esse
1595 479 1718 527 puta-

170 540 324 582 vimus.
381 540 506 594 Quae
535 555 633 583 cum
665 542 724 584 ita
752 543 848 591 sint,
881 549 922 583 et
950 542 1277 598 quadruplicem
1305 542 1434 593 illam,
1461 559 1570 598 quae
1600 545 1717 600 apud

170 612 356 654 Plinium
392 613 623 667 reperitur,
662 612 829 655 Galliae
870 614 1126 657 divisionem
1161 614 1216 656 ab
1246 612 1452 670 Augusto
1482 617 1718 671 profectam

168 699 263 726 esse
298 684 588 740 intelligemus
628 701 707 727 nec
746 693 983 728 statuemus
1020 702 1106 728 non
1143 686 1334 742 potuisse
1374 687 1490 738 fieri,
1535 695 1584 729 ut
1623 688 1719 743 ipsa

167 756 296 799 Plinii
333 763 468 799 aetate
507 757 629 799 aliter
656 757 799 800 Gallia
833 758 972 800 divisa
1009 759 1150 800 fuerit.
1209 759 1310 814 Ipsa
1350 765 1491 801 tamen
1519 760 1717 803 Pliniana

167 828 322 870 divisio
364 828 507 871 differt
544 830 765 885 paululum
801 830 854 872 ab
886 828 1186 873 'Straboniana.
1243 830 1340 873 Non
1374 832 1716 875 commemorabo

167 900 269 951 alia,
307 901 384 942 sed
422 901 650 944 consistam
679 902 722 943 in
753 918 825 953 eo,
864 903 981 958 quod
1013 909 1054 944 et
1081 903 1358 959 praecipuum
1389 911 1453 946 est
1481 911 1522 946 et
1548 904 1633 946 iam
1662 904 1716 946 ab

165 972 259 1015 aliis
288 973 392 1015 viris
420 973 557 1016 doctis
586 974 947 1017 animadversum.
995 975 1167 1017 Etenim
1192 975 1382 1017 Helvetii
1408 976 1462 1018 ab
1491 975 1717 1027 Strabone,

166 1046 240 1101 qui
271 1045 513 1102 superiores
545 1046 683 1089 Rheni
716 1054 757 1089 et
787 1047 987 1089 Rhodani
1018 1054 1161 1103 partes
1191 1047 1245 1088 ad
1279 1048 1549 1103 Lugdunum
1585 1049 1716 1104 perti-

165 1133 267 1161 nere
295 1118 423 1168 dicat,
451 1118 567 1161 haud
591 1118 722 1161 dubie
740 1119 1032 1180 Lugdunensi
1052 1119 1219 1162 Galliae
1247 1120 1508 1170 tribuuntur,
1536 1121 1716 1162 aPlinio

165 1190 244 1241 IV,
281 1191 343 1241 17,
371 1191 437 1239 3ยน1,
467 1191 542 1246 qui
570 1191 763 1247 singulos
789 1198 991 1247 quattuor
1014 1192 1331 1248 provinciarum
1360 1192 1540 1248 populos
1567 1208 1717 1235 recen-

167 1270 244 1313 set,
274 1263 316 1305 in
335 1264 514 1319 Belgica
542 1264 819 1314 collocantur,
850 1279 983 1319 eaque
1011 1264 1298 1320 discrepantia
1324 1279 1374 1306 eo
1401 1272 1466 1306 est
1490 1264 1725 1320 insignior,

166 1335 281 1391 quod
318 1343 360 1377 et
390 1335 646 1379 Strabonem
675 1336 878 1392 Augusto
908 1337 1142 1392 imperante
1173 1337 1334 1379 vixisse
1362 1343 1525 1378 constat
1556 1345 1598 1378 et
1625 1337 1716 1379 Pli-

166 1408 286 1450 nium
311 1423 361 1451 ea
384 1424 494 1464 quae
519 1409 636 1464 apud
653 1409 893 1464 Agrippam
913 1409 1183 1464 eundemque
1203 1409 1456 1466 Augustum
1481 1410 1715 1460 invenerat,

166 1480 364 1523 retulisse
394 1481 639 1523 didicimus.
703 1480 814 1523 Uter
843 1480 976 1536 igitur
1005 1482 1163 1524 rectius
1194 1482 1401 1524 tradidit?
1442 1483 1587 1537 Atque
1616 1482 1715 1524 olim

165 1553 339 1608 quidem
379 1551 603 1596 Strabonis
646 1552 876 1595 auctoritas
917 1554 1121 1609 praeferri
1162 1554 1347 1604 solebat,
1395 1563 1437 1596 et
1474 1555 1592 1610 quod
1634 1554 1716 1596 sub

165 1624 259 1681 ipso
293 1624 496 1681 Augusto
535 1625 714 1667 vixisset
752 1640 947 1680 quaeque
986 1624 1225 1668 Galliarum
1269 1626 1514 1682 provinciae
1557 1632 1713 1676 essent,

165 1697 256 1753 ipse
285 1712 545 1754 cognoscere
572 1697 802 1753 potuisset,
840 1704 881 1739 et
912 1697 1030 1753 quod
1063 1698 1106 1739 in
1140 1698 1358 1741 dictatoris
1391 1696 1588 1739 Caesaris
1620 1698 1715 1739 Au-

166 1769 370 1825 gustique
419 1769 625 1812 institutis
667 1769 904 1811 referendis
947 1785 1146 1826 magnam
1191 1769 1404 1826 quandam
1450 1769 1716 1826 diligentiam

165 1841 429 1883 ostenderet:
472 1857 587 1884 nunc
615 1841 668 1883 ab
699 1841 909 1884 Fechtero
936 1842 1330 1898 Mommsenioque,
1368 1856 1550 1896 quorum
1580 1842 1714 1885 libros

167 1929 297 1970 supra
340 1913 589 1962 citavimus,
636 1913 842 1969 probatus
887 1923 952 1956 est
993 1914 1186 1964 Plinius,
1234 1921 1500 1970 contemptus
1545 1912 1714 1963 Strabo,

165 2002 293 2042 quem
323 1994 364 2028 et
390 1985 707 2042 provinciarum
739 1986 994 2028 divisionem
1026 2002 1176 2043 parum
1210 2002 1385 2029 curasse
1417 1994 1457 2028 et
1485 1986 1619 2028 multa
1647 1986 1715 2028 vel

166 2058 431 2100 confusionis
452 2058 521 2100 vel
543 2057 831 2113 negligentiae
850 2058 1105 2101 documenta
1124 2058 1312 2101 edidisse
1335 2058 1539 2100 dicerent.
1576 2058 1713 2113 Equi-

165 2130 263 2172 dem
297 2145 406 2186 quae
433 2130 647 2185 utrimque
678 2131 916 2173 afferuntur
946 2138 1153 2187 quantum
1183 2131 1353 2173 valeant
1383 2145 1482 2172 cum
1513 2145 1597 2172 non
1624 2130 1712 2183 dis-

167 2202 377 2252 simulem,
404 2201 591 2244 animum
620 2209 759 2245 tamen
784 2203 990 2246 inducere
1020 2218 1105 2245 non
1132 2218 1325 2259 possum,
1353 2210 1402 2245 ut
1419 2211 1493 2245 aut
1509 2203 1712 2252 Plinium,

166 2274 239 2329 qui
269 2274 314 2315 in
345 2274 680 2317 transcribendis
696 2274 917 2330 Agrippae
949 2275 1263 2317 commentariis
1294 2275 1367 2317 vix
1390 2290 1530 2317 errare
1560 2276 1713 2332 potuit,

167 2361 363 2402 spernam
393 2354 467 2388 aut
497 2346 775 2397 Strabonem,
813 2347 1010 2402 quamvis
1041 2348 1085 2389 in
1115 2346 1376 2403 quibusdam
1407 2347 1549 2389 minus
1585 2362 1713 2390 accu-

166 2425 284 2460 ratus
327 2418 401 2468 sit,
441 2433 511 2468 ea,
548 2433 657 2474 quae
694 2425 911 2474 tamquam
951 2427 1066 2462 certa
1100 2419 1298 2469 tradidit,
1339 2419 1448 2460 falso
1484 2418 1713 2462 tradidisse

166 2489 416 2531 existimem.
457 2489 678 2545 Numquid
707 2491 819 2533 enim
848 2506 1025 2534 necesse
1044 2499 1108 2534 est
1129 2491 1332 2533 alteruter
1351 2489 1566 2546 peccarit?
1605 2490 1714 2532 Tam

165 2562 297 2616 longa
329 2568 442 2602 certe
472 2561 554 2602 fuit
570 2562 763 2618 Augusti
791 2563 1037 2613 dominatio,
1063 2570 1111 2605 ut
1131 2562 1297 2604 Galliae
1320 2561 1564 2617 provincias
1592 2561 1714 2604 initio

167 2633 260 2674 eius
293 2633 418 2681 alias,
455 2633 558 2674 alias
599 2633 643 2674 in
681 2634 798 2676 exitu
835 2635 969 2678 fuisse
1009 2649 1278 2690 nequaquam
1310 2632 1363 2675 ab
1396 2632 1485 2674 veri
1515 2632 1713 2675 similitu-

167 2703 268 2746 dine
297 2703 544 2755 abhorreat,
586 2705 727 2747 attulit
757 2706 906 2757 etiam,
940 2722 1037 2750 cum
1067 2712 1272 2764 perpetua
1306 2720 1404 2747 cum
1433 2704 1584 2746 vicinis
1614 2705 1713 2747 bar-

167 2774 282 2817 baris
325 2775 437 2826 bella
479 2783 754 2832 gererentur,
802 2793 873 2820 eas
914 2778 1261 2828 vicissitudines,
1306 2784 1355 2819 ut
1395 2791 1524 2818 causa
1564 2777 1712 2818 finium

168 2847 471 2889 mutandorum
504 2848 628 2891 facile
655 2849 794 2905 possit
822 2850 1011 2907 reperiri.
1071 2850 1271 2905 Denique
1297 2849 1512 2905 quandam
1538 2848 1713 2905 provin-
