1846 3100
199 144 276 188 114
363 145 365 150 “
625 149 680 180 De
709 145 822 179 Gallia
844 146 1078 179 Romanorum
1112 147 1295 187 provincia.

195 256 490 313 pervenimus,
535 271 621 312 quo
661 255 874 312 legionem
910 254 933 295 Ι
974 252 1245 296 Adiutricem
1291 253 1346 299 ad
1386 268 1478 298 eam
1519 253 1741 297 tutandam

195 330 398 386 peculiari
432 330 574 386 legato
611 328 808 385 paruisse
847 325 1150 368 intelleximus.
1209 324 1282 369 Ab
1321 326 1471 369 eodem
1507 333 1647 369 autem
1679 325 1740 369 M.

199 403 377 447 Aurelio
412 403 500 444 Dio
532 401 629 453 LV,
669 402 723 444 24
763 399 894 442 refert
928 398 1140 454 legionem
1177 398 1246 441 III
1282 398 1472 443 Italicam
1509 398 1551 439 in
1593 398 1743 441 Raetia

197 490 292 518 esse
318 475 578 517 institutam:
614 475 687 529 qui
715 473 795 516 etsi
823 473 867 514 in
893 471 966 527 illo
993 470 1211 527 legionum
1241 471 1435 526 catalogo
1464 485 1557 515 eam
1587 470 1741 526 cuique

195 548 355 604 legioni
386 547 651 604 provinciam
677 545 849 596 tribuit,
879 544 924 586 in
951 558 1036 599 qua
1062 557 1258 598 quaeque
1288 542 1525 585 Alexandri
1553 550 1742 598 tempore

196 634 282 675 quo
319 619 510 676 scripsit,
549 626 657 668 erat,
699 626 839 660 tamen
874 616 988 672 legio
1017 615 1087 658 III
1123 615 1295 665 Italica,
1336 614 1541 669 quamdiu
1571 614 1742 659 omnino

197 692 298 742 fuit,
339 692 384 733 in
411 691 562 734 Raetia
596 690 769 732 videtur
806 689 964 738 fuisse,
1000 687 1202 743 priorque
1231 686 1347 742 legio
1373 687 1394 728 I
1423 686 1628 731 Adiutrix
1659 686 1742 732 alio

197 779 291 806 esse
321 763 537 806 translata.
588 763 732 806 Unam
756 761 891 818 igitur
920 759 1104 802 habebat
1130 759 1344 814 legionem
1373 773 1485 802 nova
1509 758 1741 814 provincia,

198 837 274 879 sed
318 852 444 879 suum
477 835 669 892 Augusti
705 835 895 890 legatum
934 833 1260 887 nominaturque
1288 831 1416 886 paulo
1445 839 1542 886 post
1574 830 1742 886 Appius

198 906 264 950 Cl.
292 909 532 951 Lateranus
562 907 653 950 XV
690 910 755 948 m’r
792 921 897 948 sacr.
924 908 1022 958 sac.
1049 919 1121 946 cos.
1155 906 1308 956 (lesign.
1340 907 1404 956 leg
1447 905 1552 956 Aug.
1581 917 1648 956 pr.
1675 917 1742 956 pr.

196 983 270 1034 leg.
290 983 353 1023 III
376 983 469 1022 Ital.
501 980 616 1036 apud
638 978 772 1021 Orell.
798 978 913 1028 1399,
942 993 994 1019 ex
1020 992 1106 1031 qua
1131 976 1406 1032 inscriptione
1429 990 1521 1017 eam
1547 975 1742 1018 videmus

197 1053 418 1108 praetoriis
450 1052 553 1093 viris
583 1052 642 1093 ita
672 1065 904 1094 consuesse
935 1049 1143 1105 mandari,
1173 1056 1220 1090 ut
1250 1064 1367 1104 spem
1401 1047 1649 1090 consulatus
1679 1048 1742 1091 af-

196 1125 338 1165 ferret.
395 1124 566 1180 Reliqui
595 1123 724 1179 legati
754 1123 914 1164 nullam
947 1121 1149 1178 temporis
1181 1120 1534 1176 significationem
1565 1118 1742 1170 habent3

195 1212 295 1239 nam
336 1211 414 1238 nec
452 1195 681 1238 Terentius
718 1194 896 1237 Pudens
934 1193 1196 1237 Uttedianus
1240 1195 1315 1246 leg.
1360 1195 1496 1245 Aug-g.
1531 1199 1742 1246 propraet.

191 1271 433 1321 provinciae
479 1272 620 1309 Retiae
658 1267 774 1323 apud
806 1265 940 1309 Orell.
973 1266 1078 1308 1943
1116 1257 1196 1308 nec
1227 1268 1297 1309 ille
1335 1267 1410 1319 leg.
1444 1267 1550 1318 Aug.
1577 1279 1646 1318 pr.
1675 1279 1740 1318 pr.

191 1343 377 1393 proviae.
409 1343 499 1382 Rae
539 1340 654 1396 apud
692 1339 872 1381 Steiner.
911 1336 1019 1386 Cod.
1060 1338 1194 1381 Inscr.
1226 1337 1361 1380 Rhen.
1402 1353 1444 1380 n.
1475 1337 1577 1387 291,
1619 1338 1743 1380 cuius

196 1427 348 1453 nomen
384 1412 531 1468 periit,
574 1427 658 1467 quo
699 1419 888 1468 tempore
928 1411 1080 1456 vixerit
1117 1410 1412 1467 cognoscitur,
1467 1410 1543 1453 sed
1581 1411 1742 1456 vixisse

198 1491 337 1526 tamen
369 1483 589 1540 probabile
619 1490 684 1526 est
711 1490 847 1526 aetate
877 1481 1042 1525 Severi.

309 1554 458 1602 Simile
490 1556 664 1598 Raetiae
706 1562 795 1598 erat
826 1555 1051 1606 Noricum,
1093 1554 1344 1597 attributum
1382 1554 1457 1596 diu
1495 1553 1540 1597 in
1570 1554 1742 1601 Panno-

195 1629 323 1679 niam,
349 1636 398 1670 ut
425 1628 628 1678 diximus,
654 1627 774 1669 initio
799 1627 975 1682 quidem
999 1627 1043 1668 in
1062 1626 1296 1678 Illyricum.
1341 1627 1509 1669 Etenim
1534 1627 1588 1669 de
1613 1627 1744 1673 huius

195 1716 368 1756 quoque
409 1700 654 1756 provinciae
694 1699 859 1755 origine
900 1706 1027 1754 atque
1066 1699 1186 1741 initio
1228 1698 1281 1741 ab
1325 1699 1491 1755 vulgari
1535 1700 1743 1745 sententia

196 1773 506 1815 discedendum
538 1787 633 1815 esse
662 1772 968 1814 existimamus.
1024 1770 1141 1817 Olim
1172 1771 1347 1826 quidem
1378 1786 1490 1815 anno
1517 1772 1542 1814 8
1574 1787 1613 1828 p.
1639 1769 1743 1821 Chr,

195 1845 416 1887 Pannonia
442 1843 672 1900 putabatur
698 1858 792 1886 esse
819 1843 1028 1894 instituta,
1057 1858 1142 1898 quo
1169 1850 1358 1899 tempore
1381 1858 1435 1885 ne
1460 1842 1619 1887 bellum
1646 1844 1743 1899 qui-

197 1918 296 1962 dem
321 1916 617 1959 Pannonicum
654 1917 817 1972 ipsum,
857 1916 973 1970 quod
1003 1914 1204 1957 Tiberius
1242 1916 1400 1970 gessit,
1441 1915 1608 1960 finitum
1647 1931 1743 1961 esse

197 1996 382 2038 constat3
414 1995 505 2029 tum
524 1987 792 2042 Borghesius
818 1988 862 2028 in
883 1987 1037 2034 Annal.
1057 1987 1162 2029 Inst.
1190 1986 1304 2029 arch.
1331 1987 1431 2029 anni
1462 1987 1566 2031 1844
1594 2003 1639 2044 p.
1661 1988 1742 2032 320

197 2075 356 2103 annum
390 2060 439 2102 10
468 2075 510 2116 p.
538 2057 640 2102 Chr.
673 2059 882 2114 praetulit.
931 2058 1040 2101 Nam
1067 2074 1179 2104 anno
1205 2059 1252 2100 14
1281 2075 1320 2115 p.
1340 2058 1443 2102 Chr.
1474 2067 1570 2116 post
1593 2075 1742 2104 exces-

198 2147 293 2175 sum
323 2131 516 2187 Augusti
550 2130 727 2172 Tacitus
758 2131 913 2173 Annal.
941 2131 987 2180 I,
1011 2131 1060 2173 16
1092 2139 1236 2174 narrat.
1267 2133 1535 2177 Pannonicas
1564 2140 1650 2174 tres
1679 2132 1742 2178 le-

197 2204 368 2260 giones,
409 2203 568 2258 quibus
599 2203 752 2245 Iunius
783 2203 964 2245 Blaesus
1003 2212 1243 2259 praeesset,
1289 2204 1542 2250 seditionem
1574 2204 1742 2254 fecisse,

196 2276 431 2330 eodemque
468 2283 658 2331 tempore
691 2275 716 2316 i.
746 2289 782 2315 e.
813 2274 894 2316 sub
921 2282 1096 2317 mortem
1125 2276 1318 2332 Augusti
1345 2275 1550 2330 initiaque
1578 2275 1740 2318 Tiberii

197 2347 457 2390 Delmatiam
485 2363 510 2389 a
536 2347 585 2389 P.
614 2345 816 2389 Cornelio
847 2346 1072 2389 Dolabella
1107 2357 1265 2390 rectam
1307 2362 1401 2390 esse
1433 2346 1559 2391 docet
1590 2347 1741 2392 titulus

195 2419 465 2462 Delmaticus
496 2419 611 2475 apud
639 2417 772 2460 Orell.
800 2419 931 2468 2365,
965 2434 1090 2474 quem
1116 2422 1301 2460 civitates
1327 2422 1548 2472 superioris
1572 2423 1740 2472 provin-

195 2495 283 2533 ciae
312 2494 514 2544 Hillyrici
541 2494 617 2544 leg.
643 2505 721 2543 pro
745 2504 808 2543 pr.
847 2493 942 2532 Dim·
969 2494 1150 2544 Augusti
1177 2498 1216 2532 et
1251 2495 1317 2537 Ti.
1347 2493 1533 2534 Caesaris
1563 2494 1744 2544 Augusti

195 2564 394 2620 posuisse
431 2563 653 2612 dicuntur;
698 2562 798 2604 item
830 2561 1023 2605 Velleius
1049 2562 1116 2612 Il,
1159 2563 1237 2605 112
1277 2562 1546 2605 Dolabellam
1584 2570 1741 2612 narrat,

195 2650 281 2690 quo
318 2643 507 2692 tempore
543 2635 687 2681 Blaesi
723 2635 916 2690 legiones
948 2634 1202 2685 deficerent,
1247 2650 1421 2678 suarum
1456 2635 1500 2675 in
1530 2634 1741 2682 maritima

196 2714 314 2761 parte
340 2707 502 2762 Illyrici
532 2706 803 2762 disciplinam
833 2721 1042 2748 servasse.
1103 2706 1220 2748 Hinc
1251 2707 1516 2763 Borghesius
1547 2721 1658 2749 anno
1694 2706 1738 2753 14

194 2793 236 2833 p.
264 2766 367 2820 Chr.
410 2779 518 2821 duas
557 2778 799 2834 provincias
839 2778 1056 2828 diversas,
1096 2779 1355 2822 Delmatiam
1389 2787 1430 2822 et
1459 2779 1739 2828 Pannoniam,

194 2849 329 2891 fuisse
355 2857 481 2906 atque
507 2850 636 2892 huius
666 2850 872 2904 originem
901 2849 955 2892 ad
986 2866 1142 2893 annum
1170 2852 1215 2893 10
1242 2851 1443 2893 continuo
1463 2859 1560 2906 post
1578 2850 1737 2892 bellum
