<?xml version="1.0" encoding="UTF-8"?>
<!DOCTYPE html PUBLIC "-//W3C//DTD XHTML 1.0 Transitional//EN"
    "http://www.w3.org/TR/xhtml1/DTD/xhtml1-transitional.dtd">
<html xmlns="http://www.w3.org/1999/xhtml" xml:lang="en" lang="en">
 <head>
  <title>
</title>
<meta http-equiv="Content-Type" content="text/html;charset=utf-8" />
  <meta name='ocr-system' content='tesseract 3.04.00' />
  <meta name='ocr-capabilities' content='ocr_page ocr_carea ocr_par ocr_line ocrx_word'/>
</head>
<body>
  <div class='ocr_page' id='page_1' title='image "./studiaromanasive00zump_0400.png"; bbox 0 0 1846 3100; ppageno 0'>
   <div class='ocr_carea' id='block_1_1' title="bbox 947 109 959 126">
    <p class='ocr_par' dir='ltr' id='par_1_1' title="bbox 947 109 959 126">
     <span class='ocr_line' id='line_1_1' title="bbox 947 109 959 126; baseline 0 0"><span class='ocrx_word' id='word_1_1' title='bbox 947 109 959 126; x_wconf 64' lang='lat' dir='ltr'><strong>r</strong></span> 
     </span>
    </p>
   </div>
   <div class='ocr_carea' id='block_1_2' title="bbox 153 180 1172 339">
    <p class='ocr_par' dir='ltr' id='par_1_2' title="bbox 153 180 1172 339">
     <span class='ocr_line' id='line_1_2' title="bbox 154 180 1053 225; baseline 0.004 -7"><span class='ocrx_word' id='word_1_2' title='bbox 154 180 236 225; x_wconf 82' lang='lat'><strong>388</strong></span> <span class='ocrx_word' id='word_1_3' title='bbox 798 187 908 221; x_wconf 84' lang='lat' dir='ltr'><strong>Index</strong></span> <span class='ocrx_word' id='word_1_4' title='bbox 931 197 1053 222; x_wconf 89' lang='lat' dir='ltr'><strong>rerum.</strong></span> 
     </span>
     <span class='ocr_line' id='line_1_3' title="bbox 153 293 1172 339; baseline 0.004 -11"><span class='ocrx_word' id='word_1_5' title='bbox 153 293 245 328; x_wconf 78' lang='lat' dir='ltr'><strong>Otho</strong></span> <span class='ocrx_word' id='word_1_6' title='bbox 268 295 455 339; x_wconf 88' lang='lat' dir='ltr'><strong>imperator</strong></span> <span class='ocrx_word' id='word_1_7' title='bbox 475 294 689 337; x_wconf 81' lang='lat' dir='ltr'>Lingonibus</span> <span class='ocrx_word' id='word_1_8' title='bbox 712 296 884 330; x_wconf 89' lang='lat' dir='ltr'><strong>civitatem</strong></span> <span class='ocrx_word' id='word_1_9' title='bbox 910 298 968 330; x_wconf 89' lang='lat' dir='ltr'><strong>dat</strong></span> <span class='ocrx_word' id='word_1_10' title='bbox 989 296 1067 332; x_wconf 88' lang='lat'><strong>305.</strong></span> <span class='ocrx_word' id='word_1_11' title='bbox 1092 297 1172 332; x_wconf 84' lang='lat'><strong>316.</strong></span> 
     </span>
    </p>
   </div>
   <div class='ocr_carea' id='block_1_3' title="bbox 151 386 1703 491">
    <p class='ocr_par' dir='ltr' id='par_1_3' title="bbox 151 386 1703 491">
     <span class='ocr_line' id='line_1_4' title="bbox 151 386 1703 490; baseline 0.005 -55"><span class='ocrx_word' id='word_1_12' title='bbox 151 402 332 490; x_wconf 49' lang='lat' dir='ltr'><strong>Pannonga</strong></span> <span class='ocrx_word' id='word_1_13' title='bbox 354 386 530 446; x_wconf 86' lang='lat' dir='ltr'><strong>provincia</strong></span> <span class='ocrx_word' id='word_1_14' title='bbox 553 404 709 438; x_wconf 88' lang='lat' dir='ltr'><strong>instituta</strong></span> <span class='ocrx_word' id='word_1_15' title='bbox 735 404 810 439; x_wconf 89' lang='grc'><strong>106.</strong></span> <span class='ocrx_word' id='word_1_16' title='bbox 859 407 998 449; x_wconf 88' lang='lat' dir='ltr'><strong>quando</strong></span> <span class='ocrx_word' id='word_1_17' title='bbox 1019 407 1225 449; x_wconf 74' lang='lat' dir='ltr'><strong>peculiarem</strong></span> <span class='ocrx_word' id='word_1_18' title='bbox 1247 413 1410 442; x_wconf 84' lang='lat' dir='ltr'><strong>rectorem</strong></span> <span class='ocrx_word' id='word_1_19' title='bbox 1431 409 1600 452; x_wconf 78' lang='lat' dir='ltr'><strong>acceperit</strong></span> <span class='ocrx_word' id='word_1_20' title='bbox 1626 407 1703 443; x_wconf 86' lang='grc'><strong>109.</strong></span> 
     </span>
     <span class='ocr_line' id='line_1_5' title="bbox 247 457 1432 491; baseline 0.007 -2"><span class='ocrx_word' id='word_1_21' title='bbox 247 457 285 490; x_wconf 88' lang='grc'><strong>11</strong></span> <span class='ocrx_word' id='word_1_22' title='bbox 314 483 322 491; x_wconf 94' lang='grc'><strong>.</strong></span> <span class='ocrx_word' id='word_1_23' title='bbox 1390 458 1394 459; x_wconf 48' lang='grc'><em>’</em></span> <span class='ocrx_word' id='word_1_24' title='bbox 1430 467 1432 469; x_wconf 84' lang='grc'><strong>’</strong></span> 
     </span>
    </p>
   </div>
   <div class='ocr_carea' id='block_1_4' title="bbox 150 510 1746 2940">
    <p class='ocr_par' dir='ltr' id='par_1_4' title="bbox 152 510 687 555">
     <span class='ocr_line' id='line_1_6' title="bbox 152 510 687 555; baseline 0.004 -12"><span class='ocrx_word' id='word_1_25' title='bbox 152 510 194 551; x_wconf 86' lang='lat' dir='ltr'><strong>Q.</strong></span> <span class='ocrx_word' id='word_1_26' title='bbox 217 511 344 545; x_wconf 82' lang='lat' dir='ltr'><strong>Pedius</strong></span> <span class='ocrx_word' id='word_1_27' title='bbox 366 516 503 555; x_wconf 88' lang='lat' dir='ltr'><strong>praetor</strong></span> <span class='ocrx_word' id='word_1_28' title='bbox 529 510 609 546; x_wconf 87' lang='grc'><strong>241.</strong></span> <span class='ocrx_word' id='word_1_29' title='bbox 682 547 687 551; x_wconf 67' lang='grc'>,</span> 
     </span>
    </p>

    <p class='ocr_par' dir='ltr' id='par_1_5' title="bbox 151 566 1083 609">
     <span class='ocr_line' id='line_1_7' title="bbox 151 566 1083 609; baseline 0.002 -11"><span class='ocrx_word' id='word_1_30' title='bbox 151 566 317 600; x_wconf 83' lang='lat' dir='ltr'><strong>Pertinax</strong></span> <span class='ocrx_word' id='word_1_31' title='bbox 340 568 527 609; x_wconf 88' lang='lat' dir='ltr'><strong>imperator</strong></span> <span class='ocrx_word' id='word_1_32' title='bbox 549 567 709 600; x_wconf 79' lang='lat' dir='ltr'><strong>Raetiam</strong></span> <span class='ocrx_word' id='word_1_33' title='bbox 737 567 820 600; x_wconf 91' lang='lat' dir='ltr'><strong>olim</strong></span> <span class='ocrx_word' id='word_1_34' title='bbox 843 572 980 600; x_wconf 84' lang='lat' dir='ltr'><strong>rexerat</strong></span> <span class='ocrx_word' id='word_1_35' title='bbox 1010 567 1083 600; x_wconf 92' lang='lat'><strong>110.</strong></span> 
     </span>
    </p>

    <p class='ocr_par' dir='ltr' id='par_1_6' title="bbox 151 619 1703 773">
     <span class='ocr_line' id='line_1_8' title="bbox 151 619 1703 666; baseline 0.005 -14"><span class='ocrx_word' id='word_1_36' title='bbox 151 620 284 655; x_wconf 87' lang='lat' dir='ltr'>Plinius</span> <span class='ocrx_word' id='word_1_37' title='bbox 305 626 376 654; x_wconf 89' lang='lat' dir='ltr'><strong>nat.</strong></span> <span class='ocrx_word' id='word_1_38' title='bbox 401 621 479 654; x_wconf 91' lang='lat' dir='ltr'><strong>hist.</strong></span> <span class='ocrx_word' id='word_1_39' title='bbox 504 621 694 664; x_wconf 78' lang='lat' dir='ltr'><strong>explicatur</strong></span> <span class='ocrx_word' id='word_1_40' title='bbox 717 619 772 655; x_wconf 86' lang='grc'><strong>64.</strong></span> <span class='ocrx_word' id='word_1_41' title='bbox 811 632 882 664; x_wconf 38' lang='lat' dir='ltr'><strong>qua,</strong></span> <span class='ocrx_word' id='word_1_42' title='bbox 901 622 1032 654; x_wconf 85' lang='lat' dir='ltr'><strong>ratione</strong></span> <span class='ocrx_word' id='word_1_43' title='bbox 1057 623 1093 654; x_wconf 93' lang='lat' dir='ltr'><strong>in</strong></span> <span class='ocrx_word' id='word_1_44' title='bbox 1115 623 1325 666; x_wconf 84' lang='lat' dir='ltr'><strong>geographia</strong></span> <span class='ocrx_word' id='word_1_45' title='bbox 1349 634 1431 659; x_wconf 87' lang='lat' dir='ltr'><strong>usus</strong></span> <span class='ocrx_word' id='word_1_46' title='bbox 1457 625 1502 659; x_wconf 83' lang='lat' dir='ltr'><strong>sit</strong></span> <span class='ocrx_word' id='word_1_47' title='bbox 1527 624 1602 658; x_wconf 89' lang='grc'><strong>100.</strong></span> <span class='ocrx_word' id='word_1_48' title='bbox 1645 635 1703 659; x_wconf 82' lang='lat' dir='ltr'><strong>ex—</strong></span> 
     </span>
     <span class='ocr_line' id='line_1_9' title="bbox 242 674 1702 721; baseline 0.003 -13"><span class='ocrx_word' id='word_1_49' title='bbox 242 676 388 719; x_wconf 82' lang='lat' dir='ltr'><strong>plicatur</strong></span> <span class='ocrx_word' id='word_1_50' title='bbox 421 674 497 709; x_wconf 88' lang='lat'><strong>100.</strong></span> <span class='ocrx_word' id='word_1_51' title='bbox 544 676 586 708; x_wconf 91' lang='lat' dir='ltr'><strong>In</strong></span> <span class='ocrx_word' id='word_1_52' title='bbox 610 674 724 708; x_wconf 86' lang='lat' dir='ltr'><strong>Gallia</strong></span> <span class='ocrx_word' id='word_1_53' title='bbox 753 676 976 708; x_wconf 87' lang='lat' dir='ltr'><strong>describenda</strong></span> <span class='ocrx_word' id='word_1_54' title='bbox 1004 677 1136 708; x_wconf 90' lang='lat' dir='ltr'><strong>initium</strong></span> <span class='ocrx_word' id='word_1_55' title='bbox 1161 677 1309 719; x_wconf 84' lang='lat' dir='ltr'><strong>Augusti</strong></span> <span class='ocrx_word' id='word_1_56' title='bbox 1340 679 1492 721; x_wconf 82' lang='lat' dir='ltr'><strong>sequitur</strong></span> <span class='ocrx_word' id='word_1_57' title='bbox 1520 678 1597 713; x_wconf 90' lang='lat'><strong>107.</strong></span> <span class='ocrx_word' id='word_1_58' title='bbox 1623 678 1702 713; x_wconf 84' lang='lat'><strong>312.</strong></span> 
     </span>
     <span class='ocr_line' id='line_1_10' title="bbox 244 727 1527 773; baseline 0.003 -10"><span class='ocrx_word' id='word_1_59' title='bbox 244 727 322 764; x_wconf 86' lang='lat'><strong>328.</strong></span> <span class='ocrx_word' id='word_1_60' title='bbox 372 730 561 772; x_wconf 83' lang='lat' dir='ltr'><strong>explicatur</strong></span> <span class='ocrx_word' id='word_1_61' title='bbox 590 728 668 762; x_wconf 89' lang='grc'><strong>274.</strong></span> <span class='ocrx_word' id='word_1_62' title='bbox 691 729 770 763; x_wconf 83' lang='grc'><strong>338.</strong></span> <span class='ocrx_word' id='word_1_63' title='bbox 825 730 907 772; x_wconf 89' lang='lat' dir='ltr'><strong>quid</strong></span> <span class='ocrx_word' id='word_1_64' title='bbox 934 731 976 762; x_wconf 91' lang='lat' dir='ltr'><strong>de</strong></span> <span class='ocrx_word' id='word_1_65' title='bbox 999 730 1071 762; x_wconf 89' lang='lat' dir='ltr'><strong>iure</strong></span> <span class='ocrx_word' id='word_1_66' title='bbox 1095 731 1282 773; x_wconf 82' lang='lat' dir='ltr'><strong>Hispaniae</strong></span> <span class='ocrx_word' id='word_1_67' title='bbox 1303 734 1424 766; x_wconf 87' lang='lat' dir='ltr'><strong>doceat</strong></span> <span class='ocrx_word' id='word_1_68' title='bbox 1449 732 1527 767; x_wconf 88' lang='grc'><strong>311.</strong></span> 
     </span>
    </p>

    <p class='ocr_par' dir='ltr' id='par_1_7' title="bbox 150 783 1702 829">
     <span class='ocr_line' id='line_1_11' title="bbox 150 783 1702 829; baseline 0.003 -13"><span class='ocrx_word' id='word_1_69' title='bbox 150 794 263 826; x_wconf 89' lang='lat' dir='ltr'><strong>poena</strong></span> <span class='ocrx_word' id='word_1_70' title='bbox 277 785 429 826; x_wconf 87' lang='lat' dir='ltr'><strong>capitalis</strong></span> <span class='ocrx_word' id='word_1_71' title='bbox 447 784 514 816; x_wconf 88' lang='lat' dir='ltr'><strong>alia</strong></span> <span class='ocrx_word' id='word_1_72' title='bbox 527 784 563 815; x_wconf 91' lang='lat' dir='ltr'><strong>in</strong></span> <span class='ocrx_word' id='word_1_73' title='bbox 577 783 721 824; x_wconf 86' lang='lat' dir='ltr'><strong>Latinis,</strong></span> <span class='ocrx_word' id='word_1_74' title='bbox 739 785 807 816; x_wconf 88' lang='lat' dir='ltr'><strong>alia</strong></span> <span class='ocrx_word' id='word_1_75' title='bbox 822 784 858 816; x_wconf 88' lang='lat' dir='ltr'><strong>in</strong></span> <span class='ocrx_word' id='word_1_76' title='bbox 874 784 1000 817; x_wconf 84' lang='lat' dir='ltr'><strong>civibus</strong></span> <span class='ocrx_word' id='word_1_77' title='bbox 1014 785 1126 826; x_wconf 66' lang='lat' dir='ltr'><strong>Rom„</strong></span> <span class='ocrx_word' id='word_1_78' title='bbox 1144 786 1211 817; x_wconf 84' lang='lat' dir='ltr'><strong>alia</strong></span> <span class='ocrx_word' id='word_1_79' title='bbox 1223 787 1258 818; x_wconf 93' lang='lat' dir='ltr'><strong>in</strong></span> <span class='ocrx_word' id='word_1_80' title='bbox 1270 797 1363 829; x_wconf 86' lang='lat' dir='ltr'><strong>pace,</strong></span> <span class='ocrx_word' id='word_1_81' title='bbox 1383 784 1453 821; x_wconf 79' lang='lat' dir='ltr'><strong>alia&#39;</strong></span> <span class='ocrx_word' id='word_1_82' title='bbox 1465 789 1502 821; x_wconf 89' lang='lat' dir='ltr'><strong>in</strong></span> <span class='ocrx_word' id='word_1_83' title='bbox 1515 788 1609 821; x_wconf 88' lang='lat' dir='ltr'><strong>bello</strong></span> <span class='ocrx_word' id='word_1_84' title='bbox 1625 786 1702 821; x_wconf 79' lang='lat'><strong>360.</strong></span> 
     </span>
    </p>

    <p class='ocr_par' dir='ltr' id='par_1_8' title="bbox 153 836 1706 1100">
     <span class='ocr_line' id='line_1_12' title="bbox 153 836 1704 884; baseline 0.003 -13"><span class='ocrx_word' id='word_1_85' title='bbox 153 838 219 872; x_wconf 91' lang='lat' dir='ltr'><strong>Cn.</strong></span> <span class='ocrx_word' id='word_1_86' title='bbox 243 838 429 880; x_wconf 88' lang='lat' dir='ltr'><strong>Pompeius</strong></span> <span class='ocrx_word' id='word_1_87' title='bbox 464 838 498 870; x_wconf 91' lang='lat' dir='ltr'><strong>in</strong></span> <span class='ocrx_word' id='word_1_88' title='bbox 525 837 639 870; x_wconf 86' lang='lat' dir='ltr'><strong>Gallia</strong></span> <span class='ocrx_word' id='word_1_89' title='bbox 668 838 828 870; x_wconf 89' lang='lat' dir='ltr'><strong>hibernat</strong></span> <span class='ocrx_word' id='word_1_90' title='bbox 860 836 891 870; x_wconf 87' lang='grc'><strong>6.</strong></span> <span class='ocrx_word' id='word_1_91' title='bbox 936 839 1024 871; x_wconf 86' lang='lat' dir='ltr'><strong>iurat</strong></span> <span class='ocrx_word' id='word_1_92' title='bbox 1055 850 1091 871; x_wconf 90' lang='lat' dir='ltr'><strong>se</strong></span> <span class='ocrx_word' id='word_1_93' title='bbox 1126 841 1162 872; x_wconf 92' lang='lat' dir='ltr'><strong>in</strong></span> <span class='ocrx_word' id='word_1_94' title='bbox 1187 841 1318 874; x_wconf 84' lang='lat' dir='ltr'><strong>nullam</strong></span> <span class='ocrx_word' id='word_1_95' title='bbox 1342 843 1552 884; x_wconf 84' lang='lat' dir='ltr'><strong>provinciam</strong></span> <span class='ocrx_word' id='word_1_96' title='bbox 1577 843 1704 876; x_wconf 81' lang='lat' dir='ltr'><strong>iturum</strong></span> 
     </span>
     <span class='ocr_line' id='line_1_13' title="bbox 244 890 1705 936; baseline 0.005 -12"><span class='ocrx_word' id='word_1_97' title='bbox 244 890 300 925; x_wconf 88' lang='grc'><strong>54.</strong></span> <span class='ocrx_word' id='word_1_98' title='bbox 342 893 505 934; x_wconf 86' lang='lat' dir='ltr'><strong>quamdiu</strong></span> <span class='ocrx_word' id='word_1_99' title='bbox 531 892 666 935; x_wconf 84' lang='lat' dir='ltr'><strong>Syriam</strong></span> <span class='ocrx_word' id='word_1_100' title='bbox 686 893 868 925; x_wconf 86' lang='lat' dir='ltr'><strong>obtinuerit</strong></span> <span class='ocrx_word' id='word_1_101' title='bbox 890 890 946 926; x_wconf 84' lang='lat'><strong>63.</strong></span> <span class='ocrx_word' id='word_1_102' title='bbox 985 903 1085 935; x_wconf 91' lang='lat' dir='ltr'><strong>quam</strong></span> <span class='ocrx_word' id='word_1_103' title='bbox 1109 895 1319 936; x_wconf 87' lang='lat' dir='ltr'><strong>provinciam</strong></span> <span class='ocrx_word' id='word_1_104' title='bbox 1344 896 1380 928; x_wconf 90' lang='lat' dir='ltr'><strong>in</strong></span> <span class='ocrx_word' id='word_1_105' title='bbox 1404 897 1511 930; x_wconf 86' lang='lat' dir='ltr'><strong>altero</strong></span> <span class='ocrx_word' id='word_1_106' title='bbox 1526 897 1705 930; x_wconf 75' lang='lat' dir='ltr'><strong>consulatu</strong></span> 
     </span>
     <span class='ocr_line' id='line_1_14' title="bbox 243 946 1706 993; baseline 0.004 -14"><span class='ocrx_word' id='word_1_107' title='bbox 243 947 401 980; x_wconf 80' lang='lat' dir='ltr'><strong>habuerit</strong></span> <span class='ocrx_word' id='word_1_108' title='bbox 422 946 477 980; x_wconf 90' lang='grc'><strong>77.</strong></span> <span class='ocrx_word' id='word_1_109' title='bbox 521 957 567 980; x_wconf 88' lang='lat' dir='ltr'><strong>ex</strong></span> <span class='ocrx_word' id='word_1_110' title='bbox 588 948 690 980; x_wconf 87' lang='lat' dir='ltr'><strong>tertio</strong></span> <span class='ocrx_word' id='word_1_111' title='bbox 718 947 893 980; x_wconf 79' lang='lat' dir='ltr'><strong>consulatu</strong></span> <span class='ocrx_word' id='word_1_112' title='bbox 918 948 1062 980; x_wconf 87' lang='lat' dir='ltr'><strong>alterum</strong></span> <span class='ocrx_word' id='word_1_113' title='bbox 1080 949 1274 989; x_wconf 88' lang='lat' dir='ltr'><strong>provinciae</strong></span> <span class='ocrx_word' id='word_1_114' title='bbox 1290 951 1557 993; x_wconf 87' lang='lat' dir='ltr'><strong>quinquennium</strong></span> <span class='ocrx_word' id='word_1_115' title='bbox 1574 951 1706 984; x_wconf 79' lang='lat' dir='ltr'><strong>obtinet</strong></span> 
     </span>
     <span class='ocr_line' id='line_1_15' title="bbox 242 1000 1704 1047; baseline 0.002 -13"><span class='ocrx_word' id='word_1_116' title='bbox 242 1000 298 1035; x_wconf 79' lang='lat'><strong>85.</strong></span> <span class='ocrx_word' id='word_1_117' title='bbox 339 1012 406 1043; x_wconf 90' lang='lat' dir='ltr'><strong>quo</strong></span> <span class='ocrx_word' id='word_1_118' title='bbox 431 1002 485 1034; x_wconf 92' lang='lat' dir='ltr'><strong>die</strong></span> <span class='ocrx_word' id='word_1_119' title='bbox 509 1002 688 1045; x_wconf 89' lang='lat' dir='ltr'><strong>imperium</strong></span> <span class='ocrx_word' id='word_1_120' title='bbox 710 1002 746 1034; x_wconf 92' lang='lat' dir='ltr'><strong>in</strong></span> <span class='ocrx_word' id='word_1_121' title='bbox 765 1003 893 1044; x_wconf 79' lang='lat' dir='ltr'><strong>piratas</strong></span> <span class='ocrx_word' id='word_1_122' title='bbox 917 1003 1083 1044; x_wconf 85' lang='lat' dir='ltr'><strong>acceperit</strong></span> <span class='ocrx_word' id='word_1_123' title='bbox 1111 1001 1182 1036; x_wconf 88' lang='grc'><strong>193.</strong></span> <span class='ocrx_word' id='word_1_124' title='bbox 1223 1013 1290 1045; x_wconf 89' lang='lat' dir='ltr'><strong>quo</strong></span> <span class='ocrx_word' id='word_1_125' title='bbox 1314 1004 1368 1038; x_wconf 87' lang='lat' dir='ltr'><strong>die</strong></span> <span class='ocrx_word' id='word_1_126' title='bbox 1389 1010 1541 1038; x_wconf 82' lang='lat' dir='ltr'><strong>mortuus</strong></span> <span class='ocrx_word' id='word_1_127' title='bbox 1565 1005 1704 1047; x_wconf 87' lang='lat' dir='ltr'><strong>eiusque</strong></span> 
     </span>
     <span class='ocr_line' id='line_1_16' title="bbox 243 1055 1594 1100; baseline 0.003 -13"><span class='ocrx_word' id='word_1_128' title='bbox 243 1055 293 1087; x_wconf 91' lang='lat' dir='ltr'><strong>rei</strong></span> <span class='ocrx_word' id='word_1_129' title='bbox 317 1056 457 1088; x_wconf 87' lang='lat' dir='ltr'><strong>nuntius</strong></span> <span class='ocrx_word' id='word_1_130' title='bbox 483 1056 631 1088; x_wconf 86' lang='lat' dir='ltr'><strong>Romam</strong></span> <span class='ocrx_word' id='word_1_131' title='bbox 657 1057 779 1089; x_wconf 89' lang='lat' dir='ltr'><strong>allatus</strong></span> <span class='ocrx_word' id='word_1_132' title='bbox 805 1057 849 1088; x_wconf 91' lang='lat' dir='ltr'><strong>sit</strong></span> <span class='ocrx_word' id='word_1_133' title='bbox 875 1055 954 1089; x_wconf 85' lang='lat'><strong>211.</strong></span> <span class='ocrx_word' id='word_1_134' title='bbox 1007 1057 1078 1088; x_wconf 89' lang='lat' dir='ltr'><strong>eius</strong></span> <span class='ocrx_word' id='word_1_135' title='bbox 1104 1057 1221 1089; x_wconf 91' lang='lat' dir='ltr'><strong>titulus</strong></span> <span class='ocrx_word' id='word_1_136' title='bbox 1247 1058 1484 1100; x_wconf 85' lang='lat' dir='ltr'><strong>imperatorius</strong></span> <span class='ocrx_word' id='word_1_137' title='bbox 1513 1057 1594 1092; x_wconf 81' lang='grc'><strong>234.</strong></span> 
     </span>
    </p>

    <p class='ocr_par' dir='ltr' id='par_1_9' title="bbox 153 1108 1703 1206">
     <span class='ocr_line' id='line_1_17' title="bbox 153 1108 1703 1155; baseline 0.004 -13"><span class='ocrx_word' id='word_1_138' title='bbox 153 1108 216 1142; x_wconf 91' lang='lat' dir='ltr'><strong>Cn.</strong></span> <span class='ocrx_word' id='word_1_139' title='bbox 239 1109 422 1152; x_wconf 88' lang='lat' dir='ltr'><strong>Pompeius</strong></span> <span class='ocrx_word' id='word_1_140' title='bbox 443 1109 567 1143; x_wconf 90' lang='lat' dir='ltr'><strong>Strabo</strong></span> <span class='ocrx_word' id='word_1_141' title='bbox 591 1110 731 1143; x_wconf 89' lang='lat' dir='ltr'><strong>Italiam</strong></span> <span class='ocrx_word' id='word_1_142' title='bbox 764 1116 799 1144; x_wconf 88' lang='lat' dir='ltr'><strong>et</strong></span> <span class='ocrx_word' id='word_1_143' title='bbox 822 1109 972 1144; x_wconf 83' lang='lat' dir='ltr'><strong>Galliam</strong></span> <span class='ocrx_word' id='word_1_144' title='bbox 997 1110 1127 1142; x_wconf 87' lang='lat' dir='ltr'><strong>obtinet</strong></span> <span class='ocrx_word' id='word_1_145' title='bbox 1162 1108 1217 1143; x_wconf 84' lang='lat'><strong>29.</strong></span> <span class='ocrx_word' id='word_1_146' title='bbox 1271 1112 1350 1154; x_wconf 85' lang='lat' dir='ltr'><strong>quid</strong></span> <span class='ocrx_word' id='word_1_147' title='bbox 1377 1114 1485 1155; x_wconf 82' lang='lat' dir='ltr'><strong>egerit</strong></span> <span class='ocrx_word' id='word_1_148' title='bbox 1509 1114 1551 1148; x_wconf 85' lang='lat' dir='ltr'><strong>de</strong></span> <span class='ocrx_word' id='word_1_149' title='bbox 1576 1113 1703 1148; x_wconf 75' lang='lat' dir='ltr'><strong>Trans-</strong></span> 
     </span>
     <span class='ocr_line' id='line_1_18' title="bbox 243 1162 555 1206; baseline 0 -10"><span class='ocrx_word' id='word_1_150' title='bbox 243 1164 389 1206; x_wconf 88' lang='lat' dir='ltr'><strong>padanis</strong></span> <span class='ocrx_word' id='word_1_151' title='bbox 418 1163 473 1199; x_wconf 89' lang='lat'><strong>30.</strong></span> <span class='ocrx_word' id='word_1_152' title='bbox 499 1162 555 1198; x_wconf 88' lang='grc'><strong>40.</strong></span> 
     </span>
    </p>

    <p class='ocr_par' dir='ltr' id='par_1_10' title="bbox 151 1217 1172 1262">
     <span class='ocr_line' id='line_1_19' title="bbox 151 1217 1172 1262; baseline -0.001 -11"><span class='ocrx_word' id='word_1_153' title='bbox 151 1219 191 1251; x_wconf 84' lang='grc' dir='ltr'><strong>Ρ.</strong></span> <span class='ocrx_word' id='word_1_154' title='bbox 213 1218 381 1261; x_wconf 88' lang='lat' dir='ltr'><strong>Popillius</strong></span> <span class='ocrx_word' id='word_1_155' title='bbox 406 1219 443 1250; x_wconf 89' lang='lat' dir='ltr'><strong>in</strong></span> <span class='ocrx_word' id='word_1_156' title='bbox 467 1219 543 1261; x_wconf 85' lang='lat' dir='ltr'><strong>ipsa</strong></span> <span class='ocrx_word' id='word_1_157' title='bbox 568 1226 728 1262; x_wconf 88' lang='lat' dir='ltr'><strong>praetura</strong></span> <span class='ocrx_word' id='word_1_158' title='bbox 752 1218 962 1261; x_wconf 86' lang='lat' dir='ltr'><strong>provinciam</strong></span> <span class='ocrx_word' id='word_1_159' title='bbox 986 1218 1091 1250; x_wconf 85' lang='lat' dir='ltr'><strong>habet</strong></span> <span class='ocrx_word' id='word_1_160' title='bbox 1122 1217 1172 1251; x_wconf 87' lang='lat'><strong>17.</strong></span> 
     </span>
    </p>

    <p class='ocr_par' dir='ltr' id='par_1_11' title="bbox 152 1269 1130 1314">
     <span class='ocr_line' id='line_1_20' title="bbox 152 1269 1130 1314; baseline 0 -9"><span class='ocrx_word' id='word_1_161' title='bbox 152 1274 200 1305; x_wconf 91' lang='grc' dir='ltr'><strong>Μ.</strong></span> <span class='ocrx_word' id='word_1_162' title='bbox 225 1273 367 1306; x_wconf 87' lang='lat' dir='ltr'><strong>Porcius</strong></span> <span class='ocrx_word' id='word_1_163' title='bbox 392 1272 479 1306; x_wconf 86' lang='lat' dir='ltr'><strong>Cato</strong></span> <span class='ocrx_word' id='word_1_164' title='bbox 501 1272 650 1307; x_wconf 85' lang='lat' dir='ltr'><strong>Galliam</strong></span> <span class='ocrx_word' id='word_1_165' title='bbox 674 1269 935 1307; x_wconf 80' lang='lat' dir='ltr'><strong>Narbonensem</strong></span> <span class='ocrx_word' id='word_1_166' title='bbox 961 1274 1048 1314; x_wconf 84' lang='lat' dir='ltr'><strong>regit</strong></span> <span class='ocrx_word' id='word_1_167' title='bbox 1075 1271 1130 1305; x_wconf 90' lang='lat'><strong>27.</strong></span> 
     </span>
    </p>

    <p class='ocr_par' dir='ltr' id='par_1_12' title="bbox 151 1325 1705 1632">
     <span class='ocr_line' id='line_1_21' title="bbox 151 1325 1705 1370; baseline 0.002 -11"><span class='ocrx_word' id='word_1_168' title='bbox 151 1327 313 1370; x_wconf 86' lang='lat' dir='ltr'><strong>praefecti</strong></span> <span class='ocrx_word' id='word_1_169' title='bbox 336 1326 471 1360; x_wconf 83' lang='lat' dir='ltr'><strong>fabrum</strong></span> <span class='ocrx_word' id='word_1_170' title='bbox 484 1329 610 1361; x_wconf 85' lang='lat' dir='ltr'><strong>totiens</strong></span> <span class='ocrx_word' id='word_1_171' title='bbox 626 1329 721 1368; x_wconf 88' lang='lat' dir='ltr'><strong>fiunt,</strong></span> <span class='ocrx_word' id='word_1_172' title='bbox 746 1329 904 1370; x_wconf 86' lang='lat' dir='ltr'><strong>quotiens</strong></span> <span class='ocrx_word' id='word_1_173' title='bbox 923 1328 1146 1369; x_wconf 88' lang='lat' dir='ltr'><strong>imperatores</strong></span> <span class='ocrx_word' id='word_1_174' title='bbox 1166 1325 1240 1360; x_wconf 87' lang='grc'><strong>137.</strong></span> <span class='ocrx_word' id='word_1_175' title='bbox 1275 1327 1434 1369; x_wconf 82' lang='lat' dir='ltr'><strong>praefecti</strong></span> <span class='ocrx_word' id='word_1_176' title='bbox 1452 1328 1546 1361; x_wconf 88' lang='lat' dir='ltr'><strong>urbis</strong></span> <span class='ocrx_word' id='word_1_177' title='bbox 1564 1329 1705 1362; x_wconf 77' lang='lat' dir='ltr'><strong>adicta-</strong></span> 
     </span>
     <span class='ocr_line' id='line_1_22' title="bbox 243 1378 1704 1424; baseline 0.002 -11"><span class='ocrx_word' id='word_1_178' title='bbox 243 1386 316 1414; x_wconf 89' lang='lat' dir='ltr'><strong>tore</strong></span> <span class='ocrx_word' id='word_1_179' title='bbox 342 1381 490 1414; x_wconf 85' lang='lat' dir='ltr'><strong>Caesare</strong></span> <span class='ocrx_word' id='word_1_180' title='bbox 515 1381 596 1415; x_wconf 82' lang='lat' dir='ltr'><strong>facti</strong></span> <span class='ocrx_word' id='word_1_181' title='bbox 621 1381 686 1416; x_wconf 86' lang='grc'><strong>241</strong></span> <span class='ocrx_word' id='word_1_182' title='bbox 714 1393 764 1424; x_wconf 91' lang='lat' dir='ltr'><strong>sq.</strong></span> <span class='ocrx_word' id='word_1_183' title='bbox 816 1381 897 1414; x_wconf 85' lang='lat' dir='ltr'><strong>facti</strong></span> <span class='ocrx_word' id='word_1_184' title='bbox 922 1391 1012 1414; x_wconf 88' lang='lat' dir='ltr'><strong>anno</strong></span> <span class='ocrx_word' id='word_1_185' title='bbox 1038 1378 1091 1420; x_wconf 88' lang='grc'><strong>46,</strong></span> <span class='ocrx_word' id='word_1_186' title='bbox 1121 1391 1198 1412; x_wconf 87' lang='lat' dir='ltr'><strong>cum</strong></span> <span class='ocrx_word' id='word_1_187' title='bbox 1222 1381 1314 1413; x_wconf 86' lang='lat' dir='ltr'><strong>soliti</strong></span> <span class='ocrx_word' id='word_1_188' title='bbox 1337 1381 1556 1422; x_wconf 71' lang='lat' dir='ltr'><strong>magistratus</strong></span> <span class='ocrx_word' id='word_1_189' title='bbox 1579 1387 1704 1422; x_wconf 80' lang='lat' dir='ltr'><strong>essent,</strong></span> 
     </span>
     <span class='ocr_line' id='line_1_23' title="bbox 244 1434 1704 1478; baseline 0.002 -11"><span class='ocrx_word' id='word_1_190' title='bbox 244 1437 334 1478; x_wconf 90' lang='lat' dir='ltr'><strong>quod</strong></span> <span class='ocrx_word' id='word_1_191' title='bbox 368 1446 478 1469; x_wconf 87' lang='lat' dir='ltr'><strong>annus</strong></span> <span class='ocrx_word' id='word_1_192' title='bbox 510 1437 568 1469; x_wconf 86' lang='lat' dir='ltr'><strong>ille</strong></span> <span class='ocrx_word' id='word_1_193' title='bbox 607 1442 679 1470; x_wconf 85' lang='lat' dir='ltr'><strong>erat</strong></span> <span class='ocrx_word' id='word_1_194' title='bbox 713 1435 920 1469; x_wconf 83' lang='lat' dir='ltr'><strong>confusionis</strong></span> <span class='ocrx_word' id='word_1_195' title='bbox 957 1434 1035 1468; x_wconf 88' lang='grc'><strong>244.</strong></span> <span class='ocrx_word' id='word_1_196' title='bbox 1089 1445 1134 1467; x_wconf 89' lang='lat' dir='ltr'><strong>ex</strong></span> <span class='ocrx_word' id='word_1_197' title='bbox 1165 1444 1234 1476; x_wconf 90' lang='lat' dir='ltr'><strong>quo</strong></span> <span class='ocrx_word' id='word_1_198' title='bbox 1265 1436 1384 1468; x_wconf 88' lang='lat' dir='ltr'><strong>ordine</strong></span> <span class='ocrx_word' id='word_1_199' title='bbox 1414 1435 1496 1469; x_wconf 76' lang='lat' dir='ltr'><strong>facti</strong></span> <span class='ocrx_word' id='word_1_200' title='bbox 1530 1437 1600 1469; x_wconf 85' lang='lat' dir='ltr'><strong>siut</strong></span> <span class='ocrx_word' id='word_1_201' title='bbox 1625 1434 1704 1470; x_wconf 66' lang='grc'><strong>216.</strong></span> 
     </span>
     <span class='ocr_line' id='line_1_24' title="bbox 243 1487 1703 1534; baseline 0.002 -13"><span class='ocrx_word' id='word_1_202' title='bbox 243 1490 307 1522; x_wconf 87' lang='lat' dir='ltr'><strong>iuri</strong></span> <span class='ocrx_word' id='word_1_203' title='bbox 339 1490 487 1523; x_wconf 90' lang='lat' dir='ltr'><strong>dicundo</strong></span> <span class='ocrx_word' id='word_1_204' title='bbox 516 1497 681 1534; x_wconf 84' lang='lat' dir='ltr'><strong>praesunt</strong></span> <span class='ocrx_word' id='word_1_205' title='bbox 714 1488 791 1525; x_wconf 85' lang='grc'><strong>246.</strong></span> <span class='ocrx_word' id='word_1_206' title='bbox 841 1499 960 1522; x_wconf 90' lang='lat' dir='ltr'><strong>eorum</strong></span> <span class='ocrx_word' id='word_1_207' title='bbox 985 1499 1109 1521; x_wconf 91' lang='lat' dir='ltr'><strong>nomen</strong></span> <span class='ocrx_word' id='word_1_208' title='bbox 1137 1487 1216 1520; x_wconf 74' lang='lat'><strong>248.</strong></span> <span class='ocrx_word' id='word_1_209' title='bbox 1264 1489 1427 1531; x_wconf 86' lang='lat' dir='ltr'><strong>praefecti</strong></span> <span class='ocrx_word' id='word_1_210' title='bbox 1453 1490 1547 1524; x_wconf 81' lang='lat' dir='ltr'><strong>feriis</strong></span> <span class='ocrx_word' id='word_1_211' title='bbox 1570 1490 1703 1524; x_wconf 75' lang='lat' dir='ltr'><strong>Latinis</strong></span> 
     </span>
     <span class='ocr_line' id='line_1_25' title="bbox 243 1541 1703 1589; baseline 0.001 -13"><span class='ocrx_word' id='word_1_212' title='bbox 243 1542 322 1576; x_wconf 89' lang='grc'><strong>246.</strong></span> <span class='ocrx_word' id='word_1_213' title='bbox 370 1545 531 1586; x_wconf 88' lang='lat' dir='ltr'><strong>praefecti</strong></span> <span class='ocrx_word' id='word_1_214' title='bbox 565 1545 683 1589; x_wconf 79' lang='lat' dir='ltr'><strong>classis</strong></span> <span class='ocrx_word' id='word_1_215' title='bbox 719 1545 780 1577; x_wconf 92' lang='lat' dir='ltr'><strong>sub</strong></span> <span class='ocrx_word' id='word_1_216' title='bbox 810 1545 972 1578; x_wconf 77' lang='lat' dir='ltr'><strong>dictatore</strong></span> <span class='ocrx_word' id='word_1_217' title='bbox 1000 1543 1148 1576; x_wconf 80' lang='lat' dir='ltr'><strong>Caesare</strong></span> <span class='ocrx_word' id='word_1_218' title='bbox 1179 1541 1257 1575; x_wconf 85' lang='grc'><strong>248.</strong></span> <span class='ocrx_word' id='word_1_219' title='bbox 1306 1544 1468 1585; x_wconf 80' lang='lat' dir='ltr'><strong>praefecti</strong></span> <span class='ocrx_word' id='word_1_220' title='bbox 1499 1554 1561 1587; x_wconf 89' lang='lat' dir='ltr'><strong>pro</strong></span> <span class='ocrx_word' id='word_1_221' title='bbox 1585 1545 1703 1578; x_wconf 82' lang='lat' dir='ltr'><strong>IIviris</strong></span> 
     </span>
     <span class='ocr_line' id='line_1_26' title="bbox 243 1588 1378 1632; baseline 0 -1"><span class='ocrx_word' id='word_1_222' title='bbox 243 1596 320 1631; x_wconf 86' lang='lat'><strong>282.</strong></span> <span class='ocrx_word' id='word_1_223' title='bbox 371 1609 440 1631; x_wconf 90' lang='lat' dir='ltr'><strong>non</strong></span> <span class='ocrx_word' id='word_1_224' title='bbox 465 1600 684 1632; x_wconf 86' lang='lat' dir='ltr'><strong>nominantur</strong></span> <span class='ocrx_word' id='word_1_225' title='bbox 711 1598 812 1631; x_wconf 89' lang='lat' dir='ltr'><strong>IIviri</strong></span> <span class='ocrx_word' id='word_1_226' title='bbox 841 1596 918 1631; x_wconf 83' lang='lat'><strong>318.</strong></span> <span class='ocrx_word' id='word_1_227' title='bbox 1376 1588 1378 1590; x_wconf 35' lang='lat'>¹</span> 
     </span>
    </p>

    <p class='ocr_par' dir='ltr' id='par_1_13' title="bbox 150 1650 1704 1916">
     <span class='ocr_line' id='line_1_27' title="bbox 150 1650 1704 1696; baseline -0.001 -10"><span class='ocrx_word' id='word_1_228' title='bbox 150 1658 287 1696; x_wconf 84' lang='lat' dir='ltr'><strong>praetor</strong></span> <span class='ocrx_word' id='word_1_229' title='bbox 316 1653 517 1695; x_wconf 87' lang='lat' dir='ltr'><strong>peregrinus</strong></span> <span class='ocrx_word' id='word_1_230' title='bbox 551 1653 679 1685; x_wconf 91' lang='lat' dir='ltr'><strong>bellum</strong></span> <span class='ocrx_word' id='word_1_231' title='bbox 703 1657 882 1685; x_wconf 88' lang='lat' dir='ltr'><strong>externum</strong></span> <span class='ocrx_word' id='word_1_232' title='bbox 906 1652 994 1693; x_wconf 89' lang='lat' dir='ltr'><strong>gerit</strong></span> <span class='ocrx_word' id='word_1_233' title='bbox 1027 1650 1078 1684; x_wconf 85' lang='lat'><strong>10.</strong></span> <span class='ocrx_word' id='word_1_234' title='bbox 1129 1655 1286 1693; x_wconf 88' lang='lat' dir='ltr'><strong>praetura</strong></span> <span class='ocrx_word' id='word_1_235' title='bbox 1309 1651 1441 1684; x_wconf 87' lang='lat' dir='ltr'><strong>urbana</strong></span> <span class='ocrx_word' id='word_1_236' title='bbox 1467 1657 1502 1685; x_wconf 85' lang='lat' dir='ltr'><strong>et</strong></span> <span class='ocrx_word' id='word_1_237' title='bbox 1522 1653 1704 1695; x_wconf 86' lang='lat' dir='ltr'><strong>peregrina</strong></span> 
     </span>
     <span class='ocr_line' id='line_1_28' title="bbox 245 1706 1704 1749; baseline 0 -9"><span class='ocrx_word' id='word_1_238' title='bbox 245 1708 443 1741; x_wconf 87' lang='lat' dir='ltr'><strong>coniunctae</strong></span> <span class='ocrx_word' id='word_1_239' title='bbox 474 1706 524 1740; x_wconf 90' lang='grc'><strong>12.</strong></span> <span class='ocrx_word' id='word_1_240' title='bbox 570 1712 746 1749; x_wconf 86' lang='lat' dir='ltr'><strong>praetores</strong></span> <span class='ocrx_word' id='word_1_241' title='bbox 773 1707 909 1748; x_wconf 89' lang='lat' dir='ltr'><strong>quando</strong></span> <span class='ocrx_word' id='word_1_242' title='bbox 932 1706 1119 1748; x_wconf 83' lang='lat' dir='ltr'><strong>inceperint</strong></span> <span class='ocrx_word' id='word_1_243' title='bbox 1142 1710 1327 1747; x_wconf 83' lang='lat' dir='ltr'><strong>prorogato</strong></span> <span class='ocrx_word' id='word_1_244' title='bbox 1346 1706 1488 1748; x_wconf 86' lang='lat' dir='ltr'><strong>imperio</strong></span> <span class='ocrx_word' id='word_1_245' title='bbox 1510 1707 1704 1748; x_wconf 73' lang='lat' dir='ltr'><strong>provincias</strong></span> 
     </span>
     <span class='ocr_line' id='line_1_29' title="bbox 242 1760 1704 1804; baseline 0 -9"><span class='ocrx_word' id='word_1_246' title='bbox 242 1763 396 1795; x_wconf 90' lang='lat' dir='ltr'><strong>obtinere</strong></span> <span class='ocrx_word' id='word_1_247' title='bbox 426 1760 477 1795; x_wconf 90' lang='grc'><strong>16.</strong></span> <span class='ocrx_word' id='word_1_248' title='bbox 530 1767 706 1804; x_wconf 87' lang='lat' dir='ltr'><strong>praetores</strong></span> <span class='ocrx_word' id='word_1_249' title='bbox 734 1761 791 1803; x_wconf 91' lang='lat' dir='ltr'><strong>qui</strong></span> <span class='ocrx_word' id='word_1_250' title='bbox 818 1760 954 1803; x_wconf 80' lang='lat' dir='ltr'><strong>proprie</strong></span> <span class='ocrx_word' id='word_1_251' title='bbox 980 1770 1042 1803; x_wconf 93' lang='lat' dir='ltr'><strong>pro</strong></span> <span class='ocrx_word' id='word_1_252' title='bbox 1066 1765 1242 1802; x_wconf 87' lang='lat' dir='ltr'><strong>praetores</strong></span> <span class='ocrx_word' id='word_1_253' title='bbox 1272 1765 1369 1800; x_wconf 88' lang='lat' dir='ltr'><strong>sunt,</strong></span> <span class='ocrx_word' id='word_1_254' title='bbox 1397 1770 1467 1793; x_wconf 88' lang='lat' dir='ltr'><strong>non</strong></span> <span class='ocrx_word' id='word_1_255' title='bbox 1491 1762 1704 1804; x_wconf 79' lang='lat' dir='ltr'><strong>appellantur</strong></span> 
     </span>
     <span class='ocr_line' id='line_1_30' title="bbox 241 1812 1702 1858; baseline 0.001 -10"><span class='ocrx_word' id='word_1_256' title='bbox 241 1818 278 1849; x_wconf 91' lang='lat' dir='ltr'><strong>in</strong></span> <span class='ocrx_word' id='word_1_257' title='bbox 300 1816 447 1848; x_wconf 88' lang='lat' dir='ltr'><strong>nummis</strong></span> <span class='ocrx_word' id='word_1_258' title='bbox 473 1814 548 1848; x_wconf 81' lang='lat'><strong>182.</strong></span> <span class='ocrx_word' id='word_1_259' title='bbox 595 1820 770 1858; x_wconf 89' lang='lat' dir='ltr'><strong>praetores</strong></span> <span class='ocrx_word' id='word_1_260' title='bbox 795 1816 993 1856; x_wconf 86' lang='lat' dir='ltr'><strong>designatos</strong></span> <span class='ocrx_word' id='word_1_261' title='bbox 1021 1824 1163 1847; x_wconf 87' lang='lat' dir='ltr'><strong>munera</strong></span> <span class='ocrx_word' id='word_1_262' title='bbox 1189 1825 1251 1847; x_wconf 91' lang='lat' dir='ltr'><strong>sua</strong></span> <span class='ocrx_word' id='word_1_263' title='bbox 1273 1815 1385 1847; x_wconf 86' lang='lat' dir='ltr'><strong>sortiri</strong></span> <span class='ocrx_word' id='word_1_264' title='bbox 1419 1812 1492 1848; x_wconf 85' lang='grc'><strong>191.</strong></span> <span class='ocrx_word' id='word_1_265' title='bbox 1528 1821 1702 1858; x_wconf 75' lang='lat' dir='ltr'><strong>praetores</strong></span> 
     </span>
     <span class='ocr_line' id='line_1_31' title="bbox 229 1868 1636 1916; baseline -0.001 -14"><span class='ocrx_word' id='word_1_266' title='bbox 229 1871 323 1916; x_wconf 38' lang='lat' dir='ltr'><strong>&#39;anni</strong></span> <span class='ocrx_word' id='word_1_267' title='bbox 348 1869 392 1903; x_wconf 83' lang='grc'><strong>48</strong></span> <span class='ocrx_word' id='word_1_268' title='bbox 420 1881 449 1902; x_wconf 86' lang='lat' dir='ltr'><strong>a.</strong></span> <span class='ocrx_word' id='word_1_269' title='bbox 473 1869 553 1903; x_wconf 90' lang='lat' dir='ltr'><strong>Chr.</strong></span> <span class='ocrx_word' id='word_1_270' title='bbox 582 1868 660 1902; x_wconf 89' lang='grc'><strong>241.</strong></span> <span class='ocrx_word' id='word_1_271' title='bbox 704 1870 894 1911; x_wconf 83' lang='lat' dir='ltr'><strong>praetoriae</strong></span> <span class='ocrx_word' id='word_1_272' title='bbox 922 1868 1100 1911; x_wconf 88' lang='lat' dir='ltr'><strong>potestatis</strong></span> <span class='ocrx_word' id='word_1_273' title='bbox 1127 1873 1206 1900; x_wconf 84' lang='lat' dir='ltr'><strong>sunt</strong></span> <span class='ocrx_word' id='word_1_274' title='bbox 1229 1869 1334 1909; x_wconf 87' lang='lat' dir='ltr'><strong>legati</strong></span> <span class='ocrx_word' id='word_1_275' title='bbox 1359 1868 1533 1909; x_wconf 82' lang='lat' dir='ltr'><strong>legionum</strong></span> <span class='ocrx_word' id='word_1_276' title='bbox 1561 1869 1636 1903; x_wconf 83' lang='lat'><strong>111.</strong></span> 
     </span>
    </p>

    <p class='ocr_par' dir='ltr' id='par_1_14' title="bbox 152 1920 1370 1968">
     <span class='ocr_line' id='line_1_32' title="bbox 152 1920 1370 1968; baseline -0.002 -11"><span class='ocrx_word' id='word_1_277' title='bbox 152 1925 334 1968; x_wconf 90' lang='lat' dir='ltr'><strong>proconsul</strong></span> <span class='ocrx_word' id='word_1_278' title='bbox 358 1923 496 1957; x_wconf 76' lang='lat' dir='ltr'><strong>Africae</strong></span> <span class='ocrx_word' id='word_1_279' title='bbox 531 1934 593 1966; x_wconf 88' lang='lat' dir='ltr'><strong>per</strong></span> <span class='ocrx_word' id='word_1_280' title='bbox 626 1933 688 1956; x_wconf 86' lang='lat' dir='ltr'><strong>sex</strong></span> <span class='ocrx_word' id='word_1_281' title='bbox 724 1934 832 1956; x_wconf 87' lang='lat' dir='ltr'><strong>annos</strong></span> <span class='ocrx_word' id='word_1_282' title='bbox 863 1921 938 1957; x_wconf 87' lang='lat'><strong>137.</strong></span> <span class='ocrx_word' id='word_1_283' title='bbox 984 1933 1044 1965; x_wconf 88' lang='lat' dir='ltr'><strong>per</strong></span> <span class='ocrx_word' id='word_1_284' title='bbox 1070 1922 1255 1955; x_wconf 80' lang='lat' dir='ltr'><strong>triennium</strong></span> <span class='ocrx_word' id='word_1_285' title='bbox 1296 1920 1370 1954; x_wconf 80' lang='lat'><strong>139.</strong></span> 
     </span>
    </p>

    <p class='ocr_par' dir='ltr' id='par_1_15' title="bbox 152 1974 1331 2022">
     <span class='ocr_line' id='line_1_33' title="bbox 152 1974 1331 2022; baseline -0.003 -12"><span class='ocrx_word' id='word_1_286' title='bbox 152 1978 405 2022; x_wconf 87' lang='lat' dir='ltr'><strong>proconsularis</strong></span> <span class='ocrx_word' id='word_1_287' title='bbox 430 1978 674 2020; x_wconf 90' lang='lat' dir='ltr'><strong>imperatorum</strong></span> <span class='ocrx_word' id='word_1_288' title='bbox 697 1982 848 2020; x_wconf 67' lang='lat' dir='ltr'><strong>potestas</strong></span> <span class='ocrx_word' id='word_1_289' title='bbox 880 1977 1052 2018; x_wconf 88' lang='lat' dir='ltr'><strong>quomodo</strong></span> <span class='ocrx_word' id='word_1_290' title='bbox 1077 1981 1157 2008; x_wconf 90' lang='lat' dir='ltr'><strong>nata</strong></span> <span class='ocrx_word' id='word_1_291' title='bbox 1183 1977 1228 2008; x_wconf 90' lang='lat' dir='ltr'><strong>sit</strong></span> <span class='ocrx_word' id='word_1_292' title='bbox 1253 1974 1331 2008; x_wconf 88' lang='lat'><strong>202.</strong></span> 
     </span>
    </p>

    <p class='ocr_par' dir='ltr' id='par_1_16' title="bbox 151 2029 1704 2175">
     <span class='ocr_line' id='line_1_34' title="bbox 151 2029 1703 2076; baseline -0.002 -11"><span class='ocrx_word' id='word_1_293' title='bbox 151 2038 390 2076; x_wconf 84' lang='lat' dir='ltr'><strong>procuratores</strong></span> <span class='ocrx_word' id='word_1_294' title='bbox 424 2032 672 2074; x_wconf 73' lang='lat' dir='ltr'><strong>provinciarum</strong></span> <span class='ocrx_word' id='word_1_295' title='bbox 703 2036 825 2073; x_wconf 85' lang='lat' dir='ltr'><strong>parent</strong></span> <span class='ocrx_word' id='word_1_296' title='bbox 854 2031 977 2072; x_wconf 87' lang='lat' dir='ltr'><strong>legatis</strong></span> <span class='ocrx_word' id='word_1_297' title='bbox 1013 2030 1088 2064; x_wconf 89' lang='lat'><strong>105.</strong></span> <span class='ocrx_word' id='word_1_298' title='bbox 1137 2031 1271 2072; x_wconf 90' lang='lat' dir='ltr'><strong>quando</strong></span> <span class='ocrx_word' id='word_1_299' title='bbox 1302 2030 1338 2062; x_wconf 91' lang='lat' dir='ltr'><strong>in</strong></span> <span class='ocrx_word' id='word_1_300' title='bbox 1364 2030 1489 2062; x_wconf 83' lang='lat' dir='ltr'><strong>Raetia</strong></span> <span class='ocrx_word' id='word_1_301' title='bbox 1519 2033 1553 2061; x_wconf 83' lang='lat' dir='ltr'><strong>et</strong></span> <span class='ocrx_word' id='word_1_302' title='bbox 1578 2029 1703 2062; x_wconf 78' lang='lat' dir='ltr'><strong>Norico</strong></span> 
     </span>
     <span class='ocr_line' id='line_1_35' title="bbox 243 2083 1704 2127; baseline -0.001 -9"><span class='ocrx_word' id='word_1_303' title='bbox 243 2086 390 2119; x_wconf 85' lang='lat' dir='ltr'><strong>instituti</strong></span> <span class='ocrx_word' id='word_1_304' title='bbox 422 2085 497 2119; x_wconf 92' lang='grc'><strong>107.</strong></span> <span class='ocrx_word' id='word_1_305' title='bbox 545 2086 659 2119; x_wconf 81' lang='lat' dir='ltr'><strong>Norici</strong></span> <span class='ocrx_word' id='word_1_306' title='bbox 690 2083 764 2118; x_wconf 93' lang='grc'><strong>117.</strong></span> <span class='ocrx_word' id='word_1_307' title='bbox 814 2090 1071 2127; x_wconf 87' lang='lat' dir='ltr'><strong>procuratorum</strong></span> <span class='ocrx_word' id='word_1_308' title='bbox 1102 2085 1294 2126; x_wconf 76' lang='lat' dir='ltr'><strong>provinciae</strong></span> <span class='ocrx_word' id='word_1_309' title='bbox 1329 2085 1433 2125; x_wconf 90' lang='lat' dir='ltr'><strong>aliae,</strong></span> <span class='ocrx_word' id='word_1_310' title='bbox 1462 2084 1549 2117; x_wconf 84' lang='lat' dir='ltr'><strong>aliae</strong></span> <span class='ocrx_word' id='word_1_311' title='bbox 1575 2084 1704 2125; x_wconf 82' lang='lat' dir='ltr'><strong>legato-</strong></span> 
     </span>
     <span class='ocr_line' id='line_1_36' title="bbox 243 2138 429 2175; baseline 0.005 -2"><span class='ocrx_word' id='word_1_312' title='bbox 243 2151 319 2173; x_wconf 85' lang='lat' dir='ltr'><strong>rum</strong></span> <span class='ocrx_word' id='word_1_313' title='bbox 353 2138 429 2175; x_wconf 82' lang='lat'><strong>150.</strong></span> 
     </span>
    </p>

    <p class='ocr_par' dir='ltr' id='par_1_17' title="bbox 152 2190 1412 2239">
     <span class='ocr_line' id='line_1_37' title="bbox 152 2190 1412 2239; baseline -0.002 -11"><span class='ocrx_word' id='word_1_314' title='bbox 152 2196 420 2239; x_wconf 86' lang='lat' dir='ltr'><strong>proscriptorum</strong></span> <span class='ocrx_word' id='word_1_315' title='bbox 443 2195 544 2227; x_wconf 87' lang='lat' dir='ltr'><strong>liberi</strong></span> <span class='ocrx_word' id='word_1_316' title='bbox 569 2203 590 2226; x_wconf 87' lang='lat' dir='ltr'><strong>a</strong></span> <span class='ocrx_word' id='word_1_317' title='bbox 615 2192 713 2226; x_wconf 84' lang='lat' dir='ltr'><strong>Sulla</strong></span> <span class='ocrx_word' id='word_1_318' title='bbox 735 2193 926 2226; x_wconf 80' lang='lat' dir='ltr'><strong>honoribus</strong></span> <span class='ocrx_word' id='word_1_319' title='bbox 951 2192 1120 2226; x_wconf 87' lang='lat' dir='ltr'><strong>curulibus</strong></span> <span class='ocrx_word' id='word_1_320' title='bbox 1144 2194 1308 2236; x_wconf 85' lang='lat' dir='ltr'><strong>prohibiti</strong></span> <span class='ocrx_word' id='word_1_321' title='bbox 1334 2190 1412 2225; x_wconf 89' lang='lat'><strong>202.</strong></span> 
     </span>
    </p>

    <p class='ocr_par' dir='ltr' id='par_1_18' title="bbox 151 2242 1746 2940">
     <span class='ocr_line' id='line_1_38' title="bbox 151 2242 1705 2293; baseline -0.003 -12"><span class='ocrx_word' id='word_1_322' title='bbox 151 2249 333 2293; x_wconf 76' lang='lat' dir='ltr'><strong>provincia</strong></span> <span class='ocrx_word' id='word_1_323' title='bbox 361 2259 446 2291; x_wconf 88' lang='lat' dir='ltr'><strong>quae</strong></span> <span class='ocrx_word' id='word_1_324' title='bbox 473 2249 599 2281; x_wconf 88' lang='lat' dir='ltr'><strong>Latine</strong></span> <span class='ocrx_word' id='word_1_325' title='bbox 624 2248 812 2290; x_wconf 89' lang='lat' dir='ltr'><strong>appelletur</strong></span> <span class='ocrx_word' id='word_1_326' title='bbox 843 2249 874 2279; x_wconf 71' lang='grc'><strong>4.</strong></span> <span class='ocrx_word' id='word_1_327' title='bbox 925 2247 1174 2288; x_wconf 88' lang='lat' dir='ltr'><strong>provinciarum</strong></span> <span class='ocrx_word' id='word_1_328' title='bbox 1202 2248 1323 2279; x_wconf 89' lang='lat' dir='ltr'><strong>divisio</strong></span> <span class='ocrx_word' id='word_1_329' title='bbox 1354 2255 1444 2279; x_wconf 87' lang='lat' dir='ltr'><strong>anno</strong></span> <span class='ocrx_word' id='word_1_330' title='bbox 1476 2242 1540 2277; x_wconf 85' lang='lat'><strong>166</strong></span> <span class='ocrx_word' id='word_1_331' title='bbox 1565 2255 1597 2277; x_wconf 87' lang='lat' dir='ltr'><strong>a.</strong></span> <span class='ocrx_word' id='word_1_332' title='bbox 1623 2243 1705 2277; x_wconf 88' lang='lat' dir='ltr'><strong>Chr.</strong></span> 
     </span>
     <span class='ocr_line' id='line_1_39' title="bbox 244 2300 1705 2345; baseline -0.003 -9"><span class='ocrx_word' id='word_1_333' title='bbox 244 2302 276 2336; x_wconf 93' lang='grc'><strong>5.</strong></span> <span class='ocrx_word' id='word_1_334' title='bbox 333 2304 545 2345; x_wconf 87' lang='lat' dir='ltr'><strong>reliquorum</strong></span> <span class='ocrx_word' id='word_1_335' title='bbox 574 2303 732 2344; x_wconf 84' lang='lat' dir='ltr'><strong>deinceps</strong></span> <span class='ocrx_word' id='word_1_336' title='bbox 769 2311 936 2334; x_wconf 87' lang='lat' dir='ltr'><strong>annorum</strong></span> <span class='ocrx_word' id='word_1_337' title='bbox 968 2301 1089 2333; x_wconf 86' lang='lat' dir='ltr'><strong>divisio</strong></span> <span class='ocrx_word' id='word_1_338' title='bbox 1123 2300 1145 2333; x_wconf 90' lang='grc'><strong>6</strong></span> <span class='ocrx_word' id='word_1_339' title='bbox 1170 2312 1219 2343; x_wconf 81' lang='lat' dir='ltr'><strong>sq.</strong></span> <span class='ocrx_word' id='word_1_340' title='bbox 1280 2301 1424 2333; x_wconf 88' lang='lat' dir='ltr'><strong>obtineri</strong></span> <span class='ocrx_word' id='word_1_341' title='bbox 1462 2304 1578 2342; x_wconf 81' lang='lat' dir='ltr'><strong>potest</strong></span> <span class='ocrx_word' id='word_1_342' title='bbox 1611 2303 1705 2332; x_wconf 76' lang='lat' dir='ltr'><strong>anto·-</strong></span> 
     </span>
     <span class='ocr_line' id='line_1_40' title="bbox 246 2353 1746 2400; baseline -0.003 -10"><span class='ocrx_word' id='word_1_343' title='bbox 246 2368 347 2400; x_wconf 88' lang='lat' dir='ltr'><strong>quam</strong></span> <span class='ocrx_word' id='word_1_344' title='bbox 374 2359 449 2399; x_wconf 90' lang='lat' dir='ltr'><strong>quis</strong></span> <span class='ocrx_word' id='word_1_345' title='bbox 474 2357 586 2389; x_wconf 84' lang='lat' dir='ltr'><strong>Roma</strong></span> <span class='ocrx_word' id='word_1_346' title='bbox 610 2357 842 2399; x_wconf 86' lang='lat' dir='ltr'><strong>proficiscatur</strong></span> <span class='ocrx_word' id='word_1_347' title='bbox 865 2354 936 2389; x_wconf 59' lang='lat'><strong>59:</strong></span> <span class='ocrx_word' id='word_1_348' title='bbox 968 2355 1143 2397; x_wconf 86' lang='lat' dir='ltr'><strong>provincia</strong></span> <span class='ocrx_word' id='word_1_349' title='bbox 1173 2360 1251 2397; x_wconf 88' lang='lat' dir='ltr'><strong>post</strong></span> <span class='ocrx_word' id='word_1_350' title='bbox 1285 2355 1496 2387; x_wconf 87' lang='lat' dir='ltr'><strong>ornationem</strong></span> <span class='ocrx_word' id='word_1_351' title='bbox 1526 2353 1706 2396; x_wconf 77' lang='lat' dir='ltr'><strong>deponitur</strong></span> <span class='ocrx_word' id='word_1_352' title='bbox 1738 2367 1746 2372; x_wconf 92' lang='lat'><em>·</em></span> 
     </span>
     <span class='ocr_line' id='line_1_41' title="bbox 244 2407 1704 2454; baseline -0.003 -10"><span class='ocrx_word' id='word_1_353' title='bbox 244 2410 300 2445; x_wconf 89' lang='grc'><strong>60.</strong></span> <span class='ocrx_word' id='word_1_354' title='bbox 349 2412 560 2454; x_wconf 87' lang='lat' dir='ltr'><strong>provinciam</strong></span> <span class='ocrx_word' id='word_1_355' title='bbox 593 2412 798 2453; x_wconf 84' lang='lat' dir='ltr'><strong>desponsam</strong></span> <span class='ocrx_word' id='word_1_356' title='bbox 832 2410 933 2442; x_wconf 89' lang='lat' dir='ltr'><strong>alicui</strong></span> <span class='ocrx_word' id='word_1_357' title='bbox 968 2410 1117 2442; x_wconf 87' lang='lat' dir='ltr'><strong>adimere</strong></span> <span class='ocrx_word' id='word_1_358' title='bbox 1153 2407 1208 2442; x_wconf 87' lang='grc'><strong>63.</strong></span> <span class='ocrx_word' id='word_1_359' title='bbox 1259 2409 1468 2451; x_wconf 82' lang='lat' dir='ltr'><strong>provinciam</strong></span> <span class='ocrx_word' id='word_1_360' title='bbox 1501 2408 1606 2449; x_wconf 82' lang='lat' dir='ltr'><strong>regit,</strong></span> <span class='ocrx_word' id='word_1_361' title='bbox 1647 2407 1704 2448; x_wconf 84' lang='lat' dir='ltr'><strong>qui</strong></span> 
     </span>
     <span class='ocr_line' id='line_1_42' title="bbox 243 2462 1704 2507; baseline -0.003 -9"><span class='ocrx_word' id='word_1_362' title='bbox 243 2466 374 2498; x_wconf 88' lang='lat' dir='ltr'><strong>Romae</strong></span> <span class='ocrx_word' id='word_1_363' title='bbox 405 2470 558 2498; x_wconf 87' lang='lat' dir='ltr'><strong>versatur</strong></span> <span class='ocrx_word' id='word_1_364' title='bbox 589 2463 644 2498; x_wconf 86' lang='lat'><strong>65.</strong></span> <span class='ocrx_word' id='word_1_365' title='bbox 701 2465 952 2507; x_wconf 85' lang='lat' dir='ltr'><strong>provinciarum</strong></span> <span class='ocrx_word' id='word_1_366' title='bbox 987 2463 1316 2495; x_wconf 81' lang='lat' dir='ltr'><strong>administrationem</strong></span> <span class='ocrx_word' id='word_1_367' title='bbox 1354 2463 1475 2504; x_wconf 86' lang='lat' dir='ltr'><strong>quovis</strong></span> <span class='ocrx_word' id='word_1_368' title='bbox 1511 2462 1567 2494; x_wconf 84' lang='lat' dir='ltr'><strong>die</strong></span> <span class='ocrx_word' id='word_1_369' title='bbox 1602 2470 1704 2503; x_wconf 81' lang='lat' dir='ltr'><strong>posse</strong></span> 
     </span>
     <span class='ocr_line' id='line_1_43' title="bbox 245 2512 1703 2562; baseline -0.003 -11"><span class='ocrx_word' id='word_1_370' title='bbox 245 2520 346 2562; x_wconf 87' lang='lat' dir='ltr'><strong>incipi</strong></span> <span class='ocrx_word' id='word_1_371' title='bbox 379 2519 435 2552; x_wconf 75' lang='lat'><strong>82.</strong></span> <span class='ocrx_word' id='word_1_372' title='bbox 492 2530 578 2562; x_wconf 89' lang='lat' dir='ltr'><strong>quae</strong></span> <span class='ocrx_word' id='word_1_373' title='bbox 614 2519 809 2561; x_wconf 87' lang='lat' dir='ltr'><strong>provinciae</strong></span> <span class='ocrx_word' id='word_1_374' title='bbox 846 2517 989 2558; x_wconf 85' lang='lat' dir='ltr'><strong>singulis</strong></span> <span class='ocrx_word' id='word_1_375' title='bbox 1026 2517 1218 2558; x_wconf 85' lang='lat' dir='ltr'><strong>legionibus</strong></span> <span class='ocrx_word' id='word_1_376' title='bbox 1258 2517 1475 2549; x_wconf 87' lang='lat' dir='ltr'><strong>obtineantur</strong></span> <span class='ocrx_word' id='word_1_377' title='bbox 1515 2514 1589 2548; x_wconf 86' lang='lat'><strong>112.</strong></span> <span class='ocrx_word' id='word_1_378' title='bbox 1630 2512 1703 2549; x_wconf 82' lang='lat'><strong>113.</strong></span> 
     </span>
     <span class='ocr_line' id='line_1_44' title="bbox 244 2569 1704 2615; baseline -0.003 -9"><span class='ocrx_word' id='word_1_379' title='bbox 244 2575 466 2606; x_wconf 87' lang='lat' dir='ltr'><strong>aestimantur</strong></span> <span class='ocrx_word' id='word_1_380' title='bbox 488 2583 629 2606; x_wconf 85' lang='lat' dir='ltr'><strong>numero</strong></span> <span class='ocrx_word' id='word_1_381' title='bbox 653 2573 844 2615; x_wconf 75' lang='lat' dir='ltr'><strong>legionum,</strong></span> <span class='ocrx_word' id='word_1_382' title='bbox 870 2580 956 2612; x_wconf 87' lang='lat' dir='ltr'><strong>quas</strong></span> <span class='ocrx_word' id='word_1_383' title='bbox 981 2570 1109 2602; x_wconf 86' lang='lat' dir='ltr'><strong>habent</strong></span> <span class='ocrx_word' id='word_1_384' title='bbox 1135 2570 1210 2604; x_wconf 88' lang='grc'><strong>126.</strong></span> <span class='ocrx_word' id='word_1_385' title='bbox 1241 2570 1315 2605; x_wconf 85' lang='grc'><strong>133.</strong></span> <span class='ocrx_word' id='word_1_386' title='bbox 1365 2580 1489 2603; x_wconf 87' lang='lat' dir='ltr'><strong>nomen</strong></span> <span class='ocrx_word' id='word_1_387' title='bbox 1514 2569 1704 2611; x_wconf 83' lang='lat' dir='ltr'><strong>Provinciae</strong></span> 
     </span>
     <span class='ocr_line' id='line_1_45' title="bbox 244 2624 1705 2667; baseline -0.004 -6"><span class='ocrx_word' id='word_1_388' title='bbox 244 2628 299 2661; x_wconf 86' lang='lat' dir='ltr'><strong>vel</strong></span> <span class='ocrx_word' id='word_1_389' title='bbox 325 2629 460 2660; x_wconf 87' lang='lat' dir='ltr'><strong>additur</strong></span> <span class='ocrx_word' id='word_1_390' title='bbox 486 2629 542 2660; x_wconf 85' lang='lat' dir='ltr'><strong>vel</strong></span> <span class='ocrx_word' id='word_1_391' title='bbox 565 2627 731 2659; x_wconf 86' lang='lat' dir='ltr'><strong>omittitur</strong></span> <span class='ocrx_word' id='word_1_392' title='bbox 760 2624 836 2658; x_wconf 87' lang='grc'><strong>133.</strong></span> <span class='ocrx_word' id='word_1_393' title='bbox 886 2625 928 2657; x_wconf 87' lang='lat' dir='ltr'><strong>de</strong></span> <span class='ocrx_word' id='word_1_394' title='bbox 954 2625 1128 2666; x_wconf 84' lang='lat' dir='ltr'><strong>provincia</strong></span> <span class='ocrx_word' id='word_1_395' title='bbox 1154 2630 1337 2667; x_wconf 86' lang='lat' dir='ltr'><strong>antequam</strong></span> <span class='ocrx_word' id='word_1_396' title='bbox 1363 2634 1469 2656; x_wconf 85' lang='lat' dir='ltr'><strong>vacua</strong></span> <span class='ocrx_word' id='word_1_397' title='bbox 1493 2629 1560 2663; x_wconf 85' lang='lat' dir='ltr'><strong>est,</strong></span> <span class='ocrx_word' id='word_1_398' title='bbox 1592 2626 1705 2666; x_wconf 84' lang='lat' dir='ltr'><strong>potest</strong></span> 
     </span>
     <span class='ocr_line' id='line_1_46' title="bbox 245 2678 1704 2720; baseline -0.005 -5"><span class='ocrx_word' id='word_1_399' title='bbox 245 2683 347 2715; x_wconf 88' lang='lat' dir='ltr'><strong>statui</strong></span> <span class='ocrx_word' id='word_1_400' title='bbox 377 2680 451 2714; x_wconf 90' lang='lat'><strong>161.</strong></span> <span class='ocrx_word' id='word_1_401' title='bbox 497 2682 632 2714; x_wconf 86' lang='lat' dir='ltr'><strong>diversa</strong></span> <span class='ocrx_word' id='word_1_402' title='bbox 653 2686 705 2712; x_wconf 87' lang='lat' dir='ltr'><strong>est</strong></span> <span class='ocrx_word' id='word_1_403' title='bbox 730 2680 773 2712; x_wconf 88' lang='lat' dir='ltr'><strong>ab</strong></span> <span class='ocrx_word' id='word_1_404' title='bbox 797 2679 958 2719; x_wconf 84' lang='lat' dir='ltr'><strong>exercitu,</strong></span> <span class='ocrx_word' id='word_1_405' title='bbox 982 2679 1039 2720; x_wconf 90' lang='lat' dir='ltr'><strong>qui</strong></span> <span class='ocrx_word' id='word_1_406' title='bbox 1064 2679 1099 2713; x_wconf 87' lang='lat' dir='ltr'><strong>in</strong></span> <span class='ocrx_word' id='word_1_407' title='bbox 1126 2690 1167 2712; x_wconf 88' lang='lat' dir='ltr'><strong>ea</strong></span> <span class='ocrx_word' id='word_1_408' title='bbox 1192 2684 1244 2712; x_wconf 87' lang='lat' dir='ltr'><strong>est</strong></span> <span class='ocrx_word' id='word_1_409' title='bbox 1267 2678 1341 2712; x_wconf 89' lang='grc'><strong>174.</strong></span> <span class='ocrx_word' id='word_1_410' title='bbox 1390 2678 1581 2720; x_wconf 85' lang='lat' dir='ltr'><strong>provinciae</strong></span> <span class='ocrx_word' id='word_1_411' title='bbox 1607 2685 1704 2718; x_wconf 83' lang='lat' dir='ltr'><strong>prae-</strong></span> 
     </span>
     <span class='ocr_line' id='line_1_47' title="bbox 245 2728 1704 2775; baseline -0.006 -7"><span class='ocrx_word' id='word_1_412' title='bbox 245 2737 353 2770; x_wconf 86' lang='lat' dir='ltr'><strong>toriae</strong></span> <span class='ocrx_word' id='word_1_413' title='bbox 389 2737 433 2768; x_wconf 88' lang='lat' dir='ltr'><strong>ad</strong></span> <span class='ocrx_word' id='word_1_414' title='bbox 471 2735 668 2769; x_wconf 88' lang='lat' dir='ltr'><strong>consulares</strong></span> <span class='ocrx_word' id='word_1_415' title='bbox 705 2733 891 2767; x_wconf 86' lang='lat' dir='ltr'><strong>translatae</strong></span> <span class='ocrx_word' id='word_1_416' title='bbox 932 2730 1006 2765; x_wconf 86' lang='grc'><strong>182.</strong></span> <span class='ocrx_word' id='word_1_417' title='bbox 1057 2743 1126 2766; x_wconf 92' lang='lat' dir='ltr'><strong>non</strong></span> <span class='ocrx_word' id='word_1_418' title='bbox 1160 2734 1372 2775; x_wconf 84' lang='lat' dir='ltr'><strong>accipiebant</strong></span> <span class='ocrx_word' id='word_1_419' title='bbox 1403 2731 1611 2775; x_wconf 78' lang='lat' dir='ltr'><strong>provincias,</strong></span> <span class='ocrx_word' id='word_1_420' title='bbox 1647 2728 1704 2770; x_wconf 90' lang='lat' dir='ltr'><strong>qui</strong></span> 
     </span>
     <span class='ocr_line' id='line_1_48' title="bbox 245 2782 1703 2831; baseline -0.007 -7"><span class='ocrx_word' id='word_1_421' title='bbox 245 2791 357 2824; x_wconf 80' lang='lat' dir='ltr'><strong>allecti</strong></span> <span class='ocrx_word' id='word_1_422' title='bbox 390 2794 486 2822; x_wconf 85' lang='lat' dir='ltr'><strong>erant</strong></span> <span class='ocrx_word' id='word_1_423' title='bbox 512 2790 548 2821; x_wconf 92' lang='lat' dir='ltr'><strong>in</strong></span> <span class='ocrx_word' id='word_1_424' title='bbox 571 2790 759 2831; x_wconf 84' lang='lat' dir='ltr'><strong>praetorios</strong></span> <span class='ocrx_word' id='word_1_425' title='bbox 786 2787 864 2822; x_wconf 78' lang='grc'><strong>247.</strong></span> <span class='ocrx_word' id='word_1_426' title='bbox 917 2788 1110 2831; x_wconf 87' lang='lat' dir='ltr'><strong>provinciae</strong></span> <span class='ocrx_word' id='word_1_427' title='bbox 1139 2789 1329 2820; x_wconf 84' lang='lat' dir='ltr'><strong>senatoriae</strong></span> <span class='ocrx_word' id='word_1_428' title='bbox 1357 2796 1460 2828; x_wconf 84' lang='lat' dir='ltr'><strong>saepe</strong></span> <span class='ocrx_word' id='word_1_429' title='bbox 1488 2785 1577 2827; x_wconf 91' lang='lat' dir='ltr'><strong>apud</strong></span> <span class='ocrx_word' id='word_1_430' title='bbox 1605 2782 1703 2815; x_wconf 86' lang='lat' dir='ltr'><strong>Taci-</strong></span> 
     </span>
     <span class='ocr_line' id='line_1_49' title="bbox 246 2840 1703 2885; baseline -0.005 -8"><span class='ocrx_word' id='word_1_431' title='bbox 246 2850 318 2877; x_wconf 86' lang='lat' dir='ltr'><strong>tum</strong></span> <span class='ocrx_word' id='word_1_432' title='bbox 341 2847 657 2883; x_wconf 86' lang='lat' dir='ltr'><strong>commemorantur,</strong></span> <span class='ocrx_word' id='word_1_433' title='bbox 682 2842 920 2885; x_wconf 88' lang='lat' dir='ltr'><strong>imperatoriae</strong></span> <span class='ocrx_word' id='word_1_434' title='bbox 945 2851 1112 2883; x_wconf 89' lang='lat' dir='ltr'><strong>nusquam</strong></span> <span class='ocrx_word' id='word_1_435' title='bbox 1136 2840 1214 2875; x_wconf 88' lang='grc'><strong>305.</strong></span> <span class='ocrx_word' id='word_1_436' title='bbox 1262 2841 1297 2873; x_wconf 92' lang='lat' dir='ltr'><strong>in</strong></span> <span class='ocrx_word' id='word_1_437' title='bbox 1320 2840 1502 2883; x_wconf 82' lang='lat' dir='ltr'><strong>provinciis</strong></span> <span class='ocrx_word' id='word_1_438' title='bbox 1521 2846 1703 2881; x_wconf 84' lang='lat' dir='ltr'><strong>proconsu-</strong></span> 
     </span>
     <span class='ocr_line' id='line_1_50' title="bbox 244 2893 1120 2940; baseline -0.001 -10"><span class='ocrx_word' id='word_1_439' title='bbox 244 2898 315 2930; x_wconf 90' lang='lat' dir='ltr'><strong>lum</strong></span> <span class='ocrx_word' id='word_1_440' title='bbox 342 2904 376 2931; x_wconf 87' lang='lat' dir='ltr'><strong>et</strong></span> <span class='ocrx_word' id='word_1_441' title='bbox 403 2899 594 2940; x_wconf 87' lang='lat' dir='ltr'><strong>legatorum</strong></span> <span class='ocrx_word' id='word_1_442' title='bbox 621 2903 772 2940; x_wconf 87' lang='lat' dir='ltr'><strong>potestas</strong></span> <span class='ocrx_word' id='word_1_443' title='bbox 801 2901 1014 2939; x_wconf 84' lang='lat' dir='ltr'><strong>comparatur</strong></span> <span class='ocrx_word' id='word_1_444' title='bbox 1043 2893 1120 2929; x_wconf 90' lang='lat'><strong>306.</strong></span> 
     </span>
    </p>
   </div>
  </div>
 </body>
</html>
