1846 3100
183 149 266 192 314
594 153 648 184 De
675 153 808 194 legibus
833 153 1093 195 municipalibus
1118 153 1326 196 Hispanieis.

180 267 373 316 poterant
401 262 484 305 alia
510 262 603 305 dari
617 294 628 312 ‚
666 261 800 304 veluti
830 260 899 302 ius
926 260 1136 303 honorum
1149 293 1159 311 ‚
1200 271 1248 304 ut
1275 263 1319 304 in
1347 269 1540 306 senatum
1571 263 1729 306 Roma-

180 348 284 375 num
313 334 535 389 pervenire
562 333 707 389 ibique
736 333 919 374 honores
942 334 1144 389 consequi
1167 334 1328 385 liceret,
1355 335 1473 377 velut
1488 336 1730 392 vectigalia,

181 406 448 461 cognomina,
481 406 564 448 alia
589 406 735 449 multa.
781 404 850 447 Ac
870 405 970 447 talia
988 421 1083 448 esse
1103 407 1203 449 data
1225 406 1278 449 ab
1295 407 1564 464 Vespasiano
1585 415 1729 451 osten-

181 478 244 519 dit
274 478 516 534 exemplum
553 478 698 520 Arvae
733 478 779 519 in
815 478 1003 520 Baetica.
1067 477 1178 521 Nam
1208 479 1252 520 id
1284 479 1420 522 fuisse
1450 480 1731 536 municipium

181 557 277 593 ante
302 550 619 606 Vespasianum
646 550 801 592 docent
828 550 991 592 nummi
1022 551 1138 606 apud
1167 551 1349 593 Eckhel.
1376 551 1434 594 D.
1461 551 1515 594 N.
1542 551 1566 594 I
1593 567 1635 609 p.
1666 552 1730 603 14,

182 623 259 666 sed
300 630 441 666 tamen
479 630 654 665 auctum
693 622 836 678 aliqua
875 622 1036 665 ratione
1073 622 1126 665 ab
1159 623 1423 680 Vespasiano
1450 624 1730 680 intelligimus

181 711 234 738 ex
265 696 519 752 cognomine
551 695 712 745 Flavii,
746 694 862 750 quod
891 695 1190 751 inscriptiones
1218 695 1422 739 exhibent
1450 697 1567 754 apud
1595 695 1731 740 Orell.

181 785 223 810 n.
258 768 350 818 164,
383 767 511 811 Grut.
542 783 582 823 p.
609 767 703 817 476,
740 769 776 817 1,
808 767 927 809 Maff.
958 767 1076 810 Mus.
1106 768 1208 810 Ver.
1238 783 1281 824 p.
1310 768 1404 820 422,
1435 769 1459 811 3
1488 776 1530 811 et
1556 768 1657 819 423,
1695 770 1731 811 1.

180 840 242 884 At
271 841 441 898 oppidis
471 839 706 895 antiquitus
739 839 904 881 Latinis
935 840 1040 895 quid
1074 841 1234 882 factum
1270 847 1358 891 est,
1398 856 1496 883 cum
1533 839 1731 883 omnibus

182 914 391 970 Hispanis
415 913 625 955 Latinitas
653 912 987 954 concederetur?
1032 912 1084 954 Id
1110 912 1154 954 in
1175 913 1387 969 Hispania
1407 913 1582 968 quidem
1605 913 1732 956 certis

182 986 381 1043 vestigiis
415 985 613 1042 persequi
641 1000 726 1026 non
752 984 872 1034 licet,
906 984 980 1026 sed
1008 984 1107 1026 olim
1136 984 1180 1026 in
1210 993 1435 1027 comment.
1463 985 1682 1042 epigraph.
1710 985 1733 1027 I

181 1074 223 1115 p.
250 1059 345 1108 41‘2,
373 1074 471 1101 cum
491 1058 657 1100 Galliae
677 1056 968 1099 Narbonensis
997 1057 1185 1099 colonias
1209 1057 1262 1099 ab
1281 1057 1503 1100 Hadriano
1525 1057 1733 1100 deductas

183 1132 511 1188 explicaremus,
543 1130 756 1186 quoniam,
787 1145 896 1185 quae
927 1145 951 1171 a
977 1129 1118 1171 Plinio
1146 1129 1303 1171 Latina
1330 1130 1490 1186 oppida
1515 1130 1734 1187 appellan-

181 1212 274 1255 tur,
317 1219 367 1246 ea
402 1210 571 1260 praeter
608 1217 742 1244 unum
781 1203 923 1244 omnia
962 1218 986 1244 a
1025 1203 1270 1244 Ptolemaeo
1308 1202 1494 1245 colonias
1529 1202 1734 1259 appellari

184 1275 454 1327 videbamus,
484 1276 545 1318 sic
573 1275 848 1325 coniecimus,
880 1275 934 1317 ad
964 1274 1010 1316 id
1037 1275 1292 1331 exemplum,
1323 1289 1408 1330 quo
1440 1274 1734 1331 Vespasianus

181 1349 435 1406 Hispaniae,
464 1348 737 1391 Hadrianum
752 1347 1022 1390 Narbonensi
1048 1347 1294 1404 provinciae
1318 1348 1542 1389 universae
1561 1345 1736 1390 Latium

183 1421 356 1464 dedisse
386 1422 599 1477 simulque
631 1437 727 1471 eos,
770 1421 844 1476 qui
880 1421 1115 1476 antiquitus
1142 1419 1287 1461 Latini
1316 1419 1507 1468 fuerant,
1545 1433 1599 1460 ne
1630 1418 1735 1461 nihil

181 1494 432 1551 impetrasse
459 1494 722 1544 viderentur,
754 1493 1016 1536 coloniarum
1045 1492 1138 1534 iure
1168 1491 1366 1534 donasse.
1427 1489 1576 1533 Simile
1602 1490 1736 1547 igitur

183 1567 348 1622 aliquid
378 1567 422 1608 in
454 1567 668 1624 Hispania
698 1574 801 1609 tuno
829 1567 991 1608 factum
1017 1580 1111 1607 esse
1143 1578 1319 1613 censeo,
1360 1562 1437 1606 sed
1467 1577 1553 1605 non
1583 1570 1633 1604 ut
1662 1577 1734 1605 co-

180 1640 321 1682 loniae
354 1640 506 1682 fierent
539 1654 593 1682 ex
621 1639 792 1696 oppidis
822 1637 1016 1687 Latinis,
1057 1637 1134 1680 sed
1163 1644 1212 1678 ut
1241 1635 1411 1678 civitate
1438 1635 1629 1678 Romana
1657 1634 1735 1677 do-

183 1720 283 1755 nata
309 1712 378 1754 ius
405 1727 645 1767 nomenque
675 1710 1006 1766 municipiorum
1035 1710 1291 1766 acciperent.
1335 1707 1449 1750 Nam
1473 1707 1735 1750 coloniarum

187 1784 520 1840 Hispanicarum
557 1791 726 1840 praeter
761 1798 854 1832 eas,
897 1797 1004 1837 quae
1034 1781 1088 1824 ab
1118 1781 1259 1823 Plinio
1287 1780 1580 1830 nominantur,
1618 1779 1736 1822 nulla

187 1872 319 1913 prope
350 1856 398 1898 fit
427 1857 604 1906 mentio,
644 1869 860 1913 unamque
896 1854 1089 1897 Italicam
1119 1853 1308 1896 coloniae
1336 1852 1404 1894 ius
1433 1851 1487 1894 ab
1513 1851 1736 1894 Hadriano

187 1930 404 1987 accepisse
442 1929 664 1986 probabile
703 1936 780 1970 est.
846 1929 906 1969 At
937 1926 1266 1983 municipiorum
1295 1922 1559 1967 incredibilis
1597 1930 1663 1966 est
1691 1923 1737 1965 in

187 2001 410 2057 Hispaniis
437 2002 690 2052 multitudo,
719 2015 901 2056 quorum
933 2000 1152 2043 historiam
1185 1998 1263 2040 etsi
1293 1996 1494 2053 persequi
1523 2011 1608 2038 non
1636 2010 1736 2052 pos-

188 2089 352 2124 sumus,
379 2074 482 2130 quia
511 2089 605 2115 raro
634 2079 1020 2116 commemorantur
1046 2086 1095 2113 ac
1124 2086 1177 2113 ne
1207 2067 1535 2130 cognominibus
1561 2068 1736 2123 quidem

188 2147 398 2203 originem
434 2146 725 2189 indicantibus
765 2146 1114 2201 distinguuntur,
1155 2157 1354 2196 magnam
1393 2147 1534 2184 tamen
1571 2147 1736 2197 partem

187 2220 267 2262 hoc
297 2228 499 2276 tempore,
528 2219 693 2274 reliqua
717 2218 933 2274 deinceps,
964 2232 1062 2259 cum
1093 2216 1368 2271 imperatores
1400 2213 1633 2270 Hispanias
1658 2228 1736 2256 no-

189 2292 254 2334 vis
286 2291 506 2334 beneficiis
531 2298 736 2333 ornarunt
760 2290 1023 2346 propiusque
1052 2288 1105 2331 ad
1136 2287 1281 2330 Italiae
1313 2286 1564 2339 dignitatem
1591 2285 1737 2330 admo.-

189 2372 364 2413 verunt,
405 2372 498 2405 orta
532 2378 627 2405 esse
661 2377 828 2404 censeo.
889 2361 1018 2412 Nam,
1063 2361 1099 2403 si
1127 2360 1181 2404 ab
1211 2358 1360 2402 Sicilia
1390 2359 1589 2408 recedas,
1627 2372 1736 2413 quae

187 2451 322 2492 prope
350 2451 428 2492 pro
456 2443 576 2492 parte
604 2436 752 2478 Italiae
784 2434 928 2477 habita
958 2441 1046 2483 est,
1091 2434 1209 2476 nulla
1237 2433 1318 2475 fuit
1346 2431 1586 2488 provincia,
1628 2443 1736 2484 quae

189 2515 275 2551 tam
306 2508 499 2550 celeriter
522 2507 567 2549 in
594 2507 662 2550 ius
695 2522 744 2550 ac
772 2521 912 2548 mores
938 2506 1085 2548 Italiae
1121 2505 1336 2547 transierit
1371 2518 1499 2559 quam
1527 2497 1739 2557 Hispania

188 2580 319 2636 idque
352 2581 420 2622 vel
448 2580 548 2622 inde
580 2580 878 2628 conficiamus,
922 2578 1040 2634 quod
1077 2578 1213 2633 prima
1248 2584 1489 2619 exterarum
1519 2573 1738 2616 nationum

188 2653 486 2708 imperatorem
526 2652 620 2694 orbi
655 2652 848 2694 Romano
888 2649 1020 2692 dedit.
1089 2647 1177 2691 Sed
1219 2663 1272 2690 ne
1313 2648 1387 2690 illa
1422 2646 1597 2702 quidem
1627 2658 1737 2700 quae

190 2725 341 2767 Flavia
371 2724 639 2781 appellantur
663 2723 894 2778 municipia
920 2721 1111 2764 indicare
1145 2721 1245 2763 satis
1267 2720 1381 2770 lieet,
1410 2717 1567 2774 quibus
1593 2715 1737 2772 digni-

190 2797 288 2840 tatis
319 2797 527 2852 gradibus
559 2812 608 2838 eo
631 2795 916 2852 pervenerint,
948 2802 995 2836 ut
1024 2793 1077 2836 ab
1102 2792 1369 2849 Vespasiano
1397 2791 1466 2833 vel
1490 2788 1737 2831 Domitiano

192 2870 409 2912 civitatem
439 2869 675 2910 Romanam
702 2867 1053 2923 adipiscerentur.
1110 2865 1281 2907 Etenim
1300 2878 1434 2905 unum
1455 2860 1737 2917 municipium
