1846 3100
571 159 626 193 De
652 158 769 193 Gallia
795 160 1031 194 Romanorum
1064 160 1248 202 provincia.
1629 158 1681 202 49

132 270 377 328 Cisalpina,
417 285 470 313 ex
504 270 640 327 ipsius
679 271 741 313 rei
782 276 934 312 natura
968 283 1021 311 ne
1055 275 1152 325 post
1183 268 1348 312 Sullam
1378 269 1554 325 quidem
1590 269 1683 312 eius

131 344 340 387 rationem
379 349 584 385 mutatam
629 358 723 385 esse
770 342 1006 399 poterimus
1047 341 1262 397 colligere.
1326 341 1511 384 Accedit
1551 338 1683 391 aliud,

92 441 95 443 ·
132 415 249 472 quod
282 415 394 458 inter
424 414 611 458 Galliam
643 415 752 458 hanc
783 413 1072 471 Cisalpinam,
1114 428 1224 470 quae
1261 420 1456 469 putatur,
1494 419 1536 455 et
1574 413 1686 455 inter

135 488 321 544 reliquas
355 487 502 544 populi
531 487 711 542 Romani
738 501 848 543 quae
878 501 978 529 vere
1012 486 1189 528 fuerunt
1214 485 1456 542 provincias
1484 500 1685 541 magnam

135 560 350 616 quandam
380 559 670 602 diversitatem
698 559 833 601 fuisse
861 558 1085 615 significet.
1140 558 1314 600 Etenim
1343 557 1555 614 reliquas,
1599 573 1686 600 non

136 631 264 674 modo
296 647 450 688 parvas
491 639 617 687 atque
645 631 853 682 inermes,
891 646 1041 674 verum
1069 630 1196 672 etiam
1225 644 1403 686 magnas
1431 645 1481 673 ac
1515 630 1685 686 populis

136 703 352 747 bellicosis
378 704 556 754 vicinas,
583 703 814 759 aliquando
838 703 892 746 ab
922 703 975 744 iis
1004 702 1322 744 administratas
1349 717 1444 745 esse
1473 703 1686 754 videmus,

135 775 210 831 qui
245 783 462 832 praetores
499 782 664 818 tantum
693 775 899 826 fuissent,
943 790 1029 817 non
1067 774 1278 817 consules.
1341 774 1452 817 Nam
1489 783 1538 816 ut
1564 775 1609 817 in
1637 790 1687 817 eo

137 847 340 904 temporis
370 847 529 904 spatio,
571 847 624 890 de
655 862 741 904 quo
778 848 973 904 agimus,
1017 847 1328 897 consistamus,
1371 846 1687 898 Macedoniam,

138 919 262 961 cuius
277 919 485 976 plurimos
504 928 692 963 rectores
711 919 924 969 novimus,
941 934 994 961 ex
1010 926 1211 975 praetura
1228 918 1410 960 obtinuit
1428 919 1480 961 L.
1494 918 1688 962 Rubrius

141 989 365 1034 Culleolus
403 989 661 1050 (Comment.
703 991 924 1048 epigraph.
954 991 1053 1034 Vol.
1082 991 1127 1034 II
1156 1006 1198 1047 p.
1234 990 1356 1043 184),
1394 988 1446 1034 C.
1476 990 1689 1034 Octavius

139 1063 270 1120 (ibid.
314 1079 357 1120 p.
403 1064 532 1119 194),
590 1064 644 1105 L.
687 1063 930 1121 Appuleius
983 1061 1243 1106 Saturninus
1297 1063 1428 1120 (ibid.
1475 1079 1518 1120 p.
1567 1064 1688 1118 194),

142 1134 198 1189 Ω.
236 1135 482 1179 Ancharius
526 1136 651 1193 (ibid.
690 1151 731 1192 p.
760 1135 888 1192 201),
935 1135 1130 1178 Africam
1158 1135 1211 1177 L.
1240 1136 1435 1179 Licinius
1474 1135 1689 1178 Lucullus

141 1206 258 1262 (Cic.
297 1208 436 1250 Acad.
470 1208 537 1258 ΙΙ,
576 1208 641 1263 1),
681 1207 736 1250 L.
779 1206 961 1263 Sergius
999 1205 1186 1250 Catilina
1227 1205 1341 1263 (Cic.
1388 1223 1430 1264 p.
1474 1206 1590 1250 Cael.
1629 1208 1688 1263 4),

141 1279 197 1333 Ω.
213 1280 444 1337 Pompeius
461 1279 605 1322 Rufus
637 1277 750 1336 (Cic.
769 1294 812 1335 p.
831 1278 949 1322 Cael.
967 1279 1054 1336 30),
1085 1279 1137 1320 T.
1155 1278 1327 1322 Vettius
1347 1279 1488 1322 Iudex
1517 1280 1690 1336 aliique,

141 1366 325 1407 quorum
354 1352 527 1395 nomina
555 1352 830 1408 ignoramus3
868 1351 1074 1408 perpauci
1114 1352 1226 1394 enim
1255 1353 1324 1395 vel
1352 1367 1477 1395 nemo
1508 1367 1562 1395 ex
1590 1367 1692 1395 con-

143 1424 285 1466 sulatu
323 1424 434 1466 hanc
470 1424 736 1482 provinciam
771 1424 946 1466 sortitus
980 1431 1058 1466 est.
1123 1424 1379 1480 Hispaniam
1416 1433 1559 1468 autem
1590 1426 1693 1468 cite-

142 1497 299 1539 riorem
324 1497 518 1553 proxime
545 1504 642 1539 ante
669 1494 751 1539 Cn.
781 1496 1038 1552 Pompeium
1069 1512 1122 1539 ex
1151 1505 1352 1554 praetura
1381 1499 1493 1540 rexit
1519 1497 1574 1552 Ω.
1608 1496 1693 1540 Ca-

141 1568 271 1611 lidius
298 1567 412 1624 (Cic.
443 1584 486 1625 p.
515 1569 666 1612 Planc.
698 1568 786 1624 29),
814 1575 907 1610 tum
933 1567 996 1610 M.
1029 1569 1199 1625 Pupius
1226 1570 1344 1620 Piso,
1382 1570 1433 1612 P.
1465 1568 1693 1614 Cornelius

143 1640 356 1683 Lentulus
389 1639 594 1698 Spinther
620 1655 730 1683 anno
760 1640 813 1682 59
847 1638 995 1695 (Caes.
1025 1639 1125 1683 bell.
1154 1642 1237 1684 civ.
1261 1642 1297 1692 I,
1329 1641 1416 1697 22),
1447 1643 1695 1685 ulteriorem

146 1713 364 1755 Antistius
391 1713 462 1756 ille
482 1713 634 1764 Vetus,
667 1713 791 1756 cuius
813 1719 1014 1768 quaestor
1039 1713 1122 1755 fuit
1137 1711 1188 1757 C.
1206 1713 1345 1756 Iulius
1365 1711 1528 1756 Caesar
1556 1714 1695 1770 (Plut.

146 1782 272 1828 Caes.
302 1786 362 1840 5),
393 1783 444 1828 C.
476 1783 717 1828 Cosconius
744 1783 857 1842 (Cic.
884 1785 929 1827 in
957 1785 1057 1828 Vat.
1088 1786 1149 1841 5),
1179 1785 1273 1842 ipse
1303 1783 1354 1827 C.
1382 1783 1557 1837 Caesar,
1590 1783 1693 1829 Sex.

147 1856 408 1911 Quinctilius
439 1851 610 1907 Varus,
650 1856 735 1899 alii.
807 1856 1050 1900 Sardiniam
1085 1864 1128 1899 et
1164 1855 1358 1900 Siciliam
1394 1864 1494 1913 post
1529 1855 1696 1900 Sullam

146 1929 248 1984 quia
275 1929 567 1986 quietissimae
601 1936 743 1980 erant,
786 1944 932 1979 nemo,
975 1929 1049 1985 qui
1091 1930 1318 1972 consulatu
1358 1930 1531 1972 functus
1568 1935 1695 1980 esset,

147 2001 332 2058 accepit,
371 2016 452 2044 nec
494 2001 632 2058 magis
668 2001 843 2051 Asiam,
888 2001 924 2044 si
962 2001 1016 2043 L.
1051 2001 1289 2045 Lucullum
1327 2008 1369 2045 et
1400 2001 1480 2043 M.'
1507 2001 1697 2044 Acilium

150 2072 429 2117 Glabrionem
469 2073 672 2130 excipias.
730 2071 928 2116 Ciliciam
966 2088 1019 2115 ex
1046 2080 1248 2130 praetura
1282 2074 1418 2117 tenuit
1449 2071 1531 2116 Cn.
1560 2073 1696 2116 Dola-

148 2145 273 2197 bella,
303 2147 357 2188 de
389 2160 474 2202 quo
506 2145 710 2196 diximus,
741 2144 1003 2201 Bithyniam,
1041 2153 1269 2202 postquam
1301 2145 1554 2188 Mithridate
1582 2146 1696 2188 victo

150 2225 300 2275 pacata
333 2224 420 2268 est,
457 2215 508 2260 C.
537 2217 740 2274 Papirius
773 2214 938 2268 Carbo,
978 2216 1029 2260 C.
1059 2217 1293 2261 Memmius
1330 2218 1575 2269 Gemellus,
1613 2218 1697 2260 alii.

151 2291 221 2333 De
250 2289 521 2333 Narbonensi
547 2289 733 2346 denique
753 2288 895 2332 Gallia
923 2289 1036 2332 infra
1061 2290 1233 2347 saepius
1262 2289 1592 2347 disputabimus.
1638 2291 1699 2333 At

152 2362 319 2407 Galliae
334 2360 580 2418 Cisalpinae
606 2377 704 2405 cum
725 2361 871 2404 nullus
898 2362 1070 2404 omnino
1087 2377 1276 2419 praeses,
1306 2362 1410 2418 quin
1431 2363 1699 2406 consulatum

153 2435 350 2492 gesserit,
377 2440 743 2483 commemoretur,
767 2447 907 2489 neque
933 2448 984 2476 ea
1011 2441 1085 2476 aut
1114 2433 1325 2476 eiusmodi
1349 2432 1479 2476 fuerit
1506 2432 1551 2474 in
1583 2439 1700 2475 tanta

154 2507 273 2550 urbis
303 2505 632 2563 propinquitate,
661 2512 710 2547 ut
738 2505 813 2561 qui
842 2505 952 2549 bene
980 2521 1074 2548 eam
1101 2506 1228 2548 etiam
1251 2519 1303 2548 ex
1332 2511 1534 2561 praetura
1562 2503 1699 2546 admi-

154 2579 399 2628 nistrasset,
430 2578 561 2621 latere
587 2586 757 2634 posset,
800 2586 874 2621 aut
902 2584 990 2620 tam
1017 2577 1144 2634 plena
1171 2591 1382 2620 armorum
1417 2590 1468 2619 ac
1496 2575 1618 2627 belli,
1651 2582 1700 2619 ut

155 2650 238 2693 nisi
267 2665 292 2692 a
320 2650 534 2693 consulari
561 2650 654 2692 viro
685 2657 727 2693 et
763 2664 921 2707 magno
955 2664 1055 2693 cum
1091 2650 1282 2692 exercitu
1316 2648 1410 2704 regi
1447 2662 1533 2690 non
1571 2661 1700 2703 posse

156 2723 388 2774 videretur,
419 2722 641 2774 efficietur,
678 2729 727 2764 ut
754 2723 880 2765 etiam
907 2731 1003 2778 post
1034 2720 1199 2765 Sullam
1234 2720 1449 2763 diversam
1478 2719 1700 2776 regiminis

156 2795 370 2838 rationem
398 2794 597 2837 habuerit
629 2809 680 2837 ac
703 2794 893 2850 reliquae
919 2795 1177 2851 provinciae.
1233 2794 1358 2848 Quae
1386 2807 1484 2835 cum
1517 2792 1576 2834 ita
1604 2792 1701 2841 sint,

158 2867 285 2910 etiam
305 2867 509 2923 deinceps
533 2865 639 2909 alter
659 2866 899 2917 consulum,
925 2867 1000 2923 qui
1012 2866 1178 2910 Italiam
1202 2864 1464 2922 provinciam
1486 2863 1703 2907 sortiendo

1408 2936 1433 2979 4
