1846 3100
0 1669 2 1678 -
0 1595 5 1653 “’-’
0 1438 10 1587 *s-v'vrvm
0 1376 9 1430 “v
0 1133 14 1369 oum-amfra-
0 1110 10 1126 ’ω
12 1076 13 1079 Α

486 114 542 146 De
570 112 684 146 Gallia
707 114 940 146 Romanorum
967 113 1142 156 provincia
1168 113 1351 156 appendix.
1614 113 1692 156 167

143 223 338 280 Pompeii
366 223 619 279 aequitatem
649 221 852 277 intelligi,
891 220 966 263 sed
1000 218 1203 263 Curionis
1232 221 1391 264 tribuni
1422 222 1580 278 plebis,
1619 224 1692 279 qui

145 294 346 339 Caesaris
377 311 550 338 causam
582 283 805 343 tuebatur,
847 308 932 334 non
963 293 1150 349 perspici
1178 294 1375 348 querelas,
1403 309 1484 336 nec
1516 309 1592 337 cur
1621 295 1692 337 ille

145 368 322 411 alterum
351 367 547 424 Pompeii
574 366 842 409 consulatum
873 365 1088 422 exagitare
1117 365 1307 416 dicatur3
1339 366 1420 409 hoc
1439 368 1550 409 enim
1573 368 1694 410 addit

145 439 333 484 Caelius.
378 441 438 483 At
463 453 668 496 quaerere
695 438 816 480 illum
847 438 903 480 ait
935 437 1174 479 discordias
1194 437 1442 494 Pompeius,
1470 440 1577 482 nihil
1597 456 1691 483 esse

143 513 259 568 quod
299 514 411 556 iuste
457 518 750 559 succenseret,
797 518 1018 566 propterea
1059 509 1173 564 quod
1213 509 1306 566 ipse
1347 512 1463 566 quod
1507 528 1691 568 aequum

145 592 280 636 esset,
326 591 528 628 servaret.
585 582 847 639 Exagitandi
886 597 987 624 vero
1022 581 1217 638 Pompeii
1256 598 1428 625 causam
1465 585 1692 628 maximam

144 672 222 700 nos
252 657 427 713 quidem
454 656 712 699 invenimus.
765 655 875 697 Nam
893 653 1098 710 Pompeio
1127 654 1222 710 ipso
1252 656 1509 699 assentiente
1533 657 1691 699 tribuni

143 730 282 786 plebis
318 745 429 772 anno
457 730 511 772 52
554 727 699 783 (Caes.
735 727 833 770 bell.
864 727 944 769 civ.
974 728 1018 777 Ι,
1057 728 1129 783 232)
1170 728 1374 777 tulerant,
1416 736 1463 770 ut
1492 728 1691 772 Caesaris

144 802 333 844 absentis
360 810 402 844 et
428 801 691 858 provinciam
715 799 936 842 retinentis
967 801 1010 842 in
1043 801 1267 844 consulatu
1298 800 1396 842 anni
1425 801 1477 843 48
1506 802 1691 857 petendo

144 874 250 916 ratio
287 873 517 917 haberetur
555 888 733 928 eamque
762 872 816 914 ob
842 888 931 914 rem
958 873 1029 915 ille
1057 888 1195 929 usque
1230 873 1284 915 ad
1313 873 1483 916 comitia
1513 875 1609 916 anni
1639 875 1691 917 49

145 962 200 989 ne
230 954 524 989 revocaretur:
563 953 722 1001 quanta
746 945 881 1001 igitur
912 953 1001 988 erat
1031 946 1122 988 eius
1152 946 1457 996 inconstantia,
1498 947 1572 1002 qui
1607 948 1692 989 iam

145 1019 270 1062 cuius
299 1018 515 1061 tribuendi
544 1019 636 1074 ipse
665 1024 814 1060 auctor
840 1006 1008 1068 fuisset,
1035 1018 1080 1059 id
1109 1019 1318 1075 eriperet?
1359 1018 1490 1061 Unde
1521 1019 1694 1074 copiosa

144 1091 340 1148 Pompeii
366 1090 604 1134 insectandi
631 1090 829 1132 materies
859 1090 968 1131 sumi
995 1098 1174 1146 poterat,
1201 1090 1411 1147 imprimis
1430 1106 1482 1132 ex
1504 1092 1694 1133 secundo

96 1176 98 1178 ·
145 1164 390 1214 consulatu,
429 1163 472 1205 in
512 1177 597 1218 quo
632 1162 703 1204 ille
735 1162 1094 1218 amplissimarum
1133 1163 1449 1219 provinciarum
1480 1163 1693 1219 accipien-

145 1236 298 1278 darum
336 1251 466 1279 causa
502 1235 687 1292 plurima
722 1235 931 1276 violenter
968 1236 1139 1276 fecerat.
1193 1236 1255 1277 At
1279 1235 1555 1277 Hofmannus
1595 1251 1693 1278 cum

144 1309 228 1351 nisi
260 1308 314 1351 de
345 1316 557 1364 tempore,
576 1338 579 1340 -
598 1306 714 1361 quod
747 1306 844 1361 lege
871 1305 1017 1348 datum
1047 1314 1156 1356 erat,
1193 1307 1356 1363 aliquid
1387 1308 1599 1350 ademisse
1627 1308 1694 1350 di-

147 1388 280 1432 catur,
310 1381 469 1423 nullam
495 1379 688 1434 Pompeii
714 1379 985 1434 vituperandi
1013 1394 1182 1422 causam
1208 1380 1343 1422 fuisse
1367 1387 1489 1436 putet
1515 1395 1693 1436 eamque

146 1454 201 1496 ob
229 1469 318 1496 rem
341 1452 516 1495 Caesari
542 1451 694 1493 Idibus
713 1450 823 1492 Nov.
848 1451 944 1492 anni
966 1451 1019 1493 50
1049 1451 1162 1493 diem
1191 1452 1306 1494 exire
1331 1452 1523 1508 potuisse
1551 1460 1693 1509 neget,

145 1541 279 1568 unum
316 1525 500 1581 relinqui
537 1525 614 1574 ait,
651 1531 699 1565 ut
735 1523 960 1580 imperium
998 1524 1110 1566 ultra
1150 1540 1248 1565 eum
1285 1523 1398 1566 diem
1428 1525 1693 1580 pertinuerit.

145 1598 435 1642 Veruntamen
465 1612 550 1653 quo
580 1597 664 1638 iam
692 1596 779 1638 abit
808 1597 881 1639 illa
911 1596 1124 1651 aequitas,
1158 1611 1244 1651 qua
1272 1596 1505 1652 Pompeius
1538 1598 1693 1654 gloria-

145 1670 300 1713 batur?
353 1670 443 1723 Qui
483 1670 518 1711 si
557 1669 611 1710 de
653 1683 703 1710 eo
735 1675 946 1724 tempore,
988 1667 1105 1723 quod
1133 1683 1212 1710 sua
1238 1668 1331 1724 ipse
1359 1668 1455 1725 lege
1485 1685 1510 1710 a
1535 1669 1694 1725 populo

147 1743 342 1786 Romano
372 1742 563 1784 dandum
592 1748 836 1790 curaverat,
873 1740 1035 1796 aliquid
1066 1740 1252 1782 adimere
1283 1740 1515 1790 voluisset,
1553 1755 1694 1782 nonne

147 1830 314 1858 summa
350 1814 504 1856 fuisset
539 1828 625 1855 non
662 1813 790 1855 modo
831 1813 1075 1870 iniquitate,
1120 1812 1196 1854 sed
1236 1811 1437 1868 superbia
1472 1827 1522 1854 ac
1561 1827 1694 1868 prope

146 1886 339 1929 insania?

264 1959 469 2001 Nascitur
494 1958 607 2000 enim
641 1958 723 2000 hoc
747 1958 839 2000 loco
872 1958 978 2000 haec
1003 1956 1198 2012 quaestio
1225 1955 1419 1997 maxima.
1466 1955 1694 1998 Faciamus

146 2032 373 2089 imperium
405 2029 582 2073 Caesari
621 2045 758 2086 usque
797 2030 852 2071 ad
879 2028 1094 2072 Calendas
1126 2029 1303 2070 Martias
1333 2027 1431 2069 anni
1463 2027 1515 2069 49
1547 2028 1695 2070 datum

147 2104 303 2146 fuisse:
349 2119 454 2145 num
483 2102 576 2145 fieri
607 2102 765 2158 potuit,
807 2108 853 2143 ut
884 2108 1056 2144 senatus
1086 2101 1404 2156 Pompeiusque
1434 2100 1479 2141 id
1513 2101 1551 2142 ei
1581 2100 1694 2143 Idib.

148 2176 258 2218 Nov.
296 2175 396 2218 anni
415 2176 477 2217 50
513 2175 675 2231 eripere
705 2174 891 2216 vellent?
941 2173 1073 2216 Redit
1104 2173 1217 2214 enim
1244 2179 1333 2214 tota
1363 2187 1433 2214 res
1460 2172 1551 2222 illo,
1591 2189 1695 2215 num

149 2247 316 2290 senatui
345 2262 395 2290 ea
424 2262 533 2303 quae
560 2247 744 2303 populus
774 2247 983 2296 iusserat,
1018 2243 1329 2301 reprehendere
1358 2243 1551 2294 licuerit3
1596 2260 1694 2287 nam

150 2319 204 2361 ad
229 2319 436 2375 populum
463 2319 517 2361 de
538 2319 670 2361 altero
690 2317 889 2361 Caesaris
915 2316 1206 2372 quinquennio
1231 2316 1364 2358 latum
1392 2322 1494 2364 erat,
1521 2323 1693 2358 senatus

149 2398 292 2433 autem
310 2391 428 2433 solus
447 2390 501 2432 de
521 2405 770 2433 successore
789 2390 826 2432 ei
843 2389 1050 2431 mittendo
1067 2389 1270 2431 decrevit.
1308 2389 1400 2431 Iam
1416 2388 1462 2429 id
1481 2403 1605 2430 nemo
1620 2389 1694 2444 qui

149 2462 408 2518 reipublicae
422 2462 640 2504 Romanae
669 2475 783 2503 more
811 2461 963 2502 leviter
987 2460 1178 2503 imbutus
1196 2461 1288 2511 erit,
1319 2460 1453 2502 dicet:
1487 2466 1695 2502 everteret

126 2535 263 2579 -enim
283 2533 437 2576 omnia.
481 2533 567 2575 Tot
586 2535 693 2576 latae
717 2540 818 2575 sunt
840 2533 959 2589 leges
984 2534 1246 2589 perniciosae
1264 2532 1317 2575 ab
1336 2532 1520 2574 tribunis
1541 2531 1693 2587 plebis,

149 2621 330 2662 quarum
367 2605 651 2648 tollendarum
691 2620 857 2647 summa
893 2606 1126 2662 cupiditate
1166 2612 1338 2648 senatus
1367 2605 1591 2659 flagraret,
1634 2609 1696 2644 tot

150 2694 220 2720 res
260 2676 396 2734 plebis
437 2693 566 2733 opera
603 2685 887 2734 perrogarunt
924 2677 1133 2728 Gracchi,
1181 2677 1459 2725 Saturninus,
1503 2675 1694 2726 Drusus,

152 2749 348 2792 Clodius.
413 2749 574 2791 Earum
614 2765 719 2791 num
754 2765 943 2806 unquam
983 2752 1143 2794 factum
1185 2756 1270 2799 est,
1313 2757 1362 2790 ut
1398 2747 1487 2790 ulla
1521 2753 1693 2789 senatus

153 2821 348 2864 consulto
380 2820 600 2863 tolleretur
632 2821 702 2864 vel
737 2829 785 2863 ut
816 2830 962 2865 contra
986 2822 1115 2865 ullam
1146 2819 1474 2863 decerneretur?
1534 2817 1695 2862 Contra
