1846 3100
547 142 601 174 De
627 142 801 174 dictatoris
830 140 988 173 Caesaris
1016 141 1211 173 honoribus.
1570 138 1650 181 239

106 251 312 293 referunt.
356 250 444 292 Dio
461 249 635 298 XLIII,
654 249 705 291 45
732 247 848 303 quod
875 248 930 289 de
958 248 1168 290 dictatura
1192 254 1316 299 tacet,
1344 264 1441 291 cum
1466 249 1652 304 reliquos

107 323 292 365 honores
322 330 520 365 accurate
546 328 778 369 recenseat,
806 319 937 362 miror
955 335 1070 369 sane,
1101 320 1176 362 sed
1198 321 1380 363 arbitror
1399 336 1510 371 eum,
1539 321 1653 376 quod

107 395 394 451 perpetuitate
441 394 547 436 nihil
584 393 805 450 potestatis
840 392 895 433 ad
933 393 1186 441 dictaturam
1226 393 1457 435 adderetur
1498 393 1654 435 decen-

109 467 304 522 nalisque
337 467 381 508 in
410 464 608 509 Caesaris
642 464 863 521 praecipiti
894 472 1027 506 morte
1058 465 1296 515 sufficeret,
1327 465 1425 507 ideo
1454 466 1653 508 tacuisse.

107 539 196 582 Res
223 539 320 594 ipsa
344 553 422 594 per
446 554 492 580 se
521 545 633 580 certe
665 537 766 580 satis
796 536 1029 592 probabilis
1059 545 1136 587 est,
1166 552 1264 579 cum
1289 538 1426 594 prima
1446 538 1655 580 dictatura

109 619 151 653 et
181 610 288 654 alter
317 610 580 659 consulatus,
615 617 705 651 tum
735 609 867 651 altera
897 609 1110 651 dictatura
1139 618 1180 651 et
1211 610 1362 652 tertius
1393 611 1653 660 consulatus,

109 692 200 726 tum
239 683 364 725 tertia
401 682 613 725 dictatura
651 689 692 724 et
728 690 905 737 quartus
943 682 1191 723 consulatus
1227 682 1286 724 ita
1324 682 1362 724 ei
1403 683 1488 724 sint
1529 683 1656 724 simul

110 755 294 804 decreti,
328 763 376 796 ut
408 754 618 796 dictatura
649 755 814 804 statim,
853 753 1100 795 consulatus
1130 754 1334 810 proximis
1361 754 1459 797 Kal.
1486 755 1655 796 Ianuar.

110 829 179 870 vel
202 827 396 884 proximo
410 841 520 868 anno
538 827 730 875 iniretur,
757 826 872 876 item,
905 840 1004 867 cum
1026 826 1271 868 consulatus
1291 827 1335 867 in
1356 827 1504 869 decem
1523 841 1655 869 annos

110 900 149 942 ei
175 900 362 949 daretur,
394 899 519 941 simul
552 899 698 941 datum
729 913 822 939 esse
854 897 1028 952 aliquid,
1058 898 1174 952 quod
1197 899 1251 940 ad
1274 899 1421 940 decem
1449 915 1655 941 annorum

111 973 378 1021 dictaturam,
410 986 535 1026 quam
562 971 645 1012 iam
675 969 870 1019 habebat,
899 970 1152 1011 adiiceretur
1177 986 1256 1012 nec
1285 980 1505 1027 supererat
1534 973 1576 1013 in
1607 987 1656 1014 eo

111 1059 269 1100 genere
302 1044 530 1099 quicquam
563 1050 730 1099 praeter
759 1029 1099 1099 perpetuitatem.

223 1115 384 1159 Caesar
412 1116 546 1172 igitur
573 1131 699 1171 quam
728 1123 980 1171 perpetuam
1014 1115 1265 1156 dictaturam
1298 1115 1551 1167 obtinuerit,
1590 1117 1657 1158 in-

111 1189 366 1231 telleximus.
446 1188 679 1242 Magistros
726 1195 866 1229 autem
913 1188 1104 1242 equitum
1151 1187 1295 1242 plures
1342 1187 1655 1244 designaverat,

112 1262 325 1317 siquidem
350 1261 580 1303 multorum
607 1259 863 1315 cupiditates
893 1259 1128 1315 explendae
1159 1268 1278 1301 erant
1306 1275 1384 1302 nec
1415 1275 1542 1315 quam
1567 1261 1658 1316 ipse

112 1334 358 1376 diuturnam
396 1339 648 1389 potestatem
689 1332 894 1381 habebat,
934 1339 1064 1374 totam
1092 1347 1191 1374 cum
1221 1332 1313 1374 aliis
1345 1333 1658 1374 communicare

112 1405 296 1448 volebat.
352 1406 583 1461 Perperam
612 1411 754 1446 autem
783 1403 836 1444 de
867 1403 920 1445 iis
948 1403 1078 1446 tradit
1104 1404 1330 1460 Appianus
1361 1404 1457 1446 bell.
1490 1405 1570 1447 civ.
1599 1405 1658 1454 II,

116 1479 217 1521 107:
259 1479 434 1522 ὑπάτους
461 1477 502 1521 ἐς
529 1479 572 1518 τὸ
604 1477 752 1531 μέλλον
786 1475 834 1531 (i.
853 1491 888 1518 e.
917 1491 1012 1517 ann.
1032 1475 1104 1532 44)
1133 1476 1339 1531 ἀπέφηνεν
1371 1477 1490 1517 αὐτόν
1521 1493 1564 1517 τε
1591 1478 1658 1518 καὶ

107 1550 339 1600 Ἀντώνιον,
367 1550 433 1590 τὸν
463 1549 665 1603 ’ἵππαρχον
695 1549 859 1597 ἑαυτοῦ,
888 1549 1048 1603 Λεπίδῳ
1076 1548 1295 1602 προςτάὲας
1328 1549 1540 1603 ἱππαρχεῖν
1574 1549 1658 1590 ἀντὶ

112 1625 183 1664 τοῦ
214 1622 449 1671 Ἀντωνίου,
495 1620 659 1675 ἄρχοντι
698 1621 768 1674 μὲν
802 1619 1000 1675 Ἰβηρίας,
1039 1617 1327 1675 ἡγεμονεύοντὶ
1366 1621 1400 1661 δ’
1437 1621 1561 1675 αὐτῆς
1594 1620 1659 1661 διὰ

112 1697 190 1735 τῶν
227 1694 370 1749 φίλων.
430 1691 559 1734 Unde
589 1691 705 1746 quod
736 1691 919 1748 Pighius
954 1691 1105 1733 Annal.
1133 1692 1202 1734 III
1241 1708 1280 1748 p.
1311 1691 1390 1735 462
1427 1692 1489 1733 Μ.
1519 1692 1658 1734 Anto-

113 1765 231 1807 nium
260 1765 445 1821 primum
477 1764 728 1820 magistrum
760 1763 973 1819 equitum,
1004 1772 1094 1805 tum
1121 1764 1164 1806 in
1193 1765 1285 1807 eius
1315 1765 1455 1806 locum
1486 1765 1545 1806 M.
1572 1764 1659 1806 Le-

114 1837 266 1893 pidum
298 1837 456 1879 factum
490 1851 584 1878 esse
615 1836 794 1892 colligit,
826 1843 992 1892 pugnat
1021 1843 1163 1891 aperte
1193 1852 1276 1878 non
1309 1837 1434 1878 modo
1467 1851 1561 1878 cum
1593 1837 1659 1878 his

114 1909 258 1959 fastis,
303 1909 348 1950 in
377 1907 536 1964 quibus
567 1908 628 1950 M.
659 1907 851 1963 Lepidus
883 1905 1057 1949 Caesari
1090 1907 1286 1949 dictatori
1317 1908 1568 1964 adiungitur
1597 1909 1659 1950 M.

114 1981 304 2024 Antonio
341 1995 427 2022 non
462 1981 704 2030 nominato,
746 1994 897 2021 verum
935 1979 1059 2021 etiam
1097 1995 1196 2022 cum
1232 1979 1465 2030 Cicerone,
1507 1981 1579 2036 qui
1617 1981 1660 2022 in

120 2053 355 2109 Philippica
381 2053 514 2095 altera
543 2053 709 2094 nullum
737 2052 916 2094 alterum
946 2051 1122 2092 Antonii
1150 2053 1443 2108 magisterium
1477 2067 1661 2094 comme-

117 2132 278 2175 morat3
324 2141 421 2167 nam
461 2141 570 2180 quae
607 2140 642 2167 c.
672 2125 724 2167 30
769 2131 868 2165 sunt
898 2126 971 2175 qm·
999 2127 1194 2177 magister
1222 2129 1403 2177 equitum
1418 2127 1560 2178 fuisse
1589 2125 1664 2165 tibi

115 2200 307 2246 viderere,
337 2198 452 2252 quod
470 2205 567 2239 ante
586 2197 900 2253 expeditionem
919 2194 1117 2238 Caesaris
1138 2197 1468 2252 Hispaniensem
1486 2212 1661 2239 narran-

116 2277 199 2320 tur,
228 2269 283 2310 ad
312 2269 486 2311 alteram
513 2269 768 2311 dictaturam
797 2268 1022 2324 pertinent.
1067 2268 1239 2310 Erravit
1260 2269 1395 2323 igitur
1417 2269 1508 2310 sine
1531 2268 1662 2310 dubio

116 2341 342 2397 Appianus
381 2342 424 2382 in
460 2341 522 2386 M.
553 2341 755 2383 Antonio.
825 2340 893 2381 De
933 2339 1173 2382 Octaviano
1216 2348 1356 2381 autem
1401 2356 1498 2382 cum
1541 2341 1662 2383 fastis

118 2412 317 2468 congruit
346 2413 433 2455 Dio
456 2413 630 2463 XLIII,
657 2413 729 2455 51:
775 2412 854 2453 Καὶ
884 2411 1032 2466 ἔμελλε
1060 2411 1260 2467 (Καῖσαρ)
1288 2414 1354 2453 καὶ
1383 2413 1504 2456 αὐτὸς
1534 2413 1661 2453 ὃικτά·

117 2499 198 2538 τωρ
231 2485 271 2524 ἐν
305 2485 554 2540 ἀμφοτέροις
583 2486 719 2530 αὐτοῖς
749 2484 795 2539 (i.
823 2499 859 2526 e.
888 2499 998 2525 anno
1025 2483 1076 2526 44
1097 2491 1139 2526 et
1156 2484 1222 2533 43,
1254 2498 1435 2538 quorum
1465 2483 1661 2525 consules

117 2554 381 2611 designarat)
410 2556 555 2611 ἄρξειν.
595 2558 687 2602 τούς
713 2573 755 2598 τε
784 2558 1111 2611 ἱππαρχήσοντας
1137 2555 1220 2611 (sic
1238 2556 1350 2597 enim
1370 2555 1662 2597 Leunclavius

116 2635 230 2669 recte
260 2627 476 2681 emendat)
518 2628 641 2669 ἄλλον
680 2628 765 2668 τινὰ
803 2629 869 2668 καὶ
903 2630 968 2669 τὸν
998 2626 1235 2668 Ὀκταούϊον
1274 2627 1417 2682 καίπερ
1456 2629 1661 2682 μειράκιον

120 2699 177 2740 ἔτι
207 2701 274 2740 καὶ
302 2699 392 2740 τότε
421 2699 530 2751 ὄντα,
561 2700 870 2755 προεχειρίσατο
900 2725 955 2731 —
987 2701 1052 2740 καὶ
1083 2703 1140 2754 τῷ
1170 2699 1332 2754 Λεπίδῳ
1361 2700 1430 2752 τήν
1463 2715 1505 2739 τε
1533 2698 1662 2739 Γαλα-

119 2771 203 2811 τίαν
241 2771 310 2825 τὴν
345 2773 436 2825 περὶ
473 2770 677 2827 Νάρβωνα
713 2773 779 2812 καὶ
816 2772 885 2825 τὴν
916 2771 1090 2826 Ἰβηρίαν
1127 2771 1196 2824 τὴν
1228 2769 1515 2824 πλησιόχωρον
1548 2785 1662 2824 προς·

121 2842 243 2887 τάξας
283 2842 354 2883 δύο
401 2843 483 2883 ἀντ’
531 2843 655 2884 αὐτοῦ
701 2843 884 2898 ἑτέρους,
937 2844 1017 2897 ἰδίᾳ
1056 2857 1101 2895 γε
1142 2842 1357 2896 ἑκάτερον,
1411 2843 1663 2898 ἱππαρχῆσαι
