1846 3100
199 145 253 188 66
636 146 691 179 De
719 144 832 178 Gallia
858 145 1091 177 Romanorum
1122 145 1304 187 provincia.

201 254 450 298 consulibus
479 253 723 311 provincias
754 254 1106 304 mz'uz'minegoti13
1141 254 1188 293 id
1214 259 1272 293 est
1291 255 1414 295 silvas
1442 257 1643 308 callesque
1671 253 1747 296 de-

201 328 348 371 crevit.
406 326 480 370 Sic
507 327 668 383 legitur
701 325 817 382 apud
851 324 1105 367 Suetonium
1139 321 1263 366 Caes.
1292 340 1328 367 c.
1366 325 1429 375 19,
1465 326 1589 368 cuius
1617 325 1749 368 verba

200 401 393 443 nondum
421 415 678 456 quemquam
701 398 791 441 vidi
820 398 1114 452 interpretum,
1144 397 1217 452 qui
1245 403 1359 440 reete
1391 397 1461 440 vel
1489 399 1560 448 ita,
1590 405 1639 440 ut
1667 397 1748 440 sibi

200 473 361 515 nedum
391 473 484 514 aliis
523 471 809 520 satisfaceret,
853 469 1096 525 explicarit,
1136 483 1321 524 quorum
1355 467 1674 512 emendationes
1707 475 1750 511 et

202 546 467 589 coniecturas
485 544 677 587 omittere
696 549 894 599 praestat.
924 541 1015 583 Nec
1030 541 1210 597 Lipsius
1232 541 1287 583 ad
1304 540 1406 584 Tac.
1425 541 1581 584 Annal.
1599 541 1678 592 IV,
1695 541 1748 584 27

201 626 276 661 aut
292 617 535 666 Ernestius,
564 617 637 671 qui
667 616 789 657 illum
821 613 1048 671 supplevit,
1080 613 1299 670 vulgatam
1328 613 1554 656 lectionem
1581 621 1750 655 tuentes

201 705 442 747 magnaque
488 703 584 731 cum
623 688 863 730 eruditione
902 686 1171 743 disputantes
1216 686 1445 741 quicquam
1486 693 1750 742 repererunt,

200 778 287 819 quo
314 777 502 817 unquam
543 761 715 803 easdem
757 759 935 801 aliorum
970 758 1195 801 consulum
1225 758 1469 814 provincias
1508 758 1643 800 fuisse
1673 758 1750 799 de-

201 840 499 877 monstrarent.
555 832 644 875 Nos
673 832 869 888 quidem,
906 831 979 886 qui
1010 846 1089 887 per
1129 832 1227 887 plus
1264 846 1391 886 quam
1420 837 1590 873 centum
1618 845 1750 873 annos

203 907 428 949 consulum
460 905 705 962 provincias
741 904 971 960 diligenter
1001 903 1217 959 persecuti
1249 903 1407 954 simus,
1446 903 1749 953 intelleximus,

202 980 375 1036 opinor,
418 993 635 1033 nunquam
677 992 748 1019 eas
792 976 928 1018 fuisse
971 976 1177 1026 tantulae,
1220 983 1268 1017 ut
1311 975 1431 1017 silvis
1471 974 1750 1030 callibusque,

201 1059 558 1109 quantaecunque
581 1057 726 1091 essent
748 1049 894 1098 silvae,
919 1048 1259 1098 continerentur3
1290 1063 1388 1090 nam
1419 1047 1547 1089 ealles
1577 1047 1752 1103 quidem

202 1139 282 1166 nec
312 1123 427 1180 apud
449 1122 702 1164 Suetonium
729 1136 808 1163 nec
838 1120 954 1176 apud
969 1120 1166 1162 Tacitum
1191 1121 1293 1162 ferri
1324 1128 1397 1163 aut
1415 1120 1630 1175 quomodo
1649 1134 1751 1162 con-

204 1196 309 1239 sulis
341 1195 606 1252 provinciam
633 1193 802 1235 efficere
824 1192 1056 1249 potuerint,
1087 1193 1272 1249 perspici
1291 1199 1445 1249 potest.
1484 1191 1632 1246 Quare
1654 1206 1750 1234 eum

202 1268 498 1311 emendatione
526 1267 674 1320 utique
705 1265 914 1307 utendum
946 1264 1022 1315 sit,
1051 1280 1127 1321 pro
1156 1279 1206 1307 eo
1237 1264 1353 1320 quod
1381 1279 1496 1306 nune
1522 1264 1683 1320 legitur
1709 1265 1755 1305 id

202 1348 262 1382 est
288 1343 415 1382 silvae
445 1342 644 1392 callesque
672 1341 999 1388 decernerentur,
1030 1337 1305 1380 scribendum
1336 1351 1431 1379 esse
1460 1338 1684 1379 censemus
1710 1337 1756 1377 id

201 1420 262 1454 est
287 1415 410 1454 ltalia
445 1415 666 1464 Galliaque
694 1413 989 1452 decerneretur.
1050 1410 1200 1465 Neque
1238 1410 1291 1451 de
1325 1410 1563 1451 litterarum
1603 1406 1752 1449 simili-

203 1484 353 1527 tudine
392 1498 442 1526 ac
489 1483 742 1526 confusione
781 1482 1011 1524 dicendum
1050 1497 1144 1524 esse
1185 1481 1463 1530 arbitramur,
1516 1494 1626 1535 quae
1664 1486 1750 1521 tam

202 1572 337 1614 parva
367 1564 445 1607 est,
477 1563 522 1598 ut
550 1555 766 1611 quomodo
794 1555 1011 1611 corruptio
1042 1554 1116 1596 illa
1134 1553 1406 1595 librariOrum
1435 1551 1604 1594 inscitia
1633 1550 1752 1593 nasci

201 1630 410 1686 potuerit,
457 1628 656 1670 facillime
694 1635 910 1684 appareat.
983 1625 1072 1668 Sed
1115 1626 1222 1667 duas
1261 1626 1339 1667 has
1376 1640 1445 1666 res
1487 1623 1752 1674 docebimus,

202 1702 388 1758 primum
403 1700 566 1742 minimi
581 1700 676 1742 illas
695 1699 937 1756 provincias
957 1698 1093 1740 fuisse
1113 1697 1272 1754 negotii
1294 1697 1579 1751 iniuriamque
1595 1695 1751 1738 factam

203 1788 299 1816 esse
332 1771 530 1823 Caesari,
572 1787 658 1828 qua
699 1778 937 1814 commotus
971 1770 1280 1826 rempublicam
1319 1766 1571 1826 perturbare
1601 1767 1751 1824 eoepit,

203 1854 295 1888 tum
323 1845 429 1902 quid
458 1851 632 1888 senatus
661 1844 972 1900 optimatesque
1005 1842 1141 1884 secuti
1175 1842 1279 1892 sint,
1315 1848 1387 1892 ut,
1418 1841 1522 1882 dum
1554 1837 1752 1883 Caesaris

203 1918 435 1974 potentiam
463 1915 782 1973 angustissimis
809 1915 970 1958 finibus
999 1921 1218 1964 coercent,
1260 1913 1448 1956 iustitiae
1480 1920 1620 1955 tamen
1652 1926 1749 1968 spe-

205 1990 312 2031 ciem
346 2004 516 2032 servare
547 1989 808 2031 viderentur.
879 1987 1086 2030 Decrevit
1122 1986 1256 2042 igitur
1293 1993 1464 2028 senatus
1500 1983 1751 2039 consulibus

202 2061 370 2103 Italiam
402 2060 671 2116 Galliamque
701 2060 729 2101 i.
757 2075 792 2102 e.
819 2067 868 2101 ut
897 2059 1022 2102 ambo
1051 2059 1219 2101 Italiam
1247 2073 1344 2100 cum
1374 2056 1516 2100 Gallia
1533 2053 1754 2111 Cisalpina

204 2133 472 2175 coniunctam
490 2132 697 2175 haberent
711 2147 888 2187 eamque
904 2131 1181 2188 provinciam,
1199 2138 1327 2186 prout
1343 2136 1415 2171 aut
1433 2128 1535 2172 sorti
1553 2135 1626 2170 aut
1645 2127 1751 2183 ipsis

203 2204 458 2260 placuisset,
507 2205 779 2260 partirentur.
859 2203 1050 2246 Easdem
1101 2202 1198 2244 olim
1243 2202 1488 2259 provincias
1535 2214 1647 2242 anno
1695 2199 1750 2242 72

204 2276 441 2318 habuerant
471 2276 524 2318 L.
559 2275 728 2318 Gellius
766 2283 806 2318 et
837 2273 917 2317 Cn.
947 2275 1185 2324 Lentulus,
1227 2289 1326 2316 cum
1361 2280 1450 2315 tota
1481 2272 1605 2315 Italia
1639 2271 1752 2314 bello

205 2348 488 2404 fugitivorum
519 2347 767 2404 perturbata
798 2347 964 2404 magnis
993 2347 1048 2389 ad
1080 2346 1282 2388 tuendam
1310 2345 1462 2387 urbem
1492 2344 1751 2387 exercitibus

206 2408 315 2476 opus
332 2435 427 2463 esse
446 2419 687 2470 videbatur,
714 2420 790 2462 sed
811 2420 927 2475 quod
947 2427 1054 2476 tunc
1065 2418 1109 2459 in
1131 2418 1274 2460 vicino
1295 2424 1336 2459 et
1356 2418 1537 2460 maxime
1561 2416 1752 2459 timendo

204 2491 317 2535 bello
343 2492 578 2543 acciderat,
608 2491 759 2534 dubito
788 2491 1063 2533 vehementer
1097 2505 1202 2532 num
1231 2490 1314 2532 alio
1343 2490 1431 2532 ullo
1460 2496 1557 2547 post
1586 2486 1751 2531 SuHam

203 2579 315 2606 anno
340 2565 499 2606 factum
529 2563 596 2606 sit.
650 2553 928 2605 Constantem
955 2562 1067 2604 enim
1093 2562 1161 2604 vel
1189 2577 1348 2604 morem
1378 2562 1446 2604 vel
1471 2562 1613 2618 legem
1642 2561 1751 2603 hanc

204 2635 340 2678 fuisse
358 2635 637 2685 ostendimus,
667 2642 716 2676 ut
733 2634 853 2676 alteri
876 2634 1100 2676 consulum
1123 2634 1325 2676 universa
1342 2634 1466 2676 Italia
1489 2648 1588 2676 cum
1607 2631 1751 2676 Gallia

205 2705 426 2764 Cisalpina
452 2707 766 2749 decerneretur.
828 2705 932 2762 Ipso
957 2705 1068 2748 bello
1097 2704 1368 2756 Catilinario,
1408 2704 1748 2762 quodproxime

203 2786 514 2829 antecesserat,
553 2778 748 2835 quamvis
785 2778 920 2819 hostis
949 2777 992 2818 in
1028 2777 1122 2833 ipsa
1146 2777 1270 2820 Italia
1300 2785 1414 2821 esset
1448 2792 1498 2820 ac
1526 2776 1749 2832 multiplex

204 2850 372 2902 seditio,
402 2866 515 2892 unus
540 2858 678 2892 tamen
703 2857 875 2906 praetor
901 2849 1099 2892 sufficere
1130 2850 1249 2892 visus
1280 2858 1344 2892 est
1373 2864 1450 2892 nec
1476 2846 1527 2891 C.
1548 2846 1747 2896 Antonio,
