1846 3100
507 141 563 173 De
586 141 719 183 legibus
746 140 1006 181 municipalibus
1031 139 1237 180 Hispanieis.
1563 136 1644 179 319

102 251 337 311 probabilis
367 250 475 293 ratio
501 249 625 292 reddi
650 264 734 292 non
761 255 912 305 potest.
961 246 1050 289 Nos
1079 262 1193 297 vero,
1219 248 1416 302 quamvis
1438 247 1482 288 in
1509 248 1652 289 multis

106 340 232 382 saepe
271 323 425 366 litteris
464 337 515 365 ac
555 321 778 364 vocabulis
815 320 1052 376 sculptores
1091 319 1242 360 harum
1275 319 1420 374 legum
1452 333 1653 375 peccasse

105 398 354 446 videamus,
393 395 437 436 in
472 401 588 437 tanta
626 402 766 435 tamen
802 406 869 442 re,
909 391 963 433 de
998 406 1083 447 qua
1117 391 1346 447 peculiaris
1384 391 1438 434 sit
1468 390 1653 442 rubrica,

106 469 276 526 peccari
318 467 509 524 potuisse
549 465 805 522 negabimus
843 471 1166 518 statuemusque
1207 464 1350 505 eximii
1387 463 1562 506 honoris
1600 463 1653 506 ab

108 540 386 598 Salpensanis
422 539 556 581 habiti
593 553 767 580 causam
803 536 937 578 fuisse
975 536 1184 591 imprimis
1221 536 1263 577 in
1303 536 1538 578 Domitiani
1574 536 1654 577 im-

107 613 324 656 moderata
348 611 594 660 ambitione,
623 610 781 666 quippe
809 608 882 663 qui
915 616 1082 664 praeter
1106 623 1253 650 omnes
1282 609 1559 664 imperatores
1587 623 1655 650 ar-

109 685 305 742 rogantia
332 691 460 739 atque
486 681 726 724 incredibili
755 682 964 723 honorum
996 680 1229 736 cupiditate
1248 681 1496 722 excelluerit
1514 679 1653 736 (Suet.

108 757 271 800 Domit.
310 771 346 798 c.
378 756 463 810 13).
528 753 751 796 Accedere
784 762 946 802 tamen,
990 760 1038 794 ut
1073 760 1189 794 tanto
1228 752 1386 794 honore
1421 760 1656 802 ornaretur,

110 828 332 887 oportebat
362 827 559 870 beneficii
589 826 752 882 accepti
793 826 1083 874 occasionem,
1123 825 1238 879 quod
1268 824 1521 881 Salpensani
1558 839 1657 867 eum

109 911 324 958 tamquam
355 899 540 942 civitatis
572 897 803 947 Romanae,
835 912 961 952 quam
991 897 1132 952 adepti
1163 905 1303 946 erant,
1335 906 1552 939 auctorem
1583 913 1657 939 ve-

111 974 251 1017 nerari
282 972 493 1015 volebant.
554 970 684 1024 Quod
722 976 864 1011 autem
906 969 949 1010 in
980 969 1266 1025 Salpensanos
1303 969 1484 1018 valebat,
1524 969 1569 1010 id
1603 969 1656 1011 ad

109 1061 257 1089 omnes
284 1044 517 1101 Hispaniae
547 1043 786 1085 foederatas
817 1041 1009 1084 civitates
1038 1043 1266 1083 transferre
1293 1056 1420 1097 posse
1448 1041 1658 1083 videmur.

222 1117 393 1160 Etenim
421 1116 504 1158 iam
534 1114 804 1157 redeundum
836 1123 901 1156 est
921 1114 974 1156 ad
995 1114 1277 1156 Malacitanos
1296 1122 1337 1156 et
1357 1113 1658 1170 Salpensanos,

115 1191 169 1234 de
207 1190 366 1246 quibus
405 1188 612 1231 vellemus
649 1187 771 1242 plura
808 1201 858 1228 ac
895 1187 1075 1228 certiora
1105 1187 1272 1228 tradere
1310 1186 1470 1228 liceret.
1529 1185 1656 1227 Nunc

111 1264 195 1305 hoc
220 1277 355 1304 unum
385 1262 511 1303 docet
544 1259 656 1301 Plin.
687 1266 771 1301 nat.
800 1258 898 1300 hist.
928 1259 1010 1308 ΙΙΙ,
1043 1260 1068 1301 8
1099 1259 1310 1301 Malacam
1340 1274 1434 1302 esse
1464 1258 1659 1300 foedera-

112 1344 268 1385 torum,
304 1333 420 1389 quod
451 1333 520 1374 ius
552 1347 649 1374 cum
681 1331 838 1373 fuisset
871 1330 1093 1387 principiis
1124 1331 1318 1386 Augusti
1349 1332 1466 1384 (nam
1499 1330 1606 1372 haec
1637 1345 1662 1370 a

114 1407 256 1450 Plinio
297 1405 445 1448 referri
486 1403 710 1457 diximus),
755 1402 870 1444 idem
914 1403 1122 1445 mansisse
1161 1418 1385 1445 censemus
1421 1417 1559 1458 usque
1606 1401 1660 1443 ad

115 1479 434 1527 Domitianum,
474 1476 547 1532 qui
589 1475 804 1517 civitatem
848 1474 1085 1517 Romanam
1123 1474 1284 1516 tribuit.
1343 1475 1412 1516 De
1455 1474 1664 1530 Salpensa

114 1559 258 1594 autem
286 1549 392 1606 quid
423 1548 692 1591 statuemus?
737 1548 802 1590 Ea
834 1561 933 1589 sane
963 1554 1320 1589 commemoratur
1349 1562 1374 1588 a
1403 1546 1513 1588 Plin.
1538 1546 1573 1595 I,
1600 1546 1663 1595 14,

117 1624 195 1667 sed
220 1623 338 1665 nulla
363 1622 470 1663 iuris
499 1620 810 1676 significatione
842 1619 1022 1662 adiecta.
1077 1619 1207 1661 Unde
1238 1619 1312 1675 qui
1343 1618 1665 1674 stipendiariam

116 1697 252 1739 fuisse
293 1694 470 1750 colligit,
507 1692 626 1742 dicit,
663 1692 781 1747 quod
820 1691 1104 1733 demonstrari
1140 1691 1288 1746 nequit
1330 1691 1665 1744 tantundemque

120 1767 430 1825 probabilitatis
454 1765 601 1826 babet,
634 1779 731 1806 cum
758 1763 926 1805 Plinius
950 1763 1189 1805 foederatas
1218 1770 1260 1804 et
1281 1762 1459 1805 Latinas
1492 1770 1532 1804 et
1558 1761 1665 1804 libe-

119 1856 189 1883 ras
218 1840 428 1888 civitates,
455 1853 563 1894 quas
591 1838 633 1879 in
665 1836 838 1879 Baetica
867 1850 962 1877 esse
992 1835 1063 1884 ait,
1093 1850 1177 1877 non
1195 1835 1396 1884 nominet,
1415 1835 1551 1876 fuisse
1574 1849 1666 1876 eam

121 1927 175 1954 ex
204 1912 289 1954 illis
318 1911 563 1968 generibus,
595 1909 726 1964 idque
757 1908 864 1950 adeo
894 1907 1022 1962 longe
1053 1907 1232 1949 similius
1264 1914 1329 1949 est
1357 1907 1473 1956 veri3
1504 1921 1600 1947 nam
1630 1905 1667 1948 si

120 1984 394 2041 stipendiaria
414 1983 581 2032 fuisset,
598 1996 683 2023 non
704 1980 1028 2036 intelligeretur,
1055 1979 1160 2034 quid
1180 1986 1345 2021 tantum
1365 1978 1506 2020 subito
1525 1993 1667 2019 meru-

118 2057 248 2106 isset,
289 2063 337 2098 ut
383 2054 628 2097 Latinitatis
680 2053 804 2108 quasi
857 2052 996 2107 gradu
1040 2051 1197 2093 omisso
1243 2050 1465 2106 municipii
1506 2050 1666 2092 honore

122 2129 257 2185 digna
283 2143 377 2170 esse
404 2127 636 2169 videretur.
695 2124 840 2179 Quare
872 2123 1135 2166 foederatam
1165 2123 1549 2169 fuissecredimus
1581 2137 1666 2163 non

123 2201 264 2242 minus
309 2215 435 2255 quam
472 2198 684 2241 Malacam
723 2198 767 2238 in
812 2211 946 2251 eaque
988 2196 1266 2238 similitudine
1307 2195 1501 2237 umbram
1543 2193 1667 2249 quasi

121 2272 339 2329 quandam
368 2285 521 2314 causae
553 2269 872 2326 deprehendere
903 2267 1027 2310 nobis
1058 2267 1269 2317 videmur,
1298 2281 1375 2309 cur
1407 2266 1513 2308 haec
1542 2265 1668 2308 tabu-

122 2345 260 2388 larum
291 2345 543 2399 fragmenta,
573 2356 682 2397 quae
711 2342 832 2397 leges
862 2341 1045 2382 duarum
1075 2339 1176 2381 satis
1204 2339 1314 2381 inter
1344 2353 1389 2381 se
1418 2338 1669 2380 distantium

123 2417 298 2459 urbium
335 2415 566 2464 continent,
603 2429 689 2456 uno
727 2414 821 2456 loco
858 2413 1032 2454 inventa
1063 2426 1157 2453 esse
1197 2411 1408 2460 dicantur,
1447 2410 1571 2452 cuius
1607 2410 1669 2452 rei

123 2488 314 2530 nondum
347 2487 479 2528 ullam
513 2501 708 2534 causam,
747 2499 856 2540 quae
892 2499 977 2526 non
1014 2483 1067 2525 ab
1111 2483 1226 2525 omni
1262 2482 1540 2524 similitudine
1579 2481 1670 2524 veri

125 2561 385 2612 abhorreret,
417 2558 601 2601 inveniri
626 2558 819 2614 potuisse
847 2556 986 2599 video.
1040 2555 1185 2610 Epora
1220 2554 1395 2610 quidem
1422 2556 1540 2607 (nam
1566 2554 1671 2596 hacc

125 2632 290 2687 reliqua
320 2639 385 2673 est
418 2645 471 2672 ex
504 2629 641 2672 tribus
674 2629 872 2671 Baeticae
912 2628 1081 2685 oppidis
1118 2627 1363 2677 foederatis,
1392 2627 1504 2668 Plin.
1531 2627 1567 2676 I,
1602 2625 1670 2679 10)

126 2704 228 2746 item
264 2702 545 2759 municipium
579 2703 738 2745 factum
774 2710 839 2744 est
874 2701 1124 2756 eodemque,
1157 2708 1205 2741 ut
1232 2699 1431 2750 conficio,
1467 2707 1670 2754 tempore,

126 2774 324 2832 quamvis
361 2774 405 2815 in
446 2774 568 2817 titulo
609 2775 725 2831 apud
767 2773 898 2817 Cean.
935 2773 1194 2816 Bermudez.
1236 2773 1264 2814 l.
1297 2773 1325 2814 l.
1363 2788 1402 2828 p.
1434 2771 1514 2814 369
1553 2770 1671 2812 nullo
