1846 3100
214 163 296 206 212
654 165 707 196 De
731 164 904 197 dictatoris
929 163 1088 197 Caesaris
1114 164 1314 198 honoribus.

214 275 421 332 magistro
466 274 671 330 equitum.
743 272 881 326 Quasi
923 287 1026 315 vero
1068 288 1154 315 non
1201 288 1368 330 semper
1409 274 1592 318 dictator
1631 289 1759 330 quem

215 348 396 390 maxime
434 347 681 403 probasset,
721 345 975 401 magistrum
1013 345 1204 400 equitum
1243 346 1420 397 dixerit,
1460 354 1534 390 aut
1569 345 1760 397 Caesari,

215 421 443 463 universae
474 418 735 476 reipublicae
765 425 868 459 tunc
898 417 1083 468 domino,
1114 418 1332 461 consulem
1359 434 1444 462 non
1469 420 1662 476 potuisse
1691 435 1761 462 as-

217 493 362 537 sentiri
392 492 612 549 probabile
644 489 718 533 sit!
771 490 974 532 Medetur
1002 497 1144 532 autem
1170 505 1346 546 prorsus
1380 490 1447 533 his
1479 491 1760 535 incommodis

216 567 372 609 eximia
400 563 755 622 praestantissimi
785 562 946 605 codicis
977 562 1165 604 Medicei
1194 563 1342 614 lectio,
1388 564 1462 619 qui
1499 579 1585 607 non
1624 564 1759 606 εἵπετο

218 640 330 694 αὐτῷ
369 640 388 680 ὁ
423 639 594 685 ὕπατος,
636 635 712 679 sed
751 635 838 676 εἷπε
880 636 946 676 καὶ
983 639 1124 676 τοῦτον
1157 637 1177 676 ὃ
1213 635 1361 680 ὕπατος
1389 636 1538 687 habet,
1581 651 1686 692 qua,
1725 636 1762 679 si

214 717 431 768 praeterea
470 717 567 752 ante
605 707 783 751 Antonii
820 723 973 750 nomen
1009 708 1216 764 particula
1253 707 1468 758 deleatur,
1511 708 1643 751 totius
1678 708 1762 751 loci

216 783 425 825 sententia
460 782 677 839 praeclare
714 781 1000 822 constituitur.
1072 780 1264 836 Antiqua
1302 780 1414 822 enim
1454 781 1524 822 lex
1565 787 1675 831 erat,
1714 787 1763 822 ut

215 855 397 897 dictator
432 854 485 896 ab
520 854 720 903 consule,
759 853 965 910 magister
993 853 1186 908 equitum
1219 852 1272 894 ab
1301 852 1507 894 dictatore
1535 852 1762 902 diceretur,

215 943 347 983 quare
376 928 466 970 sine
495 926 628 968 dubio
659 926 710 968 P.
740 926 965 976 Servilius,
998 941 1095 968 cum
1125 932 1298 967 senatus
1329 925 1601 981 populusque
1630 925 1762 967 dicta-

215 1007 349 1042 torem
376 999 468 1040 fieri
496 999 708 1048 iussisset,
739 999 990 1041 dictatorem
1015 998 1194 1048 dixerat,
1223 1012 1308 1052 quo
1325 997 1630 1040 Alexandriam
1651 1012 1762 1039 nun·-

199 1073 317 1115 vtiato
345 1079 387 1114 et
412 1072 483 1113 ille
512 1087 669 1114 munus
697 1071 779 1113 sibi
806 1071 994 1113 delatum
1019 1071 1111 1112 iniit
1143 1078 1184 1112 et
1210 1070 1462 1126 magistrum
1482 1070 1574 1126 ipse
1596 1085 1763 1113 sumere

215 1143 386 1186 debuit:
427 1160 536 1200 quae
566 1144 626 1186 rei
657 1143 968 1185 administratio
999 1158 1096 1185 eum
1126 1143 1257 1199 longa
1288 1143 1520 1193 videretur,
1552 1141 1762 1185 Servilius

215 1217 365 1259 consul
402 1232 486 1259 non
524 1217 665 1259 minus
697 1216 949 1272 magistrum
983 1215 1174 1271 equitum
1204 1230 1331 1270 quam
1361 1215 1609 1257 dictatorem
1641 1215 1762 1265 dixit,

215 1296 256 1331 et
286 1289 459 1345 quidem
486 1290 586 1331 item
614 1289 657 1330 in
686 1304 858 1338 annum,
894 1289 1009 1344 quod
1038 1288 1147 1344 lege,
1181 1303 1266 1343 qua
1297 1288 1350 1329 de
1381 1287 1587 1330 dictatore
1620 1302 1762 1329 annuo

217 1362 423 1419 scriptum
468 1370 583 1412 erat,
636 1362 762 1404 etiam
807 1361 860 1403 de
904 1362 1110 1418 magistro
1151 1376 1295 1403 annuo
1340 1360 1528 1416 praecipi
1572 1359 1762 1416 putabat.

215 1436 461 1491 Utrumque
490 1434 662 1476 omnino
689 1441 778 1476 erat
804 1442 950 1476 contra
976 1449 1152 1483 morem,
1182 1434 1258 1475 sed
1282 1433 1390 1475 illud
1413 1432 1514 1488 quia
1539 1447 1592 1474 ex
1618 1439 1764 1474 aucto-

214 1508 337 1550 ritate
378 1523 426 1550 ac
466 1507 637 1549 nomine
676 1495 875 1548 Caesaris
909 1506 1002 1548 fieri
1040 1505 1283 1554 dicebatur,
1329 1505 1470 1547 minus
1507 1503 1764 1560 reprehendi

215 1587 398 1636 poterat,
437 1580 518 1622 hoc
553 1595 652 1622 eum
690 1579 910 1635 religionis
947 1593 1078 1620 causa
1119 1563 1454 1634 vituperaretur,
1498 1590 1584 1618 non
1621 1575 1763 1617 minus

215 1661 356 1696 tamen
394 1652 574 1694 valebat.
642 1651 709 1694 Ae
747 1652 947 1693 novimus
989 1650 1052 1691 M.
1083 1649 1322 1691 Antonium
1359 1664 1444 1691 non
1475 1647 1763 1691 Alexandriae

215 1724 267 1767 ab
295 1725 391 1781 ipso
420 1722 619 1774 Caesare,
649 1724 726 1766 sed
753 1717 915 1766 Rornae
942 1738 1036 1765 esse
1066 1723 1240 1764 factum.
1290 1721 1461 1763 Etenim
1480 1719 1634 1764 Cicero
1650 1720 1762 1763 Phil.

214 1798 273 1848 Π,
305 1797 357 1840 25
389 1797 450 1839 sic
482 1797 535 1839 de
566 1797 658 1839 eius
690 1796 938 1853 magisterio
971 1795 1162 1851 equitum
1194 1801 1356 1837 narrat:
1401 1795 1565 1835 Accedit
1594 1800 1645 1834 ut
1666 1794 1762 1835 Cae-

215 1887 308 1913 sare
335 1874 485 1924 ignaro
515 1885 606 1911 cum
637 1877 735 1910 esset
765 1871 835 1910 ille
863 1869 1165 1917 Alex-andriae,
1200 1867 1389 1920 beneficio
1421 1869 1647 1908 amicorum
1678 1868 1764 1907 eius

216 1946 412 1997 magister
441 1945 623 1996 equitum
653 1944 971 1983 constitueretur
1038 1938 1223 1981 Auxerit
1250 1938 1458 1980 invidiose
1486 1938 1547 1981 ita
1573 1953 1663 1980 rem
1687 1935 1763 1980 Ci-

217 2030 328 2065 cero,
362 2022 410 2056 ut
439 2012 668 2056 Caesarem
697 2013 896 2069 ignarum
925 2012 1061 2054 fuisse
1089 2011 1250 2052 diceret
1281 2013 1399 2065 (nam
1427 2025 1508 2052 nec
1534 2008 1762 2052 Caesarem

215 2100 302 2128 non
330 2093 426 2128 ante
457 2085 682 2141 scripsisse
702 2084 923 2141 probabile
943 2091 1020 2133 est,
1047 2083 1158 2138 quis,
1188 2082 1223 2124 si
1244 2097 1370 2124 casus
1389 2082 1449 2124 ita
1465 2082 1608 2132 ferret,
1634 2081 1762 2124 rebus

216 2158 393 2200 urbanis
423 2157 735 2214 praeficeretur,
769 2173 849 2199 nee
877 2156 1002 2199 amici
1034 2155 1142 2205 eius,
1173 2170 1301 2210 quem
1328 2154 1389 2196 illi
1416 2154 1641 2210 displicere
1661 2168 1764 2195 nos-

218 2238 325 2281 sent,
357 2230 615 2273 constituere
647 2230 741 2271 ausi
772 2232 950 2283 essent),
983 2228 1060 2270 sed
1089 2218 1305 2283 quomodo
1334 2227 1394 2269 ita
1417 2226 1585 2269 mentiri
1613 2225 1763 2282 potuit,

216 2310 264 2344 ut
293 2303 545 2352 Antonium,
578 2302 612 2344 si
635 2300 924 2345 Alexandriae
951 2300 1003 2342 ab
1027 2300 1122 2355 ipso
1142 2298 1328 2342 Caesare
1351 2299 1608 2341 constitutus
1637 2304 1762 2348 esset,

216 2376 367 2430 ignaro
396 2390 444 2417 eo
474 2375 634 2417 factum
663 2389 757 2415 esse
787 2372 1022 2414 scriberet?
1060 2370 1158 2414 -Sed
1186 2379 1234 2413 ut
1254 2372 1308 2413 ad
1332 2379 1502 2427 tempus
1527 2370 1763 2412 dictaturae

218 2447 382 2489 delatae
413 2454 692 2496 revertamur,
725 2445 840 2500 quod
870 2445 912 2485 in
942 2458 1132 2485 mensem
1160 2442 1395 2485 Octobrem
1422 2443 1611 2484 incidere
1639 2442 1763 2484 intel-

217 2519 419 2569 leximus,
448 2535 602 2575 parum
631 2518 717 2560 huc
743 2517 916 2559 videtur
944 2516 1026 2557 Dio
1046 2516 1194 2565 XLII,
1226 2516 1278 2558 35
1305 2515 1531 2571 pertinere,
1561 2514 1635 2570 qui
1652 2512 1762 2556 Cae-

218 2607 357 2634 sarem
378 2591 436 2633 ait
456 2591 500 2632 in
523 2591 719 2633 contione
739 2588 1053 2645 Aegyptiorum
1073 2588 1258 2638 dixisse,
1284 2602 1362 2644 pro
1381 2587 1606 2635 dictatura,
1634 2600 1763 2641 quam

218 2670 398 2719 gereret,
429 2664 553 2719 regni
582 2661 839 2719 Aegyptiaci
872 2648 1046 2702 tutelam
1078 2660 1129 2702 ad
1165 2675 1210 2702 se
1239 2660 1466 2716 pertinere.
1522 2658 1619 2700 Etsi
1650 2657 1763 2699 enim

219 2735 352 2777 oratio
382 2735 455 2777 illa
483 2735 603 2777 initio
635 2735 844 2776 tumultus
876 2732 1179 2781 Alexandrini,
1220 2746 1349 2787 quem
1378 2730 1506 2787 paulo
1534 2736 1762 2785 postquam

218 2804 379 2849 Caesar
406 2807 602 2855 advenit,
646 2812 842 2861 coeptum
870 2819 964 2846 esse
996 2804 1216 2854 novimus,
1257 2804 1423 2845 finitum
1463 2817 1559 2844 esse
1592 2807 1764 2857 recepta

218 2878 480 2920 Alexandria
519 2895 555 2920 a.
585 2878 626 2920 d.
655 2877 721 2920 VI
750 2877 850 2919 Kal.
882 2874 990 2932 Apr.
1031 2885 1175 2919 vetera
1204 2874 1454 2918 kalendaria
1486 2873 1659 2923 docent,
1698 2872 1762 2915 vi-
