1846 3100
577 157 630 188 De
656 155 770 188 Gallia
794 155 1026 186 Romanorum
1055 156 1238 197 provincia.
1605 150 1681 194 107

137 266 312 316 fierent,
348 266 670 323 repellerentur.
732 263 870 314 Hinc,
906 269 954 305 ut
983 263 1174 305 Raetiam
1205 279 1304 306 cum
1334 264 1587 314 Germania,
1626 265 1685 306 ita

137 337 345 380 Noricum
372 353 471 380 cum
492 338 711 380 Pannonia
737 336 1013 379 coniunctum
1035 336 1170 378 fuisse
1191 337 1493 393 intelligemus.
1539 336 1684 390 Quare

137 410 339 465 quoniam
378 411 602 453 Pannonia
638 410 841 452 Noricum
888 407 1036 450 habuit
1075 408 1388 459 contributum,
1436 424 1520 451 non
1564 416 1683 465 pote-

138 482 273 525 rimus
301 483 558 533 existimare,
589 482 729 524 eidem
759 482 894 523 fuisse
925 480 1169 523 adiunctam
1199 481 1404 532 Raetiam,
1435 481 1685 538 praesertim

138 570 266 609 quam
295 555 340 596 in
369 570 420 598 eo
449 555 576 604 bello,
611 553 728 609 quod
759 568 834 609 per
861 552 1127 594 exercituum
1154 553 1360 595 factiones
1391 562 1626 609 gereret-ur,
1661 569 1686 595 a

139 627 399 670 Pannonicis
427 627 672 683 legionibus
704 625 963 667 dissensisse
995 624 1245 666 viderimus.
1316 625 1408 667 Nec
1438 641 1540 668 vero
1571 626 1683 668 Rae-

137 699 196 740 tia
226 697 482 742 Germaniae
513 699 699 755 praesidi
733 697 785 740 ab
815 698 1071 753 imperatore
1101 697 1242 752 aliquo
1275 698 1447 740 subdita
1476 705 1554 748 est,
1586 714 1684 741 cum

137 778 262 814 antea
290 771 373 814 alia
401 787 500 814 cum
530 771 753 827 provincia
779 771 932 831 fuisset
959 770 1198 820 coniuncta,
1230 771 1306 813 sed
1337 771 1454 814 exitu
1481 771 1564 812 iam
1590 771 1684 813 Au-

138 844 255 899 gusti
289 859 384 885 eam
416 842 673 886 Germaniae
706 843 862 885 rectori
892 843 1087 898 paruisse
1117 843 1304 885 ostendit
1334 843 1436 885 Tac.
1468 843 1623 885 Annal.
1648 845 1684 894 I,

139 915 206 966 44,
234 916 308 971 qui
328 915 637 957 Germanicum
663 924 819 965 narrat,
849 923 1075 971 postquam
1095 915 1314 972 legionum
1332 915 1685 958 Germanicarum

139 988 391 1030 seditionem
421 988 681 1044 composuit,
725 996 949 1030 veteranos
979 988 1022 1028 in
1055 987 1249 1030 Raetiam
1279 987 1470 1037 misisse,
1512 995 1557 1029 ut
1587 1003 1686 1043 pro-

137 1061 321 1103 vinciam
359 1061 570 1104 adversus
599 1060 768 1103 Suevos
799 1061 1068 1102 imminentes
1102 1067 1336 1102 tuerentur.
1395 1059 1545 1115 Neque
1573 1060 1686 1101 enim

140 1133 425 1176 Germanicus
466 1134 579 1175 ultra
608 1131 772 1175 Gallias
802 1140 904 1175 tunc
934 1133 1070 1175 ullum
1099 1133 1324 1188 imperium
1360 1132 1562 1182 habebat,
1603 1147 1688 1187 qua

137 1206 192 1248 de
219 1221 266 1248 re
293 1206 421 1262 paulo
452 1205 564 1248 infra
592 1205 923 1261 disputabimus.
984 1205 1135 1261 Neque
1172 1205 1253 1247 alia
1288 1205 1341 1247 de
1372 1220 1501 1247 causa
1529 1205 1686 1247 Raeto-

137 1293 234 1320 rum
260 1277 672 1333 Vindelicorumque
705 1278 900 1320 cohortes
930 1278 974 1319 in
1005 1278 1195 1320 exercitu
1225 1276 1471 1319 Germanici
1501 1277 1543 1319 in
1575 1277 1687 1320 Ger-

138 1351 321 1392 maniam
351 1350 572 1406 ingressae
606 1358 725 1392 erant
749 1350 871 1401 (Tac.
893 1350 1050 1392 Annal.
1068 1351 1127 1401 II,
1154 1350 1237 1405 17),
1267 1365 1393 1406 quam
1414 1350 1531 1405 quod
1549 1350 1687 1392 omnis

137 1422 288 1465 Raetia
317 1429 359 1464 et
382 1421 626 1464 Vindelicia
654 1423 747 1465 eius
778 1423 956 1479 imperio
988 1438 1088 1465 cum
1114 1423 1290 1478 reliquis
1317 1422 1551 1478 provinciis
1580 1422 1687 1465 Gal-

136 1495 231 1537 licis
270 1494 458 1551 parebat.
519 1494 791 1550 Quamquam
828 1495 936 1537 illud
972 1496 1123 1538 merito
1161 1494 1346 1536 dubitari
1380 1502 1542 1550 potest,
1582 1511 1687 1537 num

136 1574 435 1624 procuratores
464 1566 540 1617 illi,
570 1582 679 1622 quos
701 1566 872 1609 Nerone
902 1567 1136 1624 imperante
1164 1567 1338 1609 Raetiae
1362 1574 1404 1609 et
1422 1567 1579 1610 Norico
1606 1568 1687 1611 sub

138 1633 316 1696 imperio
346 1641 586 1704 legatorum
605 1637 863 1681 Germaniae
887 1647 928 1681 et
945 1639 1192 1682 Pannoniae
1222 1640 1460 1695 praefuisse
1484 1640 1687 1690 vidimus,

137 1713 222 1754 iam
242 1712 324 1755 sub
343 1712 545 1767 Augusto
563 1711 736 1753 fuerint.
789 1711 900 1753 Mihi
921 1711 1110 1768 quidem,
1137 1712 1215 1754 etsi
1234 1712 1338 1754 nihil
1356 1719 1469 1755 certe
1486 1712 1687 1755 affirmari

136 1799 264 1841 posse
280 1783 489 1839 intelligo,
510 1798 595 1825 non
611 1783 784 1825 videtur
799 1799 849 1826 ac
868 1785 1013 1827 nescio
1034 1800 1086 1827 an
1103 1782 1313 1827 Claudius
1331 1800 1442 1827 anno
1463 1785 1516 1827 42
1530 1800 1572 1840 p.
1585 1783 1688 1827 Chr.

138 1856 258 1898 initio
296 1855 463 1911 imperii
502 1855 591 1905 sui,
632 1855 757 1897 cuius
791 1857 994 1898 memoria
1027 1856 1143 1912 apud
1174 1856 1371 1899 Tacitum
1403 1858 1552 1913 periit,
1590 1873 1688 1900 cum

137 1927 419 1970 Mauritaniae
447 1927 663 1982 equitibus
690 1929 902 1985 regendas
927 1929 1126 1979 traderet,
1153 1930 1255 1972 item
1277 1929 1332 1971 ad
1355 1937 1480 1972 vetus
1500 1930 1687 1972 Iudaeae

139 2000 382 2056 exemplum
423 1999 527 2042 alias
559 2001 744 2043 minores
775 2002 1016 2056 provincias
1048 2001 1394 2058 procuratoribus
1424 2002 1686 2059 permiserit:

137 2071 304 2113 nullum
335 2079 450 2114 certe
480 2087 629 2114 eorum
659 2073 892 2130 vestigium
923 2072 1115 2129 Augusti
1147 2082 1282 2117 aetate
1314 2075 1535 2131 reperitur.

248 2143 492 2186 Docuimus
518 2144 665 2200 igitur,
693 2154 875 2188 exeunte
895 2146 1087 2203 Augusti
1107 2147 1345 2203 principatu
1364 2147 1558 2189 Raetiam
1578 2147 1687 2190 Vin-

138 2215 421 2271 deliciamque
465 2231 563 2258 cum
605 2217 748 2261 Gallia
789 2219 924 2261 fuisse
969 2220 1263 2269 coniunctam,
1311 2219 1500 2262 diximus
1547 2219 1687 2269 etiam,

139 2302 238 2329 cum
261 2287 414 2330 Raetia
456 2288 754 2345 subigeretur,
792 2289 1013 2332 Tiberium
1049 2307 1101 2334 ex
1132 2291 1274 2334 Gallia
1306 2307 1400 2334 esse
1432 2292 1687 2347 profectum,

87 2363 90 2365 ’
136 2366 186 2401 ut
221 2359 395 2415 planum
435 2369 548 2403 certe
587 2377 682 2404 esse
720 2362 937 2412 videatur,
981 2378 1074 2405 eam
1103 2371 1329 2419 postquam
1367 2364 1412 2404 in
1443 2363 1687 2419 provinciae

136 2430 315 2473 formam
359 2432 531 2475 redacta
575 2440 661 2483 est,
719 2433 765 2475 in
803 2434 1015 2479 Gallicam
1064 2436 1249 2492 aliquam
1286 2435 1549 2492 provinciam
1593 2450 1687 2478 esse

138 2502 437 2547 contributam.
502 2503 590 2546 Sed
632 2505 677 2547 in
709 2513 851 2549 utram
881 2508 1055 2550 tandem
1081 2507 1350 2564 putabimus,
1392 2507 1436 2548 in
1466 2507 1688 2563 Belgicam

94 2607 98 2610 .
137 2583 192 2616 an
224 2574 268 2615 in
296 2574 670 2631 Lugdunensem?
726 2578 777 2619 In
806 2579 922 2622 illam
953 2589 1065 2623 certe
1096 2580 1339 2622 existimare
1370 2579 1566 2629 debebit,
1612 2580 1685 2635 qui

137 2646 267 2688 Plinii
296 2647 589 2689 auctoritatem
621 2657 837 2704 sequetur,
868 2652 942 2707 qui
975 2667 1074 2694 cum
1104 2651 1333 2706 diligenter
1364 2652 1684 2707 provinciarum

139 2719 320 2774 populos
358 2725 600 2769 recenseat,
637 2720 890 2773 Helvetios,
928 2723 1157 2766 Raetorum
1199 2724 1383 2773 vicinos,
1427 2723 1471 2764 in
1511 2723 1688 2779 Belgica

138 2798 371 2831 enumeret.
427 2790 517 2833 Ubi
542 2798 683 2833 autem
710 2793 781 2834 ille
807 2793 966 2836 Raetos
992 2794 1151 2837 habet?
1197 2795 1421 2850 Nusquam
1446 2795 1489 2836 in
1518 2794 1685 2839 Galliae

138 2860 314 2916 quidem
344 2862 655 2919 descriptione,
689 2864 765 2906 sed
794 2866 1001 2909 recensita
1029 2867 1152 2909 Italia
1180 2866 1275 2910 libr.
1302 2866 1391 2917 111,
1421 2867 1497 2920 20,
1535 2867 1610 2910 133
1641 2868 1686 2912 in
