1846 3100
8 1648 9 1651 „
0 1251 17 1627 τ-ιν-Ἧν-Ἧνν-ικ..
14 1220 17 1223 ,
0 1196 3 1198 ·

0 1838 8 1898 ζ

0 1899 12 1998 ἓ

525 151 579 183 De
602 150 735 192 legibus
759 150 1016 193 municipalibus
1042 150 1249 192 Hispanicis.
1575 149 1656 192 289

111 276 215 318 ager
252 261 382 304 fuerit
413 267 455 303 et
485 275 571 315 quo
600 260 692 301 iure
723 274 820 301 cum
853 258 1193 316 Saguntinorum
1228 259 1447 315 republica
1478 259 1657 302 coniun-

113 342 223 384 ctus,
255 334 331 376 sed
366 333 446 375 hoc
482 347 619 382 nemo,
652 332 817 388 opinor,
849 331 1007 382 credet,
1038 346 1145 386 quos
1173 331 1306 373 victos
1336 347 1498 387 poenae
1529 347 1659 375 causa

110 405 292 448 Romani
310 403 564 461 Saguntinis
593 403 876 453 subiecerant,
906 418 979 445 eos
1005 403 1059 445 ad
1084 402 1304 454 beneficia,
1332 418 1440 459 quae
1457 403 1658 447 fidelibus

113 477 240 520 sociis
269 476 582 526 tribuebantur,
613 491 662 518 ac
693 482 908 532 postremo
940 475 994 517 ad
1018 475 1155 531 ipsam
1182 475 1396 518 civitatem
1422 476 1658 518 Romanam

111 563 206 590 esse
224 544 453 598 admissos.
483 547 571 601 Qui
589 555 730 590 tamen
749 547 986 590 Turdetani
1003 562 1100 590 cum
1124 547 1416 603 Vespasianus
1433 549 1660 591 universae

110 620 346 677 Hispaniae
365 621 433 663 ius
449 620 564 662 Latii
581 620 815 670 tribuisset,
832 634 916 661 non
932 620 1073 662 minus
1088 635 1216 675 quam
1229 620 1394 675 reliqui,
1408 620 1462 663 ad
1479 621 1658 663 societa-

110 700 195 735 tem
217 693 400 749 aliquam
424 684 686 748 reipublicae
702 689 966 747 saguntinae
992 700 1296 748 pervenerunt;
1320 707 1424 749 ager
1439 694 1551 735 enim
1567 694 1660 750 ipse

111 765 236 807 etiam
258 774 408 822 postea
432 764 692 821 stipendium
723 764 940 820 penderet,
979 765 1169 807 homines
1191 765 1364 820 quidem
1387 766 1471 807 iam
1494 781 1544 808 eo
1567 766 1659 807 iure

112 844 243 887 erant,
273 844 322 879 ut
347 837 584 879 honoribus
612 836 942 893 municipalibus
974 837 1174 893 gerendis
1200 838 1414 880 civitatem
1440 838 1561 880 Rom.
1593 853 1659 881 se-

111 908 295 965 demque
317 909 428 951 inter
450 909 704 951 decuriones
724 917 1100 965 consequerentur.
1131 910 1230 952 Hoc
1252 925 1350 952 cum
1368 910 1427 953 ita
1449 917 1562 952 esset
1580 909 1659 952 Sa—

112 981 249 1037 gunti,
276 997 416 1023 nonne
437 982 482 1023 in
499 981 710 1037 Hispania
725 981 900 1023 Baetica
915 981 1108 1024 Malacae
1126 990 1166 1024 et
1190 980 1437 1038 Salpensae‚
1464 982 1660 1037 quamvis

112 1060 152 1094 et
176 1053 345 1096 civitate
366 1053 560 1096 Romana
579 1060 802 1095 uterentur
833 1060 874 1095 et
897 1054 1130 1110 municipia
1153 1055 1232 1096 rite
1255 1055 1583 1110 appellarentur,
1604 1054 1662 1096 ita

110 1125 248 1181 potuit
272 1125 467 1168 instituta
491 1140 584 1168 esse
613 1125 871 1181 respublica,
896 1133 945 1167 ut
969 1126 1061 1168 eius
1077 1141 1161 1168 non
1182 1127 1308 1168 modo
1333 1127 1449 1170 cives
1465 1127 1660 1177 Romani,

113 1197 189 1239 sed
208 1197 333 1240 etiam
357 1197 500 1239 Latini
531 1198 637 1239 iuris
668 1198 862 1240 homines
884 1206 1027 1240 essent
1055 1199 1313 1255 participes?
1348 1199 1520 1241 Etenim
1545 1200 1661 1254 quod

114 1269 158 1310 in
183 1269 320 1312 tribus
350 1270 594 1326 municipiis
624 1270 838 1326 persecuti
872 1286 1036 1320 sumus,
1065 1271 1109 1312 id
1140 1278 1280 1327 potest
1307 1271 1351 1312 in
1381 1272 1526 1314 multis
1545 1273 1662 1328 cogi-

112 1341 205 1392 tari,
235 1342 493 1398 omninoque
525 1343 584 1385 sic
606 1357 774 1393 censeo,
809 1351 977 1399 praeter
1003 1343 1168 1386 Italiam
1197 1344 1386 1399 quidem,
1412 1344 1455 1385 in
1487 1360 1570 1400 qua
1589 1344 1663 1399 qui

115 1412 376 1464 habitabant,
404 1429 535 1471 prope
561 1429 709 1457 omnes
735 1414 831 1470 lege
846 1414 958 1458 Iulia
981 1415 1196 1458 civitatem
1222 1416 1458 1459 Romanam
1486 1433 1663 1474 accepe-

115 1493 226 1536 rant,
263 1501 401 1543 pauca
438 1487 574 1529 fuisse
604 1502 683 1544 per
713 1475 953 1543 provincias
985 1488 1231 1544 municipia,
1269 1489 1311 1530 in
1341 1489 1498 1544 quibus
1529 1505 1663 1531 unum

119 1559 279 1601 civium
313 1559 601 1601 Romanorum
642 1574 780 1616 genus
814 1560 1098 1603 inveniretur:
1139 1560 1183 1601 in
1212 1561 1408 1617 plurimis
1440 1562 1508 1603 vel
1540 1576 1663 1617 pere-

115 1631 263 1687 grinae
297 1631 562 1674 condicionis
599 1631 794 1674 homines
832 1633 900 1675 vel
940 1633 1085 1675 Latini
1123 1633 1184 1675 ita
1219 1633 1579 1684 admiscebantur,
1616 1641 1664 1675 ut

115 1717 262 1745 omnes
289 1718 377 1746 una
404 1703 626 1760 municipii
655 1703 876 1760 republica
904 1705 1233 1755 continerentur,
1259 1706 1391 1761 idque
1423 1706 1458 1748 si
1475 1706 1663 1762 plurium

114 1776 234 1832 leges
255 1782 459 1825 extarent,
479 1790 563 1817 non
586 1776 793 1818 coniicere
817 1783 980 1818 tantum
1004 1791 1056 1818 ex
1079 1778 1347 1832 quorundam
1371 1778 1664 1826 similitudine,

117 1848 194 1890 sed
233 1848 482 1890 certissimis
523 1848 776 1890 testimoniis
816 1849 1015 1904 persequi
1053 1849 1213 1892 liceret.
1265 1850 1416 1906 Neque
1455 1851 1566 1892 enim
1595 1851 1664 1892 ille

117 1928 206 1962 erat
233 1921 401 1976 imperii
431 1919 612 1962 Romani
639 1935 745 1970 mos,
781 1921 856 1976 qui
885 1921 1049 1976 placeat
1076 1937 1192 1964 nunc
1218 1923 1400 1965 fortasse
1429 1922 1589 1973 multis,
1618 1930 1666 1964 ut

119 1991 259 2034 subita
288 1993 520 2034 mutatione
552 2007 605 2035 ex
635 2008 721 2034 una
750 2007 897 2035 norma
923 2007 1070 2035 omnes
1100 1994 1362 2051 reipublicae
1387 2002 1530 2051 partes
1563 2010 1664 2037 con-

118 2065 365 2107 stituerent:
397 2061 692 2120 antiquitatem
719 2065 902 2107 maxime
941 2066 1243 2121 sequebantur,
1274 2074 1432 2118 vetera,
1460 2075 1665 2123 quantum

118 2136 210 2179 fieri
252 2144 430 2193 poterat,
472 2137 733 2187 retinebant,
776 2138 811 2179 si
861 2152 947 2192 qua
993 2138 1147 2181 vitiosa
1185 2146 1325 2190 erant,
1371 2138 1666 2189 emendabant,

120 2209 263 2252 omnia
296 2209 482 2265 deinque
511 2209 555 2251 in
592 2224 686 2251 eam
714 2211 895 2252 formam
929 2210 1202 2266 redegerunt,
1233 2218 1282 2252 ut
1308 2211 1350 2252 in
1384 2226 1550 2253 summa
1587 2212 1667 2252 im-

120 2281 230 2336 perii
282 2281 581 2323 coniunctione
621 2289 738 2324 tanta
782 2272 982 2324 existeret
1022 2282 1128 2325 iuris
1176 2282 1426 2333 diversitas,
1464 2290 1666 2338 quantam

120 2353 264 2409 paucis
297 2353 492 2409 vestigiis
525 2368 772 2409 expressam
802 2353 1009 2410 indagare
1036 2368 1281 2409 possumus.

234 2422 309 2475 At,
340 2425 504 2480 inquiat
530 2425 698 2480 aliquis,
730 2426 765 2467 si
787 2425 1018 2481 municipia
1046 2441 1130 2467 non
1156 2425 1314 2468 habent
1331 2426 1423 2476 hoc,
1448 2433 1497 2468 ut
1517 2441 1664 2468 omnes

125 2496 365 2552 municipes
393 2497 508 2539 cives
539 2497 721 2539 Romani
753 2498 851 2547 sint,
881 2498 985 2552 quid
1016 2498 1188 2540 tandem
1220 2497 1410 2540 habent?
1454 2498 1574 2552 Quid
1602 2506 1667 2540 est

123 2567 246 2621 illud,
287 2583 374 2623 quo
417 2569 592 2624 reliquis
638 2569 954 2625 provinciarum
1000 2569 1169 2625 oppidis
1208 2570 1492 2612 antecellant?
1557 2569 1667 2611 Nam

125 2639 251 2681 etiam
281 2640 436 2682 Latina
465 2641 624 2697 oppida
650 2641 892 2684 necessario
919 2641 1206 2684 intelleximus
1235 2657 1320 2683 non
1343 2657 1429 2684 uno
1449 2641 1667 2683 hominum

126 2726 284 2767 genere
320 2713 537 2764 contineri,
569 2714 645 2756 sed
674 2721 786 2756 certe
814 2713 999 2756 duobus.
1048 2713 1167 2767 Quid
1194 2714 1328 2770 igitur
1353 2721 1419 2756 est
1447 2713 1668 2770 proprium

127 2785 375 2841 municipii?
419 2787 591 2841 quando
631 2786 911 2843 municipium
955 2785 1222 2842 appellatur?
1275 2784 1487 2827 Nimirum
1529 2785 1669 2827 muni-

128 2857 285 2912 cipium
322 2857 478 2908 existit,
521 2873 619 2900 cum
650 2874 788 2915 genus
821 2858 993 2914 aliquod
1028 2857 1245 2899 hominum
1280 2859 1426 2913 (atque
1463 2858 1544 2900 hoc
1575 2858 1669 2913 ipso

1353 2930 1401 2972 19
