1846 3100
592 168 646 201 De
675 165 788 201 Gallia
808 166 1041 199 Romanorum
1067 167 1252 210 provincia.
1643 164 1691 207 51

151 280 205 323 75
234 280 308 334 qui
334 278 603 320 consulatum
635 282 862 332 gesserunt
891 274 945 315 L.
964 271 1175 316 Octavius
1205 281 1247 316 et
1266 272 1316 317 C.
1331 274 1539 318 Aurelius
1556 273 1696 326 Cotta,

151 366 204 392 ex
231 351 284 392 iis
310 350 382 392 ille
415 348 613 392 Ciliciam
643 348 906 404 provinciam
939 346 1113 388 sortitus
1143 354 1227 396 est,
1257 347 1301 388 in
1331 362 1416 403 qua
1442 362 1552 389 anno
1582 348 1698 390 inse-

151 422 298 479 quenti
329 422 516 464 decessit
543 421 683 479 (Plut.
712 419 886 462 Lucull.
917 419 996 472 6),
1036 418 1151 460 hunc
1184 416 1338 460 Cicero
1379 419 1424 460 in
1453 419 1542 461 Pis.
1584 435 1619 462 c.
1644 419 1698 462 ‘26

151 494 270 536 nullo
313 501 429 536 certo
473 493 596 535 hoste
640 507 805 534 summa
850 498 990 533 tamen
1032 497 1175 532 narrat
1221 491 1426 547 triumphi
1465 491 1698 548 cupiditate

149 566 369 623 flagrasse.
434 564 580 619 Quare
621 579 720 607 cum
761 564 875 606 idem
913 561 1068 606 Cicero
1106 562 1229 604 Brut.
1272 578 1306 605 c.
1342 563 1396 605 92
1436 561 1487 605 C.
1526 561 1699 606 Cottam

151 621 291 681 tradat
319 653 372 680 ex
397 637 622 681 consulatu
651 636 694 677 in
718 635 902 678 Galliam
931 635 1174 691 profectum
1204 649 1313 685 esse,
1337 634 1520 691 Pighius
1541 637 1698 678 Annal.

150 708 249 754 Vol.
278 711 348 752 ΠΙ
374 725 416 766 p.
438 709 519 752 298
550 709 588 750 ei
619 716 845 763 utramque
865 707 1050 750 Galliam
1079 706 1286 763 obtigisse
1318 708 1543 758 existimat,
1574 709 1698 750 cuius

153 781 366 838 opinionis
406 797 579 824 causam
616 780 746 821 ullam
780 787 853 821 aut
887 780 1095 822 rationem
1130 794 1210 821 nec
1252 780 1393 821 attulit
1432 795 1512 823 nec
1548 781 1699 823 afferre

150 853 302 911 potuit.
358 853 543 894 Prorsus
572 852 684 894 enim
719 860 840 894 extra
866 852 1058 894 ordinem
1088 852 1249 894 factum
1281 867 1375 894 esse
1409 852 1699 908 intelligemus

154 926 299 976 semel,
324 933 372 967 ut
400 932 579 980 utraque
610 923 753 967 Gallia
782 923 862 967 sub
891 924 1020 966 unius
1051 925 1227 966 rectoris
1263 925 1489 981 imperium
1520 926 1700 967 coniun-

156 1006 350 1055 geretur,
385 997 503 1055 quod
536 1004 584 1037 ut
616 1003 761 1053 posset
789 996 902 1046 fieri,
935 1004 1058 1039 antea
1086 995 1331 1052 Cisalpinae
1362 998 1565 1040 universa
1593 997 1719 1040 ratio‘

158 1077 321 1113 mutata
359 1077 443 1112 est:
493 1084 603 1125 quae
645 1069 853 1125 quamdiu
885 1076 1027 1111 vetere
1064 1069 1375 1111 consuetudine
1417 1070 1471 1112 ab
1511 1085 1581 1120 eo,
1626 1070 1700 1125 qui

158 1143 323 1185 Italiam
352 1142 590 1192 obtinebat,
615 1142 872 1198 regebatur,
907 1140 1124 1195 quomodo
1155 1141 1333 1198 adiungi
1364 1142 1503 1197 potuit
1531 1141 1700 1184 Narbo-

156 1215 330 1258 nensis?
391 1214 656 1256 Alterutram
690 1214 824 1270 igitur
855 1212 1043 1255 Galliam
1073 1211 1202 1255 Cotta
1230 1214 1341 1255 rexit
1379 1230 1427 1256 ac
1456 1228 1554 1255 cum
1583 1213 1701 1255 nullo

157 1295 273 1330 certo
313 1287 435 1329 hoste
476 1286 739 1342 triumphurn
777 1285 985 1328 meruisse
1025 1293 1245 1335 narratur,
1290 1301 1375 1327 non
1416 1286 1703 1328 dubitandum

159 1375 254 1403 esse
274 1374 441 1408 cense0‚
466 1358 569 1414 quin
586 1356 850 1414 Cisalpinam
874 1358 1118 1406 obtinuerit,
1149 1372 1202 1399 ex
1231 1373 1317 1413 qua
1340 1366 1507 1414 praeter
1519 1360 1702 1416 Alpinas

154 1431 361 1486 quasdem
380 1437 530 1486 gentes
553 1445 684 1486 vagas
704 1430 978 1484 hostiumque
1001 1430 1169 1471 nomine
1185 1431 1258 1472 vix
1284 1430 1438 1486 dignas
1459 1431 1702 1487 triumphus

153 1503 302 1559 quaeri
323 1516 420 1565 xnon
445 1509 624 1558 poterat.
677 1502 729 1543 In
759 1500 1028 1543 Narbonensi
1058 1502 1233 1557 quidem
1271 1509 1333 1544 tot
1361 1504 1553 1546 nationes
1584 1511 1704 1546 erant

154 1574 382 1616 bellicosae
410 1581 611 1628 tantaque
641 1573 925 1615 maximorum
956 1572 1165 1615 bellorum
1196 1574 1406 1624 materies,
1444 1583 1490 1616 ut
1507 1576 1580 1630 qui
1600 1591 1703 1618 con-

155 1647 287 1689 sulari
315 1646 505 1689 exercitu
536 1653 712 1688 ornatus
744 1646 990 1702 gloriaeque
1022 1645 1206 1702 cupidus
1231 1653 1365 1695 esset,
1403 1645 1703 1690 honestissime

155 1718 419 1775 triumphum
448 1718 771 1774 adipisceretur.
813 1718 964 1773 anue
996 1718 1313 1774 provinciarum
1341 1717 1495 1759 divisio
1524 1718 1704 1761 aliorum

155 1806 364 1833 annorum
403 1789 704 1832 consuetudini
741 1805 918 1846 prorsus
950 1790 1160 1832 convenit.
1217 1789 1510 1832 Veruntamen
1552 1791 1588 1833 si
1615 1791 1703 1833 Ita-

155 1863 255 1906 liam
280 1877 378 1904 cum
395 1861 537 1905 Gallia
553 1860 772 1918 Cisalpina
802 1861 986 1904 obtinuit
1007 1860 1057 1904 C.
1080 1860 1219 1912 Cotta,
1249 1862 1331 1904 hoc
1355 1862 1531 1918 quidem
1557 1871 1704 1919 posset

154 1935 356 1991 intelligi,
409 1935 445 1976 si
489 1935 598 1975 intra
643 1934 918 1990 magistratus
962 1935 1030 1977 sui
1075 1949 1233 1977 annum
1275 1934 1456 1976 devictis
1501 1934 1700 1978 hostibus

155 2006 419 2063 triumphum
456 2006 616 2062 egisset
628 2023 639 2056 3
691 2006 767 2048 sed
805 2021 901 2049 cum
938 2014 1113 2063 propter
1152 2006 1324 2061 negotia
1360 2006 1616 2056 domestica,
1659 2006 1703 2048 in

155 2078 314 2134 quibus
358 2079 600 2134 eloquentia
640 2078 862 2127 excelluit,
922 2095 998 2135 per
1040 2080 1310 2122 consulatum
1348 2079 1496 2135 ‘ipsum
1542 2079 1703 2121 Romae

155 2151 396 2200 mansisset,
425 2165 504 2193 our
530 2150 702 2193 tandem
731 2159 829 2206 post
859 2147 1128 2193 consulatum
1160 2151 1335 2192 demum
1359 2151 1403 2192 in
1426 2150 1586 2193 bellum
1604 2165 1704 2207 pro-

156 2223 296 2264 fectus
330 2223 424 2265 est?
483 2221 621 2265 Cuius
654 2224 689 2265 si
719 2222 807 2264 ulla
836 2223 1016 2264 facultas
1043 2230 1180 2272 esset,
1221 2230 1334 2265 certe
1364 2237 1586 2271 successor
1611 2223 1703 2264 eius

158 2294 239 2336 sibi
278 2294 421 2350 potius
462 2295 687 2351 imperium
733 2294 1000 2350 sumpsisset.
1067 2294 1282 2336 Nimirum
1320 2294 1402 2337 hoc
1439 2294 1500 2337 sic
1534 2294 1703 2337 accidit.

160 2366 277 2408 Anni
306 2366 359 2409 74
387 2382 424 2408 a.
459 2365 561 2409 Chr.
591 2367 788 2409 consules
819 2366 872 2408 L.
889 2366 1087 2408 Licinius
1112 2365 1327 2409 Lucullus
1357 2373 1398 2408 et
1411 2366 1475 2407 M.
1501 2366 1703 2408 Aurelius

159 2436 286 2480 Cotta
321 2452 429 2493 quas
468 2439 711 2495 provincias
748 2437 1019 2494 acciperent?
1069 2438 1120 2480 In
1163 2437 1406 2481 Sardiniam
1441 2444 1483 2478 et
1513 2435 1704 2480 Siciliam

159 2516 201 2551 et
231 2509 424 2552 Africam
457 2517 560 2552 tunc
588 2511 761 2566 quidem
791 2510 1035 2553 consulares
1072 2511 1151 2553 viri
1191 2525 1276 2552 non
1310 2507 1705 2565 proficiscebantur,

159 2580 392 2636 Hispanias
437 2581 637 2624 tenebant
678 2582 911 2638 Pompeius
958 2589 999 2624 et
1040 2582 1095 2635 Q.
1135 2582 1360 2631 Metellus,
1404 2579 1705 2622 Macedoniam

160 2651 213 2695 C.
242 2651 396 2703 Curio,
424 2651 624 2696 Ciliciam
650 2654 703 2696 L.
735 2653 967 2705 Octavius,
996 2655 1050 2697 de
1078 2641 1167 2711 quo
1192 2653 1405 2702 diximus,
1445 2666 1525 2694 nec
1551 2651 1706 2693 horum

161 2725 390 2781 quisquam
417 2726 610 2768 revocari
635 2734 813 2782 poterat,
850 2727 951 2782 quia
977 2727 1039 2769 illi
1063 2726 1363 2768 difficillimum
1388 2724 1548 2768 bellum
1567 2724 1705 2766 admi-

160 2797 419 2847 nistrabant,
457 2797 499 2839 hi
537 2797 665 2840 modo
692 2798 934 2854 provincias
965 2807 1229 2855 acceperant.
1283 2797 1430 2851 Quare
1461 2811 1595 2838 unum
1624 2795 1707 2839 hoc

161 2868 500 2924 relinquebatur,
543 2876 592 2911 ut
623 2869 873 2912 consulibus
911 2870 1068 2912 futuris
1104 2869 1188 2925 (sic
1217 2869 1330 2911 enim
1353 2869 1423 2911 lex
1453 2866 1707 2924 Sempronia

1376 2941 1438 2983 4.
