1846 3100
194 133 270 175 154
630 137 683 169 De
708 136 823 169 Gallia
847 138 1080 171 Romanorum
1106 140 1290 181 provincia.

188 259 266 300 per
302 243 523 287 biennium
562 245 650 287 fere
689 245 876 300 praefuit
887 260 898 295 3
940 261 1039 288 nam
1078 247 1246 303 excepit
1285 262 1383 290 eum
1419 248 1503 291 iam
1541 263 1651 291 anno
1680 250 1734 292 58

188 316 241 358 T.
271 314 481 359 Curtilius
511 317 684 359 Mancia
713 317 836 373 (Tac.
866 317 981 359 Ann.
1012 318 1144 369 XIII,
1175 319 1268 370 56),
1301 320 1424 362 cuius
1455 321 1544 364 vita
1574 321 1735 377 reliqua

189 396 254 430 est
282 389 483 445 ignotior.
539 389 631 432 Nec
660 389 831 445 quando
862 390 1081 445 provincia
1108 391 1274 442 abierit,
1303 392 1499 443 traditur,
1531 393 1608 435 sed
1635 409 1734 436 cum

189 461 340 503 eodem
367 463 456 504 fere
486 469 673 518 tempore
702 462 856 511 inierit,
891 477 976 517 quo
1005 463 1048 504 in
1079 463 1280 506 inferiore
1305 463 1538 508 Germania
1558 466 1731 509 Dubius

189 533 363 584 Avitus,
393 534 630 576 decessisse
660 534 786 576 etiam
813 549 900 576 una
925 549 1023 576 cum
1049 535 1129 577 hoc
1157 536 1336 578 coniicio
1364 536 1495 592 idque
1514 552 1565 579 eo
1583 538 1736 593 magis,

188 606 305 661 quod
353 615 575 661 utramque
621 606 896 649 Germaniam
940 615 1197 663 acceperunt
1243 607 1459 651 Scribonii
1501 609 1645 652 Rufus
1695 617 1736 652 et

189 678 422 729 Proculus,
453 680 605 722 fratres
635 679 812 735 egregia
842 679 1070 721 concordia
1097 679 1286 729 nobiles,
1329 680 1406 723 sed
1434 682 1559 725 nobis
1583 697 1736 738 parum

187 751 291 802 noti,
322 752 397 807 qui
422 752 524 807 quia
540 751 723 794 Neronis
753 751 1039 807 suspicionem
1067 759 1298 802 moverant,
1326 767 1438 795 anno
1455 753 1510 797 66
1533 754 1579 796 in
1598 754 1736 797 Grae-

188 824 296 866 ciam
325 824 489 867 evocati
516 830 558 866 et
583 823 721 866 necati
750 830 849 865 sunt
867 823 1019 878 (Dion.
1038 823 1211 874 LXIII,
1234 824 1318 878 117).
1358 825 1410 867 In
1429 840 1575 868 eorum
1592 827 1736 870 locum

187 896 307 938 missi
346 903 466 947 sunt,
507 896 561 938 ad
597 895 842 937 inferiorem
880 896 1138 951 provinciam
1175 897 1410 953 regendam
1451 896 1503 940 C.
1529 898 1736 942 Fonteius

188 966 357 1024 Capito,
388 983 475 1010 cos.
506 967 605 1010 anni
635 968 702 1018 59,
733 968 807 1022 qui
836 983 932 1010 cum
964 968 1007 1009 in
1038 969 1326 1024 suspicionem
1356 969 1524 1025 imperii
1553 971 1736 1014 affectati

187 1041 390 1089 venisset,
420 1040 544 1082 iussu
574 1039 739 1082 Galbae
769 1056 880 1082 anno
910 1041 963 1083 68
995 1041 1164 1082 occisus
1197 1050 1262 1082 est
1295 1041 1418 1097 (Tac.
1447 1042 1546 1084 hist.
1574 1043 1610 1093 I,
1640 1043 1664 1086 7
1695 1051 1738 1086 et

188 1114 260 1163 373
289 1114 369 1163 ΙΙΙ,
390 1113 464 1163 6·2;
492 1113 876 1167 Dion.LXIV,2),
905 1113 960 1155 ad
979 1113 1238 1168 superiorem
1259 1113 1559 1170 L.Verginius
1577 1115 1735 1166 Rufus,

187 1199 276 1228 cos.
305 1185 404 1227 anni
435 1187 502 1235 623,
533 1185 608 1241 qui
638 1200 735 1226 curn
770 1185 966 1227 Vindicis
999 1185 1253 1227 seditionem
1283 1187 1584 1242 oppressisset,
1617 1188 1737 1231 tarde

186 1258 358 1300 Nerone
389 1258 559 1300 deserto
591 1258 644 1300 ad
677 1258 842 1301 Galbae
872 1266 1014 1314 partes
1046 1257 1271 1299 transierat
1300 1258 1484 1313 ideoque
1513 1274 1625 1303 novo
1655 1260 1735 1302 im-

186 1330 371 1386 peratori
418 1338 645 1386 suspectus
690 1331 831 1386 specie
872 1330 1081 1372 amicitiae
1118 1330 1163 1370 in
1201 1330 1353 1371 urbem
1393 1330 1607 1374 abductus
1647 1339 1737 1374 erat

187 1403 310 1458 (Tac.
328 1402 426 1444 hist.
445 1403 479 1452 I,
500 1403 560 1457 8).
606 1402 723 1444 Huic
749 1403 891 1444 stat-im
921 1403 1127 1444 suffectus
1156 1410 1221 1443 est
1249 1402 1529 1445 Hordeonius
1554 1403 1736 1446 Flaccus

187 1475 309 1532 (Tac.
345 1475 443 1517 hist.
471 1475 515 1524 I,
552 1474 577 1516 f)
608 1476 713 1529 sq.),
753 1475 828 1530 qui
857 1491 882 1517 a
910 1474 1176 1530 legionibus,
1214 1489 1395 1529 quarum
1427 1470 1748 1518 contumaciam

187 1555 385 1590 coercere
416 1562 502 1589 non
529 1555 707 1603 poterat,
737 1547 905 1589 occisus
934 1554 996 1589 est
1029 1546 1152 1603 (Tac.
1183 1547 1282 1588 hist.
1301 1547 1380 1596 IV,
1411 1548 1505 1599 36„
1538 1545 1737 1603 Capitoni

186 1621 242 1662 A.
271 1620 484 1669 Vitellius,
517 1634 604 1662 cos.
634 1620 734 1661 anni
766 1620 830 1669 48,
863 1619 1073 1661 successit
1104 1619 1226 1674 (Tac.
1245 1619 1342 1661 hist.
1360 1619 1396 1668 I,
1415 1620 1476 1674 9),
1508 1619 1583 1674 qui
1608 1619 1737 1675 paulo

186 1700 282 1748 post
307 1691 534 1748 imperium
562 1691 745 1747 adeptus
773 1700 851 1733 est.
900 1690 990 1744 Qui
1018 1706 1115 1733 cum
1139 1691 1183 1732 in
1207 1690 1357 1732 urbem
1383 1691 1735 1747 proficisceretur,

186 1779 314 1820 quem
353 1779 431 1806 suo
468 1764 563 1805 loco
593 1764 836 1819 provinciae
868 1763 1102 1819 praefecit?
1158 1762 1295 1804 Nemo
1327 1763 1569 1804 nominatur
1597 1778 1622 1804 a
1650 1762 1736 1805 Ta·

187 1837 292 1886 cito,
330 1836 404 1892 qui
434 1835 606 1877 illorum
636 1845 875 1891 temporum
907 1836 1127 1877 historiam
1156 1835 1283 1890 plene
1315 1835 1504 1890 scripsit,
1548 1834 1624 1878 sed
1655 1834 1738 1878 hoc

186 1916 351 1950 tantum
390 1908 520 1950 habet
555 1908 668 1950 Hist.
697 1909 764 1958 II,
799 1909 851 1951 57
894 1923 1038 1948 curam
1078 1910 1194 1960 rzpae
1222 1909 1456 1948 Hordeonio
1487 1910 1634 1948 Flacco
1659 1923 1737 1948 esse

181 1983 434 2034 permissam.
511 1981 609 2023 Hoc
654 1980 760 2035 quid
806 1979 1050 2035 significat?
1109 1979 1224 2021 Num
1268 1986 1392 2022 antea
1428 1980 1545 2036 ripae
1591 1994 1736 2021 curam

186 2052 347 2094 nullam
377 2051 583 2094 habuerat
615 2052 831 2094 Flaccus?
879 2052 939 2093 At
970 2066 1145 2093 necesse
1176 2058 1264 2093 erat
1297 2049 1473 2092 haberet
1505 2052 1578 2105 qui
1608 2066 1736 2107 supe-

185 2125 341 2167 riorem
372 2124 647 2167 Germaniam
674 2131 878 2165 tueretur.
935 2123 1070 2165 Aliud
1099 2123 1233 2178 igitur
1259 2122 1364 2164 dicit
1389 2121 1580 2172 Tacitus,
1610 2123 1735 2165 nimi-

185 2212 280 2239 rum
306 2196 402 2247 hoc,
431 2203 657 2252 utramque
686 2194 963 2238 Germaniam
992 2195 1030 2236 ei
1063 2209 1157 2236 esse
1189 2194 1471 2244 commissam,
1500 2208 1608 2249 quae
1637 2209 1734 2237 cum

187 2269 372 2312 maxima
410 2269 630 2326 copiarum
670 2283 768 2324 pars
807 2282 904 2309 cum
935 2266 1109 2308 Vitellio
1148 2266 1193 2307 in
1227 2265 1391 2308 Italiam
1430 2265 1611 2316 abisset,
1650 2281 1735 2308 non

186 2342 369 2398 amplius
400 2342 573 2384 duobus
603 2340 756 2395 legatis
794 2337 1092 2381 consularibus
1124 2336 1353 2379 videbatur
1383 2352 1523 2393 egere.
1586 2338 1735 2393 Itaque

186 2413 364 2456 Tacitus
403 2414 518 2456 Hist.
551 2412 630 2462 IV,
675 2412 742 2461 12,
787 2409 862 2452 ubi
904 2407 1059 2451 Civilis
1098 2408 1351 2451 seditionem
1393 2417 1556 2459 narrat,
1601 2424 1734 2451 unum

186 2486 484 2528 Hordeonium
514 2485 722 2528 nominat:
766 2483 838 2524 ille
867 2482 912 2523 in
939 2481 1140 2522 inferiore
1168 2480 1391 2535 provincia
1420 2481 1581 2523 bellum
1611 2481 1735 2536 gerit,

186 2558 258 2600 ille
297 2558 488 2600 omnium
525 2557 746 2614 legionum
782 2553 936 2610 legatis
970 2553 1170 2608 imperat,
1214 2552 1285 2595 ille
1324 2567 1436 2595 unus
1479 2559 1609 2595 totam
1645 2567 1734 2594 rem

187 2630 476 2680 administrat,
511 2638 560 2672 ut
594 2628 807 2671 neminem
833 2625 964 2668 alium
990 2631 1092 2666 tunc
1118 2624 1309 2666 inferiori
1333 2624 1587 2667 Germaniae
1614 2639 1734 2680 prae-

186 2702 323 2745 fuisse
352 2703 530 2745 eluceat.
587 2701 676 2744 Sed
707 2699 849 2742 occiso
878 2713 928 2740 eo
958 2712 1109 2739 rursus
1141 2697 1306 2739 divisae
1337 2703 1437 2739 sunt
1457 2695 1734 2746 Germaniae3

187 2790 285 2816 nam
310 2774 508 2817 Licinius
535 2774 778 2822 Mucianus,
808 2770 883 2826 qui
908 2778 1009 2812 tunc
1034 2770 1195 2812 Romae
1220 2768 1447 2824 imperium
1467 2766 1734 2824 procurabat,

188 2846 233 2888 in
279 2846 522 2888 inferiorem
569 2845 685 2888 misit
731 2844 784 2898 Q.
822 2842 1023 2885 Petilium
1066 2840 1281 2885 Cerialem
1319 2838 1522 2883 Caesium
1557 2840 1734 2889 Rufum,
