1846 3100
524 149 578 180 De
601 148 733 189 legibus
760 148 1021 190 municipalibus
1045 148 1251 190 Hispanicis.
1578 147 1658 191 287

114 258 353 314 municipes
379 263 777 307 commemorentur,
804 271 889 298 non
921 256 1142 306 efficiatur,
1177 272 1256 299 nec
1286 258 1421 301 fuisse
1450 260 1659 315 quaedam

115 330 362 387 municipia,
382 330 612 372 Latinitate
649 337 811 371 tantum
850 329 1043 385 praedita
1070 344 1149 371 nec
1186 330 1228 371 in
1269 330 1362 386 ipso
1391 331 1464 373 illo
1493 332 1660 374 nullum

114 403 249 445 fuisse
295 403 418 458 quasi
461 417 617 458 corpus
664 401 778 457 quod
819 401 872 443 ab
919 401 1039 442 initio
1078 403 1216 444 statim
1257 403 1427 446 civitate
1468 404 1662 447 Romana

116 475 337 517 uteretur?
385 474 659 530 Quamquam
687 489 774 515 uno
805 474 848 514 in
880 489 1035 529 genere
1063 475 1190 530 paulo
1221 475 1408 517 deterior
1446 483 1510 518 est
1546 477 1660 519 colo-

115 547 281 589 niarum
310 547 430 589 ratio.
486 546 702 600 Quoniam
731 546 843 588 enim
873 546 1006 588 coloni
1037 546 1252 596 dicuntur,
1283 548 1355 602 qui
1387 549 1455 590 vel
1486 548 1661 591 deducti

116 619 184 662 vel
214 619 270 662 ad
301 634 388 670 eos,
419 619 493 674 qui
523 618 861 668 deducebantur,
899 618 1071 674 ascripti
1107 627 1219 669 sunt,
1258 621 1474 675 quomodo
1505 622 1578 677 qui
1616 622 1659 663 in

119 691 308 734 coloniae
348 690 655 747 rempublicam
695 690 925 732 contributi
966 698 1097 741 erant,
1137 692 1478 747 appellarentur?
1533 692 1661 736 Certe

117 778 202 805 non
244 762 395 812 coloni,
434 762 508 804 sed
546 770 743 818 poterant
780 762 1017 819 municipes
1061 764 1129 806 vel
1167 764 1373 815 similiter,
1407 774 1533 821 atque
1563 767 1662 809 hinc

116 850 287 892 quoque
325 835 494 885 accidit,
526 835 643 890 quod
677 835 720 876 in
750 844 974 877 comment.
993 836 1015 877 Ι
1041 851 1082 892 p.
1103 836 1182 879 476
1215 837 1448 893 tetigimus,
1481 846 1530 880 ut
1563 854 1661 880 cum

116 909 210 965 ipsa
244 908 408 950 colonia
437 923 656 963 nunquam
689 907 907 963 municipii
940 923 1092 950 nomen
1122 908 1310 960 haberet,
1341 912 1415 965 qui
1452 919 1592 953 tamen
1617 911 1661 952 in

117 996 167 1023 ea
193 987 350 1030 essent,
383 979 624 1021 necessario
656 995 782 1036 saepe
811 980 1048 1036 municipes
1073 982 1398 1037 appellarentur.
1439 984 1499 1025 At
1522 984 1662 1025 muni-

117 1053 324 1109 cipiorum
363 1052 409 1094 id
450 1060 515 1094 est
555 1067 722 1102 nomen,
761 1060 808 1093 ut
837 1052 943 1094 nihil
975 1052 1127 1103 obstet,
1159 1055 1388 1108 quominus
1417 1056 1662 1111 quicunque

116 1139 262 1167 eorum
292 1124 553 1180 reipublicae
583 1125 812 1181 participes
846 1132 958 1173 sunt,
990 1126 1228 1182 municipes
1257 1128 1466 1170 dicantur.

228 1197 519 1240 Veruntamen
550 1197 667 1253 quod
698 1197 738 1238 in
775 1197 952 1239 coloniis
981 1198 1283 1250 intelleximus,
1314 1201 1428 1242 idem
1459 1201 1502 1241 in
1521 1201 1662 1242 muni-

116 1269 239 1325 cipiis
274 1276 416 1325 potest
451 1270 733 1312 demonstrari
773 1277 815 1311 et
847 1270 890 1310 in
926 1270 979 1311 iis
1016 1272 1270 1328 municipii-5,
1309 1289 1418 1328 quae
1449 1273 1663 1315 civitatem

117 1341 352 1384 Romanam
388 1341 592 1384 habuisse
631 1350 808 1384 constet.
870 1342 978 1385 Nam
1010 1344 1055 1385 in
1092 1345 1216 1388 Italia
1246 1346 1463 1402 superiore
1496 1345 1587 1387 sive
1618 1345 1662 1386 in

120 1413 262 1457 Gallia
286 1412 507 1469 Cisalpina
537 1429 621 1456 non
646 1415 774 1457 modo
807 1415 996 1458 coloniae
1024 1417 1181 1459 multae
1210 1432 1308 1460 cum
1336 1417 1557 1474 republica
1587 1432 1664 1460 sua

120 1486 368 1528 coniunctas
409 1486 623 1529 habebant
669 1495 819 1543 gentes
858 1487 1099 1544 Inalpinas,
1139 1490 1215 1531 sed
1256 1489 1382 1532 etiam
1420 1490 1664 1546 municipia.

120 1557 438 1601 Commemorat
467 1559 576 1602 Plin.
609 1566 693 1601 nat.
721 1559 819 1602 hist.
837 1559 919 1609 III,
940 1560 1008 1610 20,
1032 1561 1109 1604 134
1140 1564 1291 1602 Latini
1315 1562 1420 1602 εἰινῐε
1445 1565 1666 1615 Euganeas

114 1638 255 1685 gentes
281 1657 336 1662 —
362 1647 412 1672 etc
439 1635 489 1672 iis
525 1635 838 1685 Triumpilinos,
868 1635 1051 1674 venalem
1079 1649 1170 1674 cum
1202 1637 1316 1687 agris
1345 1636 1428 1673 suis
1448 1636 1666 1687 populum,

120 1705 214 1744 dein
245 1705 450 1746 Camunos
480 1706 782 1757 compluresque
796 1707 946 1745 similes
959 1708 1161 1758 finitimis
1179 1706 1397 1747 attributos
1414 1708 1665 1759 municipii&

117 1775 241 1817 Idem
269 1775 410 1830 §.138
440 1773 660 1818 Cottianas
698 1776 891 1819 civitates
921 1776 1015 1819 XII
1043 1778 1267 1820 attributas
1309 1793 1403 1820 esse
1438 1778 1496 1820 ait
1525 1781 1664 1819 muni-

121 1847 243 1904 cipiis
274 1848 371 1903 lege
391 1847 608 1903 Pompeia,
635 1863 742 1903 quas
770 1849 897 1906 paulo
921 1857 1016 1892 ante
1032 1850 1159 1892 Latio
1185 1850 1399 1906 praeditas
1428 1865 1522 1892 esse
1544 1850 1664 1892 dixe-

118 1927 197 1962 rat.
247 1920 316 1962 En
346 1920 403 1971 id,
436 1919 553 1976 quod
591 1921 860 1975 quaerimus:
902 1921 1133 1978 municipia
1171 1937 1279 1977 quae
1316 1922 1418 1978 quin
1450 1922 1664 1964 civitatem

121 1991 366 2043 habuerint,
404 2008 489 2035 non
523 1999 588 2035 est
628 1993 809 2035 dubium
845 1995 963 2051 (nam
999 1993 1166 2036 nullum
1203 2002 1306 2037 tunc
1346 1995 1389 2036 in
1421 1994 1546 2036 Italia
1577 2001 1667 2036 erat

123 2064 328 2120 oppidum
367 2065 450 2108 nisi
479 2065 638 2108 civium
664 2065 990 2119 Romanorum),
1023 2066 1271 2109 coniunctas
1309 2082 1406 2108 cum
1445 2066 1667 2123 republica

122 2151 200 2179 sua
230 2137 390 2180 habent
417 2137 611 2180 civitates
640 2138 872 2179 Latinitate
903 2137 1129 2192 praeditas,
1157 2139 1330 2193 duoque
1367 2140 1410 2179 in
1441 2139 1493 2181 iis
1522 2139 1663 2180 muni-

121 2208 242 2264 cipiis
276 2216 376 2252 sunt
405 2209 624 2252 hominum
657 2225 827 2266 genera,
849 2210 1007 2252 civium
1025 2210 1316 2252 Romanorum
1339 2218 1381 2252 et
1398 2210 1666 2261 Latinorum,

121 2279 279 2336 quibus
296 2281 392 2337 lege
413 2282 658 2338 municipali
679 2282 911 2338 aequaliter
928 2282 1166 2324 cavendum
1188 2290 1263 2324 est.
1302 2283 1400 2325 Hoc
1419 2283 1513 2324 iure
1527 2282 1666 2324 Vero-

121 2369 220 2395 nam
237 2353 386 2404 fuisse,
416 2369 545 2409 quam
563 2354 737 2397 Traiani
767 2355 940 2396 demum
968 2361 1103 2396 aetate
1132 2355 1322 2397 coloniae
1352 2355 1421 2396 ius
1444 2355 1661 2411 accepisse

121 2425 344 2481 probabile
369 2434 434 2469 est
460 2424 720 2482 (Comment.
746 2427 767 2468 Ι
797 2441 838 2482 p.
867 2426 982 2479 403),
1013 2441 1191 2482 eamque
1222 2427 1277 2469 ob
1307 2442 1479 2469 causam
1506 2427 1664 2469 Raeto-

121 2513 216 2540 rum
256 2505 298 2540 et
336 2498 644 2554 Euganeorum
686 2498 894 2555 oppidum
934 2499 1050 2555 apud
1085 2499 1197 2540 Plin.
1222 2499 1303 2548 III,
1344 2499 1422 2542 130
1459 2499 1664 2555 appellari

122 2568 315 2620 arbitror,
350 2569 432 2613 hoc
464 2571 618 2614 eodem
650 2572 733 2614 alia
769 2586 855 2614 non
885 2586 1022 2627 pauca
1050 2569 1216 2613 Galliae
1250 2568 1494 2627 Cisalpinae
1523 2571 1664 2613 muni-

123 2641 234 2697 cipia
260 2657 341 2684 usa
369 2657 463 2685 esse
491 2643 649 2685 iudico.
698 2644 787 2686 Sed
817 2644 934 2699 quod
965 2643 1009 2685 in
1033 2643 1157 2685 Italia
1173 2643 1358 2698 primum
1383 2643 1532 2693 extitit,
1548 2643 1665 2685 idem

122 2713 277 2756 deinde
318 2714 374 2756 ad
413 2715 656 2770 provincias
692 2716 943 2758 translatum
971 2723 1048 2758 est.
1101 2715 1233 2758 Velut
1262 2715 1307 2756 in
1335 2713 1488 2757 Africa
1522 2715 1663 2757 nobile

121 2784 333 2841 imprimis
368 2785 574 2842 oppidum
607 2787 690 2828 fuit
725 2787 866 2838 Utica,
904 2788 1020 2842 quod
1050 2802 1146 2829 cum
1178 2803 1203 2829 a
1229 2787 1494 2829 Punicorum
1531 2785 1664 2828 bello-

121 2871 218 2899 rum
243 2865 432 2914 tempore
455 2858 510 2900 de
533 2858 724 2901 Romano
749 2859 927 2915 imperio
958 2859 1066 2902 bene
1096 2859 1336 2910 meruisset,
1365 2858 1543 2915 praemii
1570 2858 1663 2902 loco
