1846 3100
158 108 213 152 56
595 112 651 144 De
675 110 789 145 Gallia
816 113 1052 147 Romanorum
1075 115 1259 156 provincia.

152 220 312 263 habere
338 220 628 264 arbitraretur.
688 219 896 271 Accedit,
932 221 1049 276 quod
1078 221 1122 264 in
1153 222 1331 267 totidem
1361 239 1495 269 annos
1525 226 1704 284 accepit,

153 292 198 334 in
238 299 344 348 quot
371 293 606 350 Pompeius
639 293 867 349 imperium
895 293 1178 345 maritimum3
1227 302 1310 339 tam
1348 297 1424 339 diu
1462 299 1575 340 enim
1602 313 1705 342 eum

153 363 423 407 Narbonensi
454 364 622 409 Galliae
650 365 890 421 praefuisse
918 379 972 407 ex
998 363 1208 410 Cicerone
1237 382 1279 424 p.
1309 367 1457 412 Plane.
1488 370 1541 413 39
1572 370 1704 414 disci-

153 452 264 488 mus,
296 436 371 479 ubi
394 453 420 480 a
441 452 487 480 se
519 436 694 479 consule
711 436 915 479 Pisonem
945 451 1045 480 cum
1066 439 1401 495 repetundarum
1429 439 1555 497 (Sall.
1579 440 1705 485 Catil.

154 509 275 564 0.49)
294 516 561 566 argueretur,
577 509 635 551 ait
654 523 749 551 esse
769 509 1022 561 defensum3
1050 512 1311 554 successisse
1329 519 1471 555 autem
1487 514 1525 556 ei
1541 521 1707 558 constat

155 579 207 624 C.
235 581 543 638 Pomptinium.
596 581 726 623 Anno
756 581 811 623 66
836 596 946 637 quae
975 583 1265 626 consularium
1293 585 1612 640 provinciarum
1638 587 1705 629 di-

155 654 266 696 visio
317 654 467 703 fuerit,
524 660 589 695 est
643 653 886 696 obscurius.
966 652 1056 697 Sed
1110 655 1192 698 hoc
1239 662 1382 699 tamen
1433 664 1595 700 certum
1641 665 1707 701 est

154 725 231 767 M.’
257 724 493 768 Aemilium
520 725 738 781 Lepidum
771 725 981 769 mansisse
1012 726 1186 777 Romae,
1218 728 1431 784 siquidem
1462 729 1517 773 ab
1544 729 1705 773 Ascon.

154 813 197 854 p.
227 798 280 841 60
310 795 446 840 Orell.
485 805 528 840 et
554 797 697 841 Valer.
731 798 849 841 Max.
881 798 1012 850 VIH,
1044 799 1094 850 5,
1135 800 1159 842 4
1192 799 1238 842 in
1275 815 1406 844 causa
1431 799 1483 844 C.
1514 799 1706 845 Cornelii

154 870 386 912 maiestatis
404 870 479 920 rei,
502 885 612 925 quae
639 870 881 926 insequenti
899 885 1009 913 anno
1027 878 1122 914 acta
1141 879 1217 922 est,
1234 872 1525 915 testimonium
1544 873 1706 917 dixisse

155 949 365 984 narratur.
403 941 577 983 Nullam
605 941 740 998 igitur
770 949 986 985 externam
1017 943 1281 1000 provinciam
1307 945 1430 995 rexit,
1462 945 1538 988 sed
1558 946 1705 989 Italiae

156 1014 424 1072 Galliaeque,
453 1022 681 1071 postquam
697 1015 932 1071 Pompeius
951 1016 1145 1058 confecto
1164 1015 1276 1058 bello
1301 1016 1478 1072 piratico
1495 1017 1705 1061 adversus

155 1088 454 1131 Mithridatem
482 1088 641 1130 missus
668 1087 712 1129 in
731 1087 882 1130 Asiam
911 1088 1028 1139 abiit,
1061 1089 1186 1131 solito
1213 1103 1330 1131 more
1361 1089 1558 1145 praefuit.
1603 1087 1707 1132 Col-

153 1161 252 1217 lega
281 1166 424 1203 autem
465 1160 558 1202 eius
589 1159 642 1201 L.
673 1159 894 1202 Volcatius
922 1160 1079 1203 Tullus
1107 1160 1279 1203 videtur
1317 1176 1418 1204 sane
1453 1161 1499 1203 in
1528 1162 1704 1216 provin-

153 1234 263 1276 ciam
290 1247 386 1275 esse
416 1232 650 1288 profectus.
707 1231 817 1275 Nam
851 1232 895 1274 in
926 1247 1057 1275 causa
1084 1232 1158 1275 illa
1189 1231 1393 1284 Cornelii,
1419 1249 1547 1289 quam
1577 1234 1705 1277 modo

157 1305 361 1355 diximus,
392 1304 555 1346 Ascon.
584 1304 613 1346 l.
640 1303 668 1346 l.
701 1311 742 1346 et
759 1303 903 1347 Valer.
921 1303 1041 1346 MaX.
1070 1303 1097 1346 l.
1125 1304 1153 1345 l.
1185 1310 1316 1347 testes
1340 1305 1561 1347 nominant
1587 1307 1706 1362 prin-

155 1378 270 1433 cipes
305 1377 488 1419 civitatis
518 1391 592 1419 reo
622 1377 827 1427 infestos,
865 1376 910 1419 in
946 1375 1126 1432 quibus,
1161 1377 1197 1419 si
1227 1376 1388 1420 Romae
1425 1377 1621 1429 adesset,
1665 1386 1708 1422 et

154 1464 250 1492 esse
278 1455 320 1492 et
345 1449 555 1492 nominari
584 1448 807 1505 oportebat
834 1448 888 1492 L.
919 1449 1185 1500 Volcatium,
1226 1450 1386 1507 quippe
1425 1465 1553 1506 quem
1595 1451 1706 1507 opti-

153 1521 332 1564 matium
363 1520 727 1564 studiosissimum
758 1521 894 1564 fuisse
923 1536 977 1564 ex
1012 1521 1065 1563 iis
1095 1537 1205 1578 quae
1236 1522 1371 1578 gessit
1401 1522 1706 1579 intelligamus.

153 1593 265 1637 Nam
302 1600 344 1636 et
379 1593 423 1635 in
462 1593 558 1650 ipso
599 1594 827 1637 consulatu
865 1594 1090 1637 consilium
1125 1594 1349 1650 publicum
1389 1593 1564 1645 habuit,
1602 1610 1707 1637 num

155 1664 366 1710 Catilinae
409 1666 453 1708 in
491 1666 677 1722 petendo
710 1667 941 1709 consulatu
981 1667 1087 1708 ratio
1124 1666 1323 1709 habenda
1362 1674 1476 1709 esset
1513 1666 1702 1724 (Ascon.

153 1755 196 1796 p.
227 1739 316 1794 90),
345 1744 387 1780 et
416 1736 635 1781 Ciceronis
667 1739 936 1782 consulatum
966 1737 1163 1795 probavit
1192 1736 1304 1793 (Cic.
1331 1738 1440 1781 Phil.
1457 1739 1516 1788 II,
1545 1739 1585 1789 5,
1619 1739 1704 1794 12),

155 1819 197 1854 et
227 1813 271 1854 in
297 1811 412 1855 civili
443 1810 556 1853 bello
586 1811 978 1854 moderatissimum
1005 1827 1051 1855 se
1082 1810 1290 1854 exhibuit.
1334 1809 1425 1854 Sed
1449 1825 1578 1867 quam
1609 1817 1703 1854 tan-

156 1884 255 1927 dem
280 1884 546 1941 provinciam
575 1884 753 1927 habuit?
800 1882 997 1927 Ciliciam
1026 1899 1136 1927 anno
1166 1884 1220 1927 65
1254 1883 1424 1926 tenebat
1454 1883 1702 1939 Pompeius,

156 1957 482 2000 Narbonensem
499 1956 684 1999 Galliam
705 1955 756 1999 C.
776 1955 1037 2013 Calpurnius
1066 1957 1184 2006 Piso,
1218 1955 1450 2012 superioris
1480 1956 1579 1998 anni
1604 1969 1706 1998 con-

159 2030 240 2079 sul,
271 2029 422 2072 Asiam
454 2028 510 2083 Ω.
537 2028 759 2072 Voconius
792 2028 923 2079 Naso,
952 2029 1253 2071 Macedoniam
1287 2027 1343 2082 Ω.
1363 2027 1568 2071 Metellus
1599 2026 1706 2070 Cre—

158 2102 293 2152 ticus,
333 2100 501 2151 Sicilia,
541 2101 763 2152 Sardinia,
804 2101 956 2144 Africa
986 2116 1207 2157 nunquam
1231 2100 1313 2144 hac
1351 2107 1486 2143 aetate
1527 2101 1705 2143 fuerunt

158 2173 419 2217 consulares.
491 2173 766 2229 Relinquitur
819 2173 954 2229 igitur
997 2173 1210 2230 Hispania
1256 2172 1434 2215 ulterior
1443 2189 1454 2223 3
1514 2187 1613 2215 nam
1658 2172 1703 2214 in

156 2245 397 2290 citeriorem
433 2260 531 2288 cum
569 2245 606 2287 is
643 2245 718 2301 qui
758 2245 933 2287 sortitus
971 2252 1082 2296 erat,
1126 2245 1244 2288 adire
1285 2245 1356 2287 vel
1395 2244 1605 2288 noluisset
1636 2244 1706 2287 vel

156 2318 402 2376 nequisset,
448 2322 651 2374 quaestor
688 2332 763 2373 pro
805 2324 1000 2374 praetore
1042 2317 1201 2360 missus
1234 2323 1298 2360 est
1330 2315 1411 2359 Cn.
1442 2314 1705 2373 Calpurnius

156 2391 260 2434 Piso
290 2389 416 2447 (Sall.
448 2387 542 2432 Cat.
576 2390 623 2432 19
634 2406 645 2439 3
683 2389 770 2431 Dio
803 2387 927 2432 Cass.
954 2389 1182 2440 XXXVI,
1216 2390 1291 2440 273
1339 2388 1459 2431 Suet.
1489 2386 1614 2431 Caes.
1643 2388 1705 2444 9).

156 2463 302 2506 Rediit
333 2469 476 2505 autem
503 2462 557 2504 L.
574 2461 799 2504 Volcatius
827 2462 872 2504 in
900 2461 1052 2505 urbem
1084 2463 1197 2506 circa
1226 2477 1386 2505 annum
1413 2460 1490 2511 633
1522 2476 1620 2503 nam
1650 2460 1705 2503 de

159 2536 374 2578 sociorum
406 2533 617 2578 Catilinae
652 2534 1022 2577 animadversione
1057 2549 1156 2577 eum
1185 2534 1229 2576 in
1263 2542 1414 2578 senatu
1454 2532 1707 2576 sententiam

159 2607 322 2650 dixisse
358 2613 502 2650 narrat
538 2604 692 2650 Cicero
735 2606 790 2649 ad
830 2606 920 2648 Att.
950 2606 1070 2656 XII,
1114 2606 1181 2649 21.
1240 2606 1460 2663 Deinceps
1499 2619 1610 2648 anno
1652 2604 1705 2647 65

159 2679 212 2721 L.
229 2679 443 2722 Manlium
459 2678 727 2735 Torquatum
755 2693 842 2722 cos.
862 2678 1060 2721 sortitum
1081 2693 1176 2721 esse
1192 2678 1492 2721 Macedoniam
1519 2677 1706 2719 diximus

158 2751 203 2792 in
232 2750 472 2795 Comment.
505 2750 726 2808 epigraph.
752 2750 849 2794 Vol.
881 2751 927 2793 II
963 2765 1008 2807 p.
1044 2750 1147 2800 192,
1187 2750 1368 2793 alterum
1395 2751 1448 2793 L.
1479 2748 1707 2792 Aurelium

162 2822 333 2866 Cottam
361 2823 406 2865 in
419 2823 544 2869 Italia
570 2822 779 2867 mansisse
796 2837 936 2880 neque
963 2829 1180 2865 externam
1199 2822 1463 2880 provinciam
1489 2821 1707 2879 accepisse
