1846 3100
152 161 236 205 292
565 165 620 197 De
643 164 778 205 legibus
800 164 1061 207 municipalibus
1083 164 1291 207 Hispanicis.

154 274 331 318 Livium
356 273 512 324 XXV,
545 273 583 323 3,
624 273 700 316 ubi
731 272 941 316 iudicium
970 272 1033 316 M.
1061 273 1273 315 Postumii
1310 272 1548 331 Pyrgensis
1582 275 1698 332 apud

151 347 322 404 plebem
373 347 424 390 ab
468 346 640 389 duobus
682 338 866 389 tribunis
907 344 1046 401 plebis
1087 346 1275 388 accusati
1314 347 1556 403 exponitur,
1594 347 1700 390 haec

153 427 278 462 sunt:
328 422 425 474 Spes
460 435 548 460 una
584 419 798 460 videbatur
836 433 926 468 esse,
965 421 1003 459 si
1040 419 1080 461 C.
1110 420 1309 460 Servilius
1348 420 1474 462 Casca
1511 420 1727 474 tribtmm¹

148 493 274 547 plebis
307 518 362 524 --
394 495 640 546 priusquam
679 492 737 532 acl
769 491 1025 544 suff'ragium
1064 491 1193 531 tribus
1220 498 1489 543 vocarentur,'
1510 494 1696 534 interces-

151 570 271 607 sisset.
338 564 520 607 Testibus
566 565 674 604 datis
716 564 878 604 tribuni
914 565 1116 616 populum
1155 562 1444 605 submoverunt
1486 567 1701 618 sitellaque

152 641 242 680 lata
272 644 340 689 est,
371 644 421 678 ut
448 639 698 678 sortirentur
732 636 804 676 ubi
827 638 983 676 Latini
1008 636 1265 689 affugium
1286 636 1464 688 ferrent
1516 636 1582 678 Ita
1615 651 1699 678 non

153 711 283 754 modo
322 710 510 766 optimus
547 707 737 775 omnium
770 708 906 751 codex
933 708 1155 750 Puteanus
1184 706 1326 757 habet,
1355 707 1439 749 nisi
1468 707 1584 763 quod
1614 724 1699 750 non

152 786 342 833 sitellam,
386 782 462 824 sed
507 787 653 837 aperto
693 795 833 823 errore
872 784 946 821 site
982 782 1100 821 illam
1137 780 1343 835 appellat,
1382 795 1530 822 verum
1574 781 1700 823 etiam

153 856 322 912 reliqui,
359 862 408 897 ut
443 853 562 896 nulla
597 868 775 909 prorsus
812 852 1007 895 lectionis
1044 852 1328 908 discrepantia
1365 860 1548 895 notetur.
1611 853 1699 895 Sed

157 928 471 985 displicuerunt
497 933 638 969 tamen
663 925 809 968 Latini
836 925 871 967 Ι.
890 925 962 967 Fr.
986 924 1223 975 Gronovi0‚
1250 925 1344 967 viro
1363 925 1492 982 longe
1510 925 1699 967 omnium

154 1001 416 1049 doctissimo,
449 999 509 1052 (in
543 998 718 1055 epistola
745 997 800 1039 ad
827 997 920 1039 Nic.
939 997 1167 1039 Heinsium
1195 998 1239 1038 in
1271 997 1502 1040 Burmann.
1534 995 1699 1054 Syllog.

153 1073 278 1130 epist.
309 1073 377 1115 III
405 1088 445 1128 p.
465 1071 568 1125 ⁶255)
597 1070 671 1126 qui
700 1085 797 1112 cum
825 1085 963 1125 neque
994 1077 1090 1112 ante
1120 1070 1312 1126 suffragii
1346 1070 1545 1112 lationem
1574 1070 1700 1112 aliam

154 1146 285 1188 ullam
307 1144 569 1187 sortitionem
590 1143 681 1184 fieri
698 1149 869 1199 putaret
890 1142 971 1184 nisi
1003 1143 1325 1199 praerogativae
1353 1157 1491 1198 neque
1521 1142 1699 1185 Latinos

151 1218 237 1260 iam
263 1224 452 1273 tempore
482 1216 583 1258 belli
616 1215 770 1257 Punici
802 1214 972 1256 civitate
1004 1230 1053 1256 ac
1082 1215 1275 1271 suffragii
1306 1215 1397 1256 iure
1427 1214 1554 1269 <haec
1587 1215 1699 1256 enim

154 1305 242 1332 uno
269 1290 363 1332 iure
394 1288 600 1331 contineri
630 1287 919 1343 existimabat)
946 1287 1126 1329 donatos
1154 1302 1248 1329 esse
1278 1287 1482 1336 erederet,
1510 1287 1568 1329 sic
1597 1302 1698 1329 con-

150 1363 250 1406 iecit
274 1364 486 1416 sitellaque
516 1364 650 1402 allata
680 1368 749 1409 est,
777 1368 825 1401 uc
851 1363 938 1412 (vel
967 1361 1054 1414 ubi)
1084 1363 1332 1401 sortirentur
1367 1361 1495 1400 tribus
1523 1375 1573 1401 ac
1606 1362 1699 1401 dein

151 1436 410 1489 suffragium
442 1435 628 1488 ferrent.
690 1431 830 1474 Cuius
876 1432 1104 1474 auctoritas
1156 1432 1235 1474 etsi
1281 1447 1362 1474 non
1410 1432 1501 1474 sine
1545 1447 1701 1488 magna

152 1507 338 1563 quadam
369 1506 635 1549 dubitatione
673 1513 775 1555 erat,
806 1505 1081 1547 vehementer
1110 1504 1244 1546 movit
1272 1511 1314 1546 et
1350 1504 1466 1546 Livii
1499 1504 1699 1554 editores,

153 1594 335 1635 quorum
366 1593 490 1620 nemo
522 1579 611 1620 fere
643 1577 811 1620 codices
841 1577 1081 1632 sequendos
1103 1592 1198 1619 esse
1227 1576 1408 1633 putavit,
1431 1584 1472 1618 et
1495 1576 1700 1632 plurimos

153 1652 270 1694 viros
323 1652 493 1701 doctos,
547 1651 621 1706 qui
668 1650 911 1693 Latinitatis
958 1650 1053 1692 iura
1106 1655 1386 1705 exponerent,
1438 1663 1491 1690 ex
1539 1647 1699 1704 quibus

152 1724 409 1768 Huschkius
448 1723 502 1765 de
532 1722 698 1778 republ.
731 1724 853 1764 Serv.
885 1722 1000 1764 Tull.
1037 1738 1076 1779 p.
1109 1722 1191 1764 649
1230 1728 1271 1763 et
1305 1720 1626 1764 Weissenborn.
1654 1721 1698 1762 in

152 1807 466 1854 programmate
500 1810 696 1852 gymnas.
726 1795 995 1838 Isenacensis
1028 1794 1127 1837 anni
1161 1793 1266 1837 1833
1299 1793 1492 1835 similiter
1521 1808 1698 1850 prorsus

153 1869 470 1912 emendandum
500 1883 595 1910 esse
626 1876 897 1911 censuerunt.
940 1867 1066 1909 Nunc
1097 1873 1209 1908 certe
1237 1866 1577 1908 conservandum
1605 1880 1699 1908 esse

153 1941 386 1991 videbitur,
423 1940 540 1996 quod
582 1941 624 1982 in
663 1940 862 1983 omnibus
899 1939 1120 1982 codicibus
1157 1946 1221 1981 est
1254 1946 1303 1979 ut
1347 1941 1596 1979 sortirentur
1631 1938 1704 1978 ubi

153 2017 308 2055 Latini
332 2015 590 2067 suffragium
622 2019 797 2066 ferrent,
826 2027 906 2055 nec
936 2020 1075 2054 tamen
1110 2010 1330 2066 probanda
1357 2025 1519 2059 eorum,
1555 2009 1627 2064 qui
1660 2018 1701 2050 et

154 2086 207 2127 de
234 2085 489 2128 Latinorum
522 2085 728 2140 suffragio
759 2085 989 2127 credebant.
1016 2091 1056 2126 et
1087 2083 1241 2125 Livius
1274 2097 1325 2124 an
1353 2088 1466 2123 recte
1498 2081 1698 2136 scripsis-

155 2166 219 2200 set
249 2157 516 2207 dubitabant,
546 2158 700 2213 opinio‚
727 2158 801 2213 qui
827 2157 927 2199 hinc
957 2157 1011 2198 de
1042 2155 1246 2211 suffragio
1277 2154 1444 2196 Latinis
1475 2152 1636 2208 ubique
1659 2160 1701 2194 et

154 2230 354 2272 omnibus
385 2230 485 2272 dato
517 2229 786 2286 colligebant,
828 2230 946 2271 velut
982 2227 1189 2271 Niebuhr,
1220 2227 1318 2268 hist.
1349 2226 1473 2268 Rom.
1502 2225 1545 2267 ΙΙ
1579 2241 1620 2282 p.
1646 2225 1700 2268 86

155 2310 197 2345 et
224 2303 291 2345 ΙΙΙ
321 2302 416 2345 620.
475 2303 648 2344 Etenim
680 2317 764 2343 non
795 2301 849 2343 de
882 2299 1081 2342 omnibus
1109 2299 1277 2341 Latinis
1296 2298 1451 2340 Livius
1479 2298 1595 2348 dicit,
1624 2297 1701 2339 sed

155 2375 209 2417 de
238 2375 291 2417 iis
321 2375 395 2430 qui
424 2375 585 2417 Romae
610 2374 774 2417 incolae
803 2381 935 2423 erant,
964 2373 992 2414 i.
1019 2388 1055 2414 e.
1083 2372 1157 2428 qui
1189 2386 1285 2412 cum
1317 2385 1369 2412 ex
1407 2370 1502 2412 aliis
1531 2369 1700 2426 oppidis

155 2447 326 2489 oriundi
355 2454 514 2497 essent,
555 2462 605 2489 eo
638 2446 900 2488 domicilium
930 2460 1056 2487 suum
1092 2444 1382 2486 contulerant:
1419 2443 1500 2493 his,
1531 2449 1579 2483 ut
1604 2441 1701 2483 Ma-

154 2519 271 2561 lacae
297 2534 384 2561 una
412 2519 543 2570 curia,
573 2519 631 2560 ita
657 2519 817 2561 Romae
845 2533 932 2559 una
962 2516 1113 2566 tribus,
1144 2516 1185 2557 in
1219 2531 1304 2571 qua
1333 2514 1586 2570 suffragium
1615 2514 1700 2555 fer-

154 2598 262 2641 rent,
292 2591 476 2647 patebat,
505 2606 615 2647 quae
647 2598 873 2646 antequam
904 2588 1050 2645 plebes
1081 2588 1134 2630 ad
1175 2588 1429 2644 suffragium
1461 2594 1699 2636 vocaretur,

154 2662 207 2705 ab
238 2663 305 2714 iis,
334 2664 406 2719 qui
440 2663 621 2706 comitiis
652 2668 888 2720 praeerant,
923 2661 1036 2703 sorte
1063 2661 1263 2702 ducenda
1290 2667 1405 2701 erats
1447 2659 1543 2701 Hoc
1568 2658 1702 2713 igitur

154 2735 338 2791 primum
376 2735 621 2778 faciendum
659 2742 746 2776 erat
786 2733 969 2776 tribunis
1005 2731 1168 2788 plebis,
1206 2733 1279 2788 qui
1316 2732 1360 2773 in
1396 2731 1458 2773 M.
1488 2729 1699 2773 Postumii

153 2806 313 2848 iudicio
345 2814 581 2862 praeerant,
612 2807 795 2862 ideoque
821 2813 869 2847 ut
894 2805 938 2846 id
969 2805 1083 2859 quod
1116 2804 1252 2860 ipsam
1285 2803 1478 2858 suffragii
1500 2802 1699 2844 lationem

154 2877 431 2920 antecedebat
478 2880 637 2921 factum
678 2894 771 2921 esse
817 2878 1098 2934 significaret,
1138 2892 1162 2916 a
1199 2877 1326 2919 Livio
1364 2882 1579 2917 narratum
1623 2881 1699 2916 est.
