1846 3100
526 154 580 186 De
606 154 782 186 dictatoris
812 152 967 185 Caesaris
994 151 1190 184 honoribus.
1549 147 1628 191 ‘237

84 265 281 316 buerant,
307 264 416 321 ipse,
441 263 542 319 quia
565 278 616 305 ex
636 276 720 317 quo
738 260 903 304 Gallias
921 260 1180 317 provinciam
1204 259 1400 309 obtinuit,
1425 266 1631 315 perpetuo

85 338 262 394 imperio
291 335 507 385 utebatur,
537 334 702 391 primus
733 333 837 374 dum
866 332 974 374 vixit
1002 340 1256 388 perpetuum
1286 332 1475 374 retinuit.

203 407 292 452 Sed
322 416 370 450 ut
398 408 454 450 ad
479 406 713 463 Iosephum
744 405 966 459 edictaque
996 402 1209 455 Caesaris,
1238 420 1346 460 quae
1373 404 1427 447 ab
1455 419 1503 447 eo
1530 404 1633 446 affe-

85 489 260 532 runtur,
298 487 510 530 revertar,
549 479 603 520 de
641 477 750 520 sexti
785 477 914 519 edicti
948 477 1280 533 praescriptione
1318 477 1520 519 diximus.
1581 476 1634 518 In

86 555 226 611 primo
251 561 394 596 autem
419 549 581 594 Caesar
609 550 837 606 dupliciter
861 549 1111 605 appellatur,
1142 549 1196 591 ab
1223 550 1342 591 initio
1371 550 1632 605 αὐτοκράτωρ

85 627 152 668 καὶ
183 625 397 682 ἀρχιερεὺς
428 625 624 678 δικτάτωρ
656 624 700 664 τὸ
733 622 936 677 δεύτερον,
966 629 1058 663 tum
1080 621 1342 677 αὐτοκράτωρ
1370 624 1413 663 τὸ
1444 622 1632 676 δεύτερον

87 700 154 740 καὶ
183 698 408 754 ἀρχιερεύς.
457 696 556 738 Hoc
586 694 806 737 decretum
834 694 996 735 factum
1026 708 1121 735 esse
1149 709 1260 735 anno
1278 694 1328 737 47
1361 694 1449 735 fere
1479 694 1634 743 medio,

88 786 174 827 quo
205 771 378 813 alteram
410 769 665 811 dictaturam
696 765 859 809 Caesar
895 765 1093 821 gerebat,
1134 766 1436 822 cognoscimus
1469 782 1519 807 ex
1549 766 1635 808 Ios.

88 838 216 893 XIV,
235 844 275 893 8,
299 843 344 885 3:
378 856 519 883 nonne
549 840 695 895 igitur,
726 854 825 880 cum
852 838 1084 893 imperator
1108 837 1153 880 ΙΙ
1180 838 1223 878 in
1243 835 1428 880 Caesare
1455 837 1637 894 intelligi

89 922 285 970 nequeat,
314 913 534 971 probabile
564 919 641 961 est,
671 911 801 954 altero
827 910 921 952 loco
949 910 1064 951 idem
1096 909 1212 964 quod
1238 909 1378 966 priore
1406 917 1471 951 est
1488 909 1636 959 fuisse,

88 987 288 1029 nimirum
330 987 615 1041 αὐτοκράτωρ,
657 986 852 1038 δικτάτωρ
894 983 1160 1037 τὸ,δεύτερον
1193 983 1259 1022 καὶ
1290 981 1531 1037 ἀρχιερεὺςῗ
1586 981 1638 1023 In

92 1059 282 1102 secundo
320 1059 460 1101 edicto
494 1058 610 1113 quod
647 1057 779 1112 vulgo
803 1055 963 1111 legitur
994 1054 1119 1095 Γαΐου
1152 1053 1359 1109 Καίσαρος
1390 1056 1543 1095 ὑπάτου
1577 1055 1637 1094 δε-

92 1132 282 1186 δογμένα,
314 1139 428 1173 certe
455 1130 612 1172 falsum
642 1137 705 1171 est
736 1143 785 1170 ac
813 1134 929 1169 tanta
954 1128 1165 1183 reperitur
1185 1126 1229 1167 in
1251 1125 1474 1168 codicibus
1492 1124 1638 1167 lectio-

91 1203 158 1245 nis
180 1203 377 1253 varietas,
406 1210 454 1244 ut
473 1203 543 1244 alii
570 1202 881 1256 αὐτοκράτορος,
914 1200 1079 1248 ὑπάτου,
1107 1198 1178 1240 alii
1198 1199 1455 1252 δικτάτωρος,
1484 1199 1637 1239 ὑπάτου

90 1276 254 1332 legant,
296 1274 532 1317 editoribus
567 1281 709 1316 autem
747 1272 874 1314 etiam
911 1278 1011 1313 nota
1049 1271 1278 1313 numeralis
1321 1271 1535 1313 excidisse
1573 1270 1639 1312 vi-

93 1347 258 1390 deatur.
328 1345 417 1389 Sed
461 1347 542 1389 hoc
575 1346 749 1402 quidem
789 1344 935 1387 nescio
967 1359 1021 1386 an
1050 1348 1137 1385 'non
1166 1358 1275 1400 opus
1303 1344 1382 1394 sit3
1427 1343 1640 1398 siquidem

93 1420 219 1462 etiam
249 1419 293 1460 in
321 1419 444 1461 tertio
473 1419 614 1460 edicto
641 1417 879 1474 appellatur
907 1416 1027 1461 Γάϊος
1055 1414 1213 1470 Καῖσαρ
1247 1416 1523 1471 αὐτοκράτωρ,
1561 1416 1639 1456 δικ-

93 1493 240 1547 τάτωρ,
273 1492 422 1536 ὕπατος
453 1491 544 1533 sine
570 1498 669 1532 nota
695 1489 918 1539 numerali,
948 1495 1204 1544 tempusque
1223 1487 1556 1543 significandum
1577 1494 1642 1530 est

93 1564 231 1614 idem,
267 1563 468 1605 nimirum
497 1563 666 1605 medius
697 1563 786 1604 fere
817 1576 954 1603 annus
988 1561 1055 1610 47,
1086 1574 1171 1615 quo
1202 1559 1314 1601 bello
1346 1559 1643 1601 Alexandrino

96 1637 288 1679 confecto
328 1634 490 1678 Caesar
526 1635 707 1677 Romam
748 1634 877 1676 rediit
918 1633 1021 1690 (Ios.
1049 1632 1177 1682 XIV,
1207 1632 1247 1681 8,
1280 1632 1338 1686 3).
1402 1632 1454 1674 In
1492 1638 1643 1686 quarto

95 1708 236 1750 edicto
264 1708 381 1764 quod
407 1715 472 1750 est
501 1708 649 1751 ὕπατος
678 1707 720 1747 τὸ
751 1707 953 1761 πέμπτον,
986 1703 1093 1746 nihil
1124 1704 1252 1747 habet
1281 1704 1569 1754 difficultatis,
1601 1710 1645 1746 at

95 1780 140 1822 in
179 1780 328 1836 quinto
367 1779 484 1835 quod
522 1778 664 1820 editur
699 1778 960 1832 αὐτοκράτωρ
999 1778 1042 1817 τὸ
1076 1777 1287 1832 δεύτερον,
1329 1777 1645 1819 emendandum

98 1867 192 1895 esse
223 1853 506 1909 αὐτοκράτωρ,
542 1851 738 1904 δικτάτωρ
768 1852 810 1890 τὸ
845 1850 1048 1904 δεύτερον,
1087 1857 1134 1891 ut
1164 1864 1300 1891 annus
1331 1849 1382 1892 47
1418 1848 1644 1899 indicetur,

98 1939 152 1966 ex
187 1924 241 1967 iis
283 1939 391 1979 quae
427 1923 621 1981 exposita
660 1929 780 1972 sunt,
825 1922 977 1964 elucet.
1037 1920 1229 1978 Septimo
1257 1922 1352 1963 loco
1384 1921 1562 1977 epistola
1590 1919 1646 1962 ad

98 1995 304 2039 Parianos
343 1997 396 2039 de
435 1995 651 2039 sodaliciis
681 1994 938 2037 Iudaeorum
970 2009 1056 2036 non
1089 1993 1376 2036 dissolvendis
1409 1992 1646 2043 exhibetur,

99 2068 169 2110 cui
205 2069 532 2125 praescribitur:
579 2068 735 2112 Ιούλιος
774 2068 896 2111 Γάϊος
939 2068 1180 2121 στρατηγὸς,
1226 2067 1375 2110 ὕπατος
1404 2064 1644 2120 Ῥωμαίων,

100 2141 338 2196 citaturque
379 2141 422 2183 in
461 2156 511 2182 ea
549 2140 756 2190 edictum,
797 2139 913 2194 quod
949 2138 1102 2180 fecisse
1133 2138 1292 2180 dicitur
1323 2137 1445 2182 Γάϊος
1469 2136 1646 2192 Καῖσαρ,

101 2215 122 2254 ὁ
153 2214 354 2268 ἡμέτερος
384 2213 602 2267 στρατηγὸς
630 2213 696 2253 καὶ
729 2213 892 2261 ὕπατος,
926 2210 999 2265 qui
1031 2225 1129 2252 cum
1156 2210 1318 2252 Romae
1349 2215 1489 2251 cetera
1520 2209 1648 2251 colle-

102 2285 174 2342 gia
213 2284 504 2334 distraxisset‚
548 2284 806 2326 Iudaeorum
849 2282 1031 2337 collegia
1069 2282 1321 2338 permiserit.
1391 2281 1478 2323 Hic
1516 2281 1650 2337 igitur

102 2357 232 2399 edicti
259 2363 409 2399 auctor
439 2356 518 2397 erit
546 2356 684 2398 Iulius
717 2354 879 2398 Caesar
907 2354 1048 2408 (Suet.
1080 2353 1205 2396 Caes.
1233 2368 1268 2395 c.
1294 2353 1383 2407 42),
1411 2353 1481 2395 ille
1506 2361 1648 2395 autem

102 2429 178 2485 qui
211 2428 429 2485 epistolam
459 2427 643 2484 scripsit,
672 2428 917 2484 Augustus,
950 2442 1078 2483 quem
1103 2426 1206 2468 item
1229 2425 1282 2467 de
1304 2425 1495 2481 collegiis
1523 2425 1648 2467 novis

103 2499 390 2542 dissolvendis
418 2500 618 2542 statuisse
649 2500 808 2542 scimus
838 2499 981 2554 (Suet.
1011 2497 1113 2541 Oct.>
1139 2498 1224 2552 232).
1283 2497 1478 2552 Utroque
1504 2503 1646 2538 autem

102 2572 197 2614 loco
238 2571 395 2614 falsum
438 2586 533 2613 esse
574 2580 750 2628 apparet
789 2572 906 2627 quod
945 2571 1103 2626 legitur
1144 2569 1380 2624 στρατηγόςε
1434 2568 1650 2624 quomodo

105 2643 216 2686 enim
255 2641 417 2686 Caesar
459 2645 479 2685 ὁ
519 2643 718 2698 ἡμέτερος
761 2644 980 2699 στρατηγός
1019 2640 1222 2699 appellari
1261 2641 1428 2696 potuit?
1487 2639 1651 2682 Debuit

105 2717 237 2770 πατήρ
269 2716 340 2758 vel
370 2716 575 2758 similiter.
632 2715 721 2758 Nec
750 2716 891 2758 minus
919 2715 1123 2758 vitiosum
1154 2721 1241 2763 est,
1272 2712 1389 2767 quod
1420 2711 1651 2768 Augustus

109 2789 326 2842 στρατηγὸς
351 2789 500 2832 ὕπατος
523 2787 785 2838 nominatum
826 2803 1046 2843 nunquam
1071 2786 1183 2828 enim
1203 2799 1253 2827 eo
1270 2782 1478 2826 vocabulo
1495 2783 1652 2827 Graeci

44 2919 49 2926 .
109 2858 368 2902 sollemniter
403 2859 487 2901 nisi
522 2859 566 2900 in
609 2874 659 2901 eo
703 2860 777 2915 qui
814 2860 967 2902 Latine
1007 2865 1175 2915 praetor
1213 2857 1390 2906 dicitur,
1432 2856 1499 2898 usi
1540 2862 1652 2898 sunt.
