1846 3100
182 142 236 186 82
622 146 676 178 De
702 143 817 178 Gallia
842 145 1075 177 Romanorum
1101 145 1285 188 provincia.

180 253 233 296 iis
273 254 493 304 convenit,
539 269 647 310 quae
694 253 748 296 de
789 253 968 309 imperio
1010 252 1208 308 adempto
1247 260 1484 296 narrantur.
1559 254 1730 296 Etenim

135 358 137 360 -
180 326 407 382 Appianus
438 326 537 369 bell.
562 327 642 368 civ.
667 326 725 375 Π,
758 325 825 375 28,
855 325 929 380 qui
957 324 1079 366 initia
1108 324 1209 367 belli
1241 325 1380 368 civilis
1409 326 1728 369 accuratissime

181 399 379 455 exponit,
421 397 502 441 Cn.
532 398 787 455 Pompeium
830 404 973 440 narrat
1010 413 1107 440 cum
1147 412 1258 440 anno
1293 398 1345 441 50
1384 398 1438 440 de
1483 412 1730 441 successore

182 468 359 513 Caesari
393 470 601 513 mittendo
636 478 859 526 ageretur,
905 469 1057 511 callide
1095 470 1154 511 ita
1182 470 1237 511 ad
1271 477 1463 512 senatum
1491 454 1730 526 scripsisse,

180 550 229 584 ut
264 540 462 594 Caesari,
507 542 630 598 quasi
666 557 720 583 ne
752 542 873 584 finito
900 542 1072 597 quidem
1102 542 1269 598 imperii
1300 549 1490 599 tempore
1520 541 1730 584 decedere

181 615 328 666 vellet,
373 615 547 658 crimini·
577 615 698 656 daret
736 617 780 670 (ἡ
822 615 892 670 μὲν
929 614 977 668 δὴ
1017 614 1138 670 τέχνη
1177 618 1256 656 τῶν
1295 615 1586 670 γεγραμμένων
1622 613 1730 669 εἶχεν

181 687 425 742 εὐπρέπειάν
453 704 496 729 τε
524 693 582 743 τῷ
615 687 817 743 Πομπηΐῳ
847 687 913 728 καὶ
944 685 1142 742 ἐρέθισμα
1169 687 1271 728 κατὰ
1299 691 1369 728 τοῦ
1401 685 1622 741 Καίσαρος,
1657 685 1732 726 οὐκ

182 759 447 805 ἀποδιδόντος
473 762 541 815 τὴν
575 760 705 815 ἀρχὴν
738 759 826 800 οὐδ’
858 758 898 799 ἐν
926 757 985 814 τῷ
1017 758 1295 814 νενομισμένῳ
1324 747 1506 814 χρόνῳ),
1543 758 1731 812 itemque

179 831 268 873 Dio
288 831 392 882 XL,
413 832 481 882 59,
511 831 564 874 de
593 831 646 873 iis
671 846 780 886 quae
807 845 918 873 anno
941 829 988 873 51
1019 836 1112 872 acta
1138 836 1251 880 sunt,
1280 829 1454 872 tradens
1478 829 1732 886 Pompeium

180 904 262 946 hoc
292 904 566 946 constituisse
594 904 673 953 ait,
701 910 750 944 ut
779 901 953 945 Caesari
984 916 1081 944 cum
1112 902 1279 959 imperii
1309 902 1401 944 dies
1431 902 1590 944 exisset
1620 901 1731 955 (exi-

180 983 325 1018 turum
370 983 513 1018 autem
555 975 692 1018 fuisse
733 989 843 1017 anno
886 974 1149 1030 insequenti)
1199 989 1424 1016 successor
1469 968 1761 1016 mittereturz'

174 1046 375 1103 Ἔπραττε
415 1049 450 1089 δ’
492 1048 605 1102 ὅμως
640 1048 891 1103 (Πομπήϊος)
925 1047 1018 1088 ὅταν
1050 1049 1115 1089 τὸν
1150 1047 1370 1101 δεδομένον
1404 1048 1441 1087 οἱ
1469 1046 1616 1103 χρόνον
1649 1048 1730 1088 δια-

180 1121 314 1175 πράξῃ
354 1123 490 1172 (τοῦτο
529 1121 574 1161 δὲ
612 1121 686 1162 οὐκ
723 1121 764 1165 ἐς
800 1120 976 1176 μακρὰν,
1018 1119 1108 1160 ἀλλ’
1144 1119 1266 1164 εὐθὺς
1300 1120 1339 1160 ἐν
1373 1123 1431 1175 τῷ
1463 1119 1618 1175 ὑστέρῳ
1652 1118 1732 1161 ἔτει

180 1191 425 1246 γενήσεσθαι
464 1192 632 1247 ἔμελλε)
668 1193 717 1233 τά
744 1207 787 1232 τε
820 1191 927 1233 ἄλλα
957 1192 1181 1246 κατάθηται
1213 1192 1279 1232 καὶ
1314 1190 1558 1231 ἰδιωτεύσων
1590 1190 1730 1231 οἴκαδε

182 1264 404 1319 ἐπανέλθῃ.
462 1263 586 1318 Quae
616 1263 747 1306 verba
774 1264 834 1316 (ἐν
866 1267 924 1319 τῷ
954 1263 1109 1319 ὑστέρῳ
1142 1261 1240 1316 ἔτει)
1274 1262 1346 1317 qui
1374 1269 1570 1304 accurate
1599 1261 1730 1303 inter-

182 1335 440 1392 pretabitur,
478 1344 520 1379 et
557 1337 668 1392 legis
706 1335 944 1378 consularis
981 1335 1151 1377 initium
1181 1351 1206 1378 a
1233 1333 1325 1377 Cal.
1353 1334 1523 1392 Martiis
1551 1334 1649 1376 anni
1677 1334 1730 1376 54

179 1409 314 1465 repeti
340 1423 427 1450 non
451 1424 580 1464 posse
609 1409 818 1464 intelliget
841 1422 980 1463 neque
1006 1407 1236 1458 dubitabit,
1262 1406 1364 1462 quin
1389 1406 1497 1448 falsa
1523 1406 1578 1448 sit
1603 1406 1730 1448 etiam

181 1481 313 1523 altera
351 1481 424 1523 illa
461 1481 626 1536 opinio,
665 1496 791 1536 quam
822 1480 1105 1537 plurimorum
1141 1494 1236 1522 esse
1273 1479 1421 1528 video,
1464 1478 1538 1533 qui
1574 1493 1600 1519 a
1637 1476 1729 1520 Cal.

179 1552 390 1595 Ianuariis
422 1553 761 1608 quinquennium
793 1552 903 1608 legis
933 1552 1169 1594 consularis
1206 1559 1246 1593 et
1274 1558 1472 1607 coeptum
1497 1558 1539 1593 et
1563 1551 1730 1592 finitum

181 1639 276 1667 esse
306 1631 475 1681 putant,
518 1632 568 1667 ut
596 1624 688 1668 Cal.
716 1625 806 1667 Ian.
835 1625 934 1666 anni
963 1625 1015 1667 49
1047 1625 1118 1667 alii
1148 1623 1395 1680 proconsuli
1425 1622 1591 1666 Galliae
1620 1623 1731 1665 tradi

179 1697 433 1752 potuissent.
475 1695 615 1740 Cuius
642 1697 855 1753 opinionis
883 1697 1043 1738 nullam
1072 1697 1198 1738 aliam
1223 1695 1394 1737 invenio
1419 1710 1515 1737 esse
1544 1709 1730 1744 causam,

180 1784 307 1824 quam
342 1769 458 1825 quod
487 1770 659 1811 omnino
690 1768 783 1812 Cal.
813 1769 1024 1811 Ianuariis
1055 1769 1233 1825 imperia
1262 1767 1375 1809 finiri
1409 1767 1612 1810 debuisse
1641 1767 1731 1809 exi-

182 1841 366 1884 stimant.
414 1843 480 1884 Ac
510 1842 708 1884 consules
739 1856 840 1884 sane
867 1848 907 1883 et
932 1847 1150 1896 praetores
1174 1847 1214 1882 et
1237 1839 1397 1882 aediles
1421 1846 1462 1881 et
1480 1845 1730 1894 quaestores

181 1914 337 1969 quique
377 1914 447 1956 alii
484 1921 648 1966 praeter
681 1914 877 1956 tribunos
913 1912 1053 1968 plebis
1085 1920 1184 1954 sunt
1214 1911 1409 1968 perpetui
1440 1911 1562 1966 quasi
1590 1910 1730 1967 magi-

182 1993 362 2036 stratus,
402 1994 505 2028 tunc
533 1984 625 2028 Cal.
650 1986 740 2028 Ian.
778 1984 962 2034 inibant,
1003 1984 1079 2026 sed
1113 1984 1301 2039 reliquae
1333 1990 1584 2040 potestates,
1621 1997 1731 2037 quae

181 2058 236 2100 ad
277 2065 417 2100 certos
456 2073 563 2100 usus
605 2058 785 2107 fiebant,
828 2065 876 2099 ut
915 2056 1166 2105 dictatores,
1210 2055 1278 2097 III
1318 2055 1398 2098 viri
1438 2054 1618 2110 agrarii,
1659 2053 1731 2096 alii

182 2137 423 2179 curatores,
445 2129 570 2171 nulla
595 2136 710 2171 certa
736 2129 1064 2183 magistratuum
1088 2128 1209 2170 initia
1233 2126 1460 2176 habebant,
1487 2126 1730 2182 provincias
1759 2121 1761 2124 ¹

181 2216 284 2244 vero
322 2202 426 2243 alias
460 2201 553 2243 aliis
591 2201 856 2257 temporibus
895 2215 991 2242 esse
1033 2206 1202 2255 coeptas
1239 2199 1307 2242 vel
1346 2214 1398 2241 ex
1432 2199 1529 2254 lege
1559 2198 1732 2240 Vatinia

182 2281 361 2324 constat,
405 2289 489 2328 qua
517 2288 570 2315 ex
600 2271 693 2315 Cal.
724 2273 851 2315 Mart.
883 2272 937 2314 ad
967 2269 1059 2314 Cal.
1086 2271 1265 2314 Martias
1291 2271 1460 2326 quintas
1491 2269 1731 2313 Galliarum

180 2346 405 2403 imperium
444 2344 620 2388 Caesari
659 2345 806 2387 datum
846 2359 942 2387 esse
980 2344 1182 2392 diximus,
1249 2343 1420 2397 Quodsi
1453 2343 1595 2398 aliquo
1633 2349 1730 2384 ant-e

182 2417 275 2461 Cal.
293 2419 384 2461 Ian.
415 2418 514 2460 anni
537 2418 589 2460 49
626 2417 695 2458 die
722 2417 949 2472 imperium
978 2414 1176 2458 Caesaris
1204 2414 1306 2456 exiit
1331 2413 1432 2467 (hoc
1458 2416 1569 2457 enim
1595 2430 1730 2457 unum

181 2505 235 2532 ex
264 2489 402 2532 tribus
429 2504 538 2545 quae
563 2488 788 2545 posuimus
814 2486 1087 2542 relinquitur)
1113 2488 1349 2542 eodemque
1372 2495 1468 2529 ante
1491 2487 1729 2543 quinquen-

181 2563 323 2613 nium,
352 2562 470 2618 quod
502 2561 572 2603 lex
601 2559 835 2602 consularis
867 2559 1007 2609 dedit,
1038 2559 1107 2601 die
1136 2559 1236 2601 olim
1267 2567 1463 2616 coeptum
1496 2567 1580 2610 est,
1612 2559 1730 2601 nulla

182 2634 264 2676 alia
301 2634 394 2677 eius
434 2633 521 2675 diei
559 2648 689 2676 causa
726 2631 881 2688 poterit
919 2626 1195 2687 excogitans
1218 2646 1346 2686 quam
1379 2632 1495 2687 quod
1535 2631 1630 2687 ipsa
1659 2631 1729 2672 lex

183 2706 420 2748 consularis
453 2720 503 2748 eo
530 2705 600 2747 die
631 2705 716 2746 lata
747 2703 822 2752 sit,
862 2703 905 2745 in
933 2717 1018 2757 qua
1048 2703 1110 2745 sic
1136 2703 1264 2746 fuerit
1291 2704 1521 2760 scriptum,
1551 2711 1599 2745 ut
1627 2702 1728 2744 inde

181 2776 234 2819 ab
262 2792 312 2820 eo
339 2777 410 2819 die
434 2792 520 2833 quo
547 2777 632 2819 lata
661 2782 776 2819 esset
801 2789 939 2830 usque
971 2775 1026 2817 ad
1055 2790 1152 2817 eum
1184 2775 1297 2818 diem
1329 2776 1525 2831 quintum
1554 2773 1728 2817 Caesari

180 2849 405 2904 imperium
438 2855 752 2905 prorogaretur.
806 2845 895 2889 Sed
923 2847 957 2889 si
985 2847 1124 2889 exitus
1152 2848 1319 2903 imperii
1344 2846 1592 2890 Caesariani
1618 2846 1729 2888 intra
