1846 3100
209 121 291 165 362
629 127 682 158 De
707 130 956 169 propagatione
980 129 1130 160 civitatis
1154 129 1340 162 Romanae.

320 234 615 278 Veruntamen
646 250 742 278 cum
782 234 836 277 de
875 234 1109 278 Latinitate
1145 242 1231 279 tam
1270 238 1405 281 multa
1433 239 1756 296 disputat-imus,

206 307 452 350 faciendum
493 307 666 349 videtur
705 322 815 357 esse,
856 314 906 348 ut
939 308 990 349 ad
1031 322 1080 350 ea
1122 315 1324 365 tempora,
1364 310 1522 366 quibus
1557 321 1648 355 orta
1678 320 1756 364 est,

207 380 506 428 ascendamus,
551 379 667 421 unde
708 394 793 421 non
837 379 964 421 modo
1007 379 1124 431 nihil,
1158 381 1275 436 quod
1317 383 1550 427 sententiae
1588 392 1758 428 nostrae

205 451 472 501 adversetur,
512 466 662 494 verum
704 451 830 494 etiam
861 466 971 506 quae
1011 466 1103 494 eam
1133 453 1351 505 adiuvent,
1384 456 1516 512 repeti
1546 464 1757 513 poterunt.

205 523 360 566 Natam
397 538 489 566 eam
531 538 627 566 esse
668 530 834 565 constat
861 538 973 565 anno
1011 524 1092 567 493
1130 541 1167 567 a.
1196 523 1299 568 Chr.
1337 542 1390 570 ex
1423 528 1612 578 foedere,
1641 529 1757 585 quod

207 595 284 652 Sp.
311 594 493 638 Cassius
521 611 608 638 cos.
633 610 731 638 cum
762 596 930 638 Latinis
963 596 1078 647 fecit,
1109 597 1162 640 de
1191 613 1277 654 quo
1299 600 1473 643 foedere
1506 600 1757 644 brevissime

209 668 315 710 dicit
356 668 513 710 Livius
551 668 618 717 Π,
660 668 726 718 33,
768 667 896 724 paulo
934 667 1109 712 uberius
1146 669 1385 727 Dionysius
1423 672 1507 723 VI,
1545 673 1614 723 95,
1652 672 1758 715 nihil

206 748 344 783 tamen
379 755 715 783 commemorans
755 740 838 783 nisi
878 741 973 791 hoc,
1012 741 1242 784 amicitiam
1282 751 1534 800 perpetuam
1569 745 1757 788 iunctam

205 829 301 857 esse
341 815 452 855 inter
487 813 695 870 populum
725 813 966 856 Romanum
997 821 1039 856 et
1075 813 1187 857 inter
1214 815 1409 866 Latinos,
1439 823 1532 859 tum
1561 817 1615 859 de
1645 817 1758 860 bello

205 887 490 929 communiter
524 894 564 928 et
594 885 818 928 inferendo
850 894 892 928 et
924 886 1211 936 defendendo,
1251 887 1305 928 de
1335 887 1497 944 praeda
1525 889 1758 945 aequaliter

206 958 455 1007 dividenda,
505 958 558 1000 de
605 958 754 1000 litibus
787 958 1046 1001 iudicandis.
1110 959 1358 1002 Intercessit
1408 969 1557 1016 postea
1601 976 1758 1018 magna

202 1031 276 1073 illa
321 1031 573 1073 Latinorum
617 1030 822 1080 defectio,
870 1045 956 1086 qua
999 1045 1204 1087 oppressa
1244 1046 1341 1074 cum
1381 1032 1590 1088 quaedam
1627 1032 1756 1075 urbes

204 1103 320 1146 varie
350 1110 494 1146 essent
522 1103 710 1159 punitae,
740 1117 851 1144 anno
885 1102 965 1145 338
996 1119 1031 1146 a.
1065 1101 1168 1145 Chr.
1202 1104 1354 1146 ceteris
1385 1103 1554 1148 Latinis
1584 1104 1755 1161 populis

207 1176 422 1219 connubia
449 1176 788 1231 commerciaque
820 1185 862 1217 et
893 1175 1072 1218 concilia
1100 1175 1211 1218 inter
1238 1190 1283 1218 se
1310 1176 1510 1233 adempta
1528 1191 1622 1219 esse
1651 1177 1757 1219 scri-

205 1248 267 1291 bit
296 1247 452 1291 Livius
480 1248 605 1297 VIII,
632 1248 694 1290 14.
754 1248 935 1290 Sublata
963 1248 1100 1304 igitur
1129 1254 1194 1290 est
1223 1249 1462 1306 communis
1490 1264 1600 1305 quae
1630 1257 1755 1292 antea

206 1322 358 1371 fuerat,
387 1321 641 1363 Latinorum
677 1320 934 1377 respublica,
970 1320 1141 1371 sublati,
1172 1320 1246 1376 qui
1275 1321 1504 1376 quotannis
1536 1321 1628 1363 fieri
1654 1336 1756 1364 con—

206 1402 394 1443 suerant,
423 1394 679 1436 Latinorum
709 1393 1012 1449 magistratus:
1045 1392 1203 1448 quibus
1226 1393 1357 1435 rebus
1382 1393 1562 1436 sublatis
1580 1409 1757 1438 necesse

206 1476 295 1509 erat
326 1467 459 1509 multa
494 1467 588 1515 alia,
627 1466 747 1509 velut
777 1466 831 1508 de
872 1466 1035 1523 praeda
1063 1465 1297 1520 aequaliter
1323 1465 1571 1517 dividenda,
1601 1467 1756 1510 mutari

204 1539 546 1595 deterioremque
574 1539 747 1581 omnino
780 1539 873 1581 fieri
898 1538 1154 1582 Latinorum
1187 1537 1494 1580 condicionem.
1539 1537 1628 1581 Sed
1658 1554 1755 1582 cum

205 1611 381 1667 reliqua,
402 1612 545 1667 qualia
560 1618 657 1653 ante
679 1610 838 1653 bellum
856 1612 1038 1660 fuerant,
1061 1610 1417 1665 relinquerentur,
1438 1625 1537 1653 cum
1550 1611 1756 1654 Romanis

203 1684 310 1740 ipsis
338 1683 455 1725 idem
485 1683 554 1726 ius
586 1690 685 1740 post
703 1682 978 1725 rebellionem
998 1690 1125 1738 atque
1143 1690 1267 1725 antea
1287 1682 1543 1733 habuerunt,
1561 1698 1756 1740 quaeque

206 1756 401 1812 exempla
437 1755 676 1811 antiquiore
714 1763 904 1811 tempore
950 1754 1222 1804 acciderunt,
1261 1754 1409 1796 eadem
1446 1755 1756 1811 posterioribus

201 1830 343 1871 lucem
375 1828 571 1870 afferunt.
614 1828 705 1869 Iam
733 1828 862 1884 paulo
888 1835 1120 1883 antequam
1149 1826 1310 1869 bellum
1337 1827 1510 1877 exarsit,
1537 1834 1755 1884 praetores

204 1902 292 1944 duo
335 1900 589 1942 Latinorum
631 1901 683 1942 L.
714 1900 887 1942 Annius
916 1898 1094 1941 Setinus
1127 1905 1168 1940 et
1196 1898 1249 1941 L.
1279 1898 1505 1941 Numisius
1536 1896 1754 1942 Circeien-

205 1976 278 2025 sis,
316 1989 369 2016 ex
410 1973 587 2016 coloniis
615 1972 783 2015 Latinis
821 1973 1006 2022 oriundi,
1046 1979 1240 2014 senatum
1275 1971 1518 2014 Romanum
1557 1971 1756 2013 adierunt

202 2047 484 2104 postulantes,
515 2056 564 2088 ut
594 2046 821 2088 consulum
851 2046 958 2088 alter
982 2044 1133 2093 Roma,
1165 2043 1271 2085 alter
1304 2058 1357 2085 ex
1382 2043 1510 2085 Latio
1540 2050 1756 2086 crearetur

203 2127 331 2176 atque
363 2128 538 2162 senatus
564 2134 663 2175 pars
695 2134 832 2174 aequa
851 2133 904 2160 ex
923 2125 1103 2172 utraque
1126 2125 1254 2172 gente
1281 2123 1395 2158 esset
1413 2115 1533 2168 (Liv.
1550 2115 1673 2165 VIII,
1693 2115 1753 2170 5).

204 2193 327 2235 Haec
355 2207 440 2234 non
469 2192 529 2234 ita
556 2206 682 2247 posse
712 2190 908 2246 intelligi,
939 2189 1063 2244 quasi
1091 2188 1175 2230 iam
1211 2196 1336 2230 antea
1361 2187 1528 2230 Latinis
1554 2188 1599 2230 in
1629 2202 1753 2230 sena-

204 2273 296 2307 tum
333 2264 575 2306 Romanum
613 2263 838 2322 pervenire
876 2263 1145 2315 honoresque
1180 2259 1342 2302 Romae
1381 2274 1531 2316 gerere
1569 2259 1753 2310 licuerit,

202 2337 455 2379 Latinorum
481 2344 624 2378 autem
652 2336 734 2378 hoc
760 2345 864 2377 tunc
883 2334 1019 2376 fuisse
1038 2332 1313 2388 postulatum,
1333 2339 1382 2374 ut
1399 2333 1579 2374 alterum
1601 2331 1751 2387 utique

202 2409 423 2451 consulem
450 2423 716 2464 aequamque
749 2415 992 2450 senatorum
1022 2413 1188 2461 partem
1215 2418 1268 2446 ex
1298 2403 1425 2445 Latio
1453 2403 1546 2446 fieri
1574 2417 1751 2446 necesse

201 2489 328 2531 esset,
361 2481 487 2523 facile
518 2495 665 2522 omnes
699 2481 887 2523 credent.
931 2479 998 2520 Ita
1024 2477 1136 2519 enim
1154 2491 1332 2533 prorsus
1352 2476 1607 2518 Latinorum
1627 2489 1751 2531 prae-

202 2562 331 2604 tores,
361 2562 588 2608 antequam
619 2553 800 2595 Romam
828 2551 1175 2608 proficiscuntur,
1206 2549 1250 2590 in
1279 2562 1455 2590 suorum
1478 2547 1674 2597 concilio,
1693 2546 1753 2588 ita

200 2626 245 2667 in
288 2625 383 2681 ipso
433 2633 583 2667 senatu
628 2625 821 2667 Romano
864 2625 1119 2679 loquuntur,
1165 2629 1213 2663 ut
1256 2635 1330 2663 eos
1377 2619 1432 2661 ad
1482 2618 1750 2661 consulatum

204 2706 485 2753 senatumque
522 2697 764 2739 Romanum
805 2711 890 2738 non
928 2693 1095 2737 admitti
1135 2699 1347 2749 appareat.
1406 2691 1677 2746 Quamquam
1715 2689 1752 2732 si

201 2769 262 2819 id,
292 2769 409 2824 quod
438 2771 565 2825 paulo
597 2770 694 2826 plus
723 2784 849 2824 quam
881 2775 1052 2811 centum
1079 2765 1394 2822 quinquaginta
1423 2764 1545 2807 annis
1579 2770 1674 2820 post
1706 2762 1751 2804 in

202 2842 300 2898 lege
333 2841 468 2883 fuisse
491 2841 647 2884 Livius
674 2840 835 2891 scribit,
865 2853 1106 2895 sequemur,
1136 2846 1353 2894 praetores
1370 2837 1621 2880 Latinorum
1646 2835 1751 2878 civi-
