1846 3100
586 165 639 197 De
665 163 780 196 Gallia
803 162 1038 195 Romanorum
1069 160 1255 204 provincia.
1630 155 1684 198 29

141 274 257 331 quod
287 264 340 316 L.
375 272 536 317 Caesar
564 279 840 330 prorogatum
868 270 1018 313 habuit
1047 270 1273 326 imperium
1307 270 1440 326 (App.
1471 268 1569 311 bell.
1605 269 1685 311 civ.

141 347 186 398 I,
218 347 328 402 48),
375 346 574 389 consules
614 353 732 387 erant
765 343 848 386 Cn.
876 343 1108 399 Pompeius
1151 340 1306 383 Strabo
1340 349 1381 383 et
1418 341 1472 383 L.
1505 342 1686 384 Porcius

143 417 275 470 Cato,
320 434 372 461 ex
402 418 562 475 quibus
594 433 691 460 cum
721 417 791 458 hic
819 416 991 458 Marsos
1023 428 1278 471 oppugnans
1315 414 1539 456 cecidisset
1567 412 1686 470 (Liv.

141 491 240 548 epit.
269 490 424 541 LXV;
465 491 576 547 App.
605 489 703 532 bell.
743 489 824 530 civ.
851 487 893 537 I,
931 487 1004 537 503
1051 484 1177 529 Oros.
1205 486 1260 536 V,
1295 486 1365 541 18)
1402 493 1529 541 atque
1563 487 1689 529 etiam

142 563 196 605 L.
226 562 388 606 Caesar
416 570 592 605 mortem
623 562 806 611 obisset,
847 575 961 602 unus
990 560 1166 602 relictus
1197 565 1261 600 est
1289 558 1374 601 ille.
1431 559 1485 600 Ei
1515 560 1689 616 provin-

143 635 252 678 ciam
281 634 447 678 Italiam
474 635 669 677 evenisse
707 641 748 675 et
788 648 839 674 ex
880 630 1121 687 triumpho,
1161 645 1286 686 quem
1318 637 1508 673 extremo
1543 647 1690 674 mense

142 706 373 749 Decembri
403 707 457 749 de
480 706 712 749 Asculanis
732 703 982 747 Picentibus
1003 703 1091 759 egit
1118 703 1236 756 (fast.
1254 703 1492 759 triumph),
1524 711 1690 746 constat

144 787 186 821 et
214 794 267 821 ex
299 779 367 828 iis,
397 793 506 834 quae
532 776 646 835 App.
675 777 774 820 bell.
805 777 887 819 civ.
917 777 952 825 I,
983 776 1036 818 63
1068 775 1210 825 tradit,
1240 775 1533 832 intelligimus.
1581 776 1689 818 Nam

144 866 243 893 cum
274 849 354 893 Cn.
393 850 624 907 Pompeius
665 850 766 906 quia
805 856 1022 891 strenuam
1058 848 1102 890 in
1142 847 1254 890 bello
1290 848 1478 890 Marsico
1519 863 1689 905 operam

143 923 423 980 praestiterat,
451 923 576 965 etiam
605 937 713 965 anno
734 922 787 964 88
805 927 1081 977 prorogatum
1109 919 1285 962 haberet
1308 920 1533 976 imperium
1556 921 1690 976 (quod

146 995 259 1037 enim
287 995 381 1038 Val.
409 995 526 1037 Max.
547 995 630 1045 IX,
661 995 702 1045 7,
732 994 759 1037 2
788 1009 881 1036 eum
909 993 1044 1034 invita
1075 992 1244 1034 civitate
1274 992 1505 1048 imperasse
1535 994 1606 1044 ait,
1637 995 1692 1036 ad

146 1068 390 1110 universam
415 1068 599 1109 hominis
622 1067 843 1117 invidiam,
872 1081 957 1108 non
976 1081 1039 1116 eo,
1068 1065 1183 1121 quod
1212 1078 1296 1105 non
1315 1064 1394 1106 rito
1412 1065 1448 1106 ei
1467 1065 1692 1121 imperium

147 1147 424 1196 prorogatum
456 1146 593 1189 esset,
639 1139 806 1193 refero)
843 1145 1039 1188 senatus,
1087 1137 1161 1193 qui
1189 1152 1390 1193 magnam
1419 1138 1502 1179 iam
1532 1147 1693 1194 partem

148 1212 249 1254 belli
272 1213 519 1255 consedisse
539 1211 717 1261 videret,
748 1209 997 1253 consulibus
1028 1211 1118 1252 eius
1147 1210 1245 1251 anni
1260 1210 1311 1251 L.
1331 1208 1530 1252 Cornelio
1549 1209 1694 1253 Sullae

147 1291 189 1326 et
207 1283 262 1338 Q.
280 1284 486 1340 Pompeio
513 1284 628 1326 Rufo
661 1284 823 1326 bellum
852 1282 1195 1324 Mithridaticum
1226 1290 1266 1324 et
1294 1282 1459 1324 Italiam
1490 1282 1694 1333 decrevit,

153 1371 203 1399 ac
232 1371 330 1398 cum
363 1356 471 1398 illud
503 1356 648 1399 Sullae
677 1356 923 1412 obtigisset,
965 1353 1019 1407 Q.
1047 1354 1282 1411 Pompeius
1325 1355 1583 1406 exercitum,
1621 1355 1695 1411 qui

149 1429 231 1471 sub
263 1427 344 1471 Cn.
377 1429 582 1484 Pompeio
611 1436 713 1478 erat,
742 1428 934 1484 accipere
965 1428 1112 1470 iussus
1143 1436 1218 1470 est.
1264 1428 1506 1478 Praetereo,
1537 1428 1695 1484 quibus

149 1501 312 1544 artibus
343 1499 424 1543 Cn.
451 1501 685 1556 Pompeius
718 1500 898 1556 decepto
920 1499 1083 1552 Quinto
1111 1508 1152 1542 et
1184 1500 1420 1542 exercitum
1451 1500 1492 1542 et
1521 1501 1696 1557 provin-

150 1574 258 1616 ciam
287 1573 530 1623 retinuerit3
557 1573 665 1614 illud
682 1579 795 1615 certe
823 1579 1008 1628 apparet,
1037 1587 1134 1614 eum
1166 1587 1250 1614 non
1280 1573 1404 1617 aliam
1436 1573 1696 1628 provinciam

149 1645 352 1689 habuisse
380 1661 509 1702 quam
537 1645 717 1687 Italiam.
772 1643 892 1698 Quid
923 1644 1087 1700 igitur?
1139 1644 1253 1686 Num
1286 1659 1383 1686 eum
1413 1644 1456 1686 in
1487 1646 1560 1687 illa
1587 1661 1696 1701 quae

154 1718 287 1775 vulgo
318 1718 585 1761 existimatur
600 1717 725 1759 Italia
750 1716 841 1759 sola
867 1723 1084 1758 versatum
1113 1731 1221 1766 esse,
1252 1717 1295 1758 in
1316 1716 1458 1758 Gallia
1478 1715 1698 1773 Cisalpina

149 1790 255 1832 nihil
285 1805 360 1846 pro
390 1790 566 1846 imperio
596 1790 784 1846 gessisse
816 1789 1047 1841 putamus?
1082 1788 1179 1830 Non
1200 1788 1373 1830 videtur
1401 1803 1481 1830 nec
1510 1788 1553 1829 in
1586 1789 1696 1831 bello

150 1863 244 1919 ipso
272 1862 609 1905 administrando
646 1877 726 1905 nec
760 1862 804 1903 in
842 1861 1018 1916 reliquis
1050 1859 1192 1903 rebus.
1257 1862 1400 1916 Atque
1433 1861 1477 1901 in
1508 1860 1698 1903 Marsico

151 1935 326 1990 quidem
352 1934 464 1977 bello
494 1934 600 1976 nihil
631 1934 816 1983 invenio,
845 1933 961 1989 quod
990 1948 1066 1989 per
1096 1931 1280 1975 Galliam
1304 1931 1567 1989 Cisalpinam
1600 1949 1698 1987 ges-

154 2007 262 2050 sisse
293 2007 463 2050 dicatur
492 2010 648 2062 (neque
672 2007 786 2049 enim
814 2021 863 2048 ea
882 2005 1145 2060 reliquorum
1158 2004 1406 2047 Italicorum
1427 2020 1580 2047 causae
1605 2020 1699 2047 sese

154 2079 390 2133 adiunxit),
436 2079 511 2121 sed
552 2078 596 2120 in
634 2078 750 2121 civili
781 2077 1072 2127 dissensione,
1117 2092 1225 2132 quae
1263 2077 1389 2133 paulo
1420 2084 1517 2133 post
1545 2077 1699 2133 erupit,

155 2166 310 2193 nomen
342 2151 435 2193 eius
465 2151 524 2192 ita
555 2157 923 2200 commemoratur,
950 2158 998 2191 ut
1012 2148 1195 2192 Galliam
1226 2149 1328 2204 quin
1349 2165 1436 2191 una
1462 2164 1560 2191 cum
1576 2148 1701 2191 Italia

154 2223 312 2265 rexerit
350 2221 536 2264 dubitari
572 2229 766 2277 nequeat.
821 2221 931 2263 Nam
968 2237 1079 2264 anno
1115 2222 1167 2265 87
1210 2222 1400 2278 profecto
1442 2221 1496 2263 ad
1540 2220 1700 2263 bellum

155 2294 494 2336 Mithridaticum
515 2294 568 2336 L.
589 2292 712 2336 Sulla
736 2309 834 2336 cum
851 2293 904 2335 L.
925 2292 1065 2336 Cinna
1094 2301 1136 2336 et
1151 2293 1347 2335 Mariana
1376 2293 1503 2335 factio
1521 2293 1700 2335 Romam

155 2365 414 2416 obsiderent,
448 2364 529 2408 Cn.
559 2364 769 2408 Octavius
798 2366 907 2408 etL.
925 2366 1095 2408 Merula
1124 2381 1224 2415 cos.‚
1254 2380 1338 2420 quo
1368 2365 1521 2407 melius
1550 2365 1702 2407 urbem

156 2445 389 2488 tuerentur,
423 2438 582 2480 auxilia
611 2453 710 2480 cum
740 2438 914 2480 aliunde
946 2444 1036 2479 tum
1065 2452 1118 2480 ex
1138 2436 1280 2480 Gallia
1305 2436 1544 2493 propinqua
1561 2451 1702 2478 arces-

158 2510 348 2552 siverunt
376 2524 425 2552 ac
444 2507 525 2551 Cn.
542 2509 809 2566 Pompeium,
840 2510 914 2566 qui
943 2510 997 2551 ad
1027 2524 1142 2552 mare
1160 2524 1364 2566 superum
1387 2523 1486 2551 cum
1512 2508 1702 2550 exercitu

158 2589 266 2632 erat,
302 2588 351 2623 ut
379 2581 574 2624 subsidio
607 2581 795 2633 veniret,
839 2588 1102 2636 rogaverunt
1132 2581 1265 2637 (App.
1296 2580 1394 2623 bell.
1433 2581 1514 2623 civ.
1546 2580 1587 2630 I,
1625 2580 1701 2622 66:

160 2655 225 2696 ἐπὶ
255 2655 300 2696 δὲ
334 2654 517 2709 στρατιὰν
550 2653 591 2698 ἔς
624 2670 666 2695 τε
699 2654 769 2699 τὰς
797 2654 937 2710 ἑτέρας
968 2654 1106 2698 πόλεις
1136 2653 1205 2698 τὰς
1240 2652 1296 2694 ἔτι
1333 2655 1444 2707 σφῶν
1478 2651 1704 2706 κατηκόους

157 2727 224 2768 καὶ
264 2727 305 2771 ἐς
341 2727 409 2780 τὴν
452 2726 581 2780 ἀγχοῦ
620 2724 820 2767 Γαλατίαν
856 2725 1160 2781 περιέπεμπον·
1208 2724 1353 2765 Γναῖόν
1394 2739 1435 2765 τε
1474 2723 1702 2778 Πομπήϊον,

159 2798 387 2839 ἀνθύπατον
406 2797 515 2846 ὄντα,
529 2797 595 2837 καὶ
618 2798 928 2852 στρατευμάτων
945 2797 1036 2852 περὶ
1052 2797 1095 2837 τὸ
1110 2795 1251 2837 Ἰόνιον
1270 2784 1512 2849 ἡγούμενον,
1530 2795 1702 2835 ἐκάλουν

160 2869 263 2911 κατὰ
302 2870 483 2924 σπουδὴν
516 2868 741 2924 ἐπικουρεῖν
768 2856 826 2924 τῇΔ
849 2869 1044 2924 πατρίδι).
1100 2868 1168 2910 Ac
1207 2881 1260 2909 ne
1300 2866 1397 2922 quis
1437 2866 1562 2916 forte,
1604 2864 1706 2920 quia
