1846 3100
200 128 279 173 176
543 133 598 165 De
623 130 736 164 Gallia
758 131 994 164 Romanorum
1017 131 1190 173 provincia
1215 132 1396 173 appendix.

195 241 346 291 fuerit,
385 255 483 283 eum
512 239 740 288 transisse,
776 238 961 294 denique
991 254 1102 282 anno
1133 240 1201 290 50,
1230 254 1315 281 non
1345 255 1454 283 anno
1483 239 1551 291 49,
1579 241 1618 283 ei
1644 255 1746 284 con-

197 314 363 356 sulatus
395 313 642 369 petitionem
674 326 922 354 concessam
954 327 1048 354 esse
1076 312 1252 368 colligit.

313 386 519 441 Sequitur
547 385 680 427 altera
708 384 830 434 ratio,
858 399 944 439 qua
973 391 1061 426 tota
1091 399 1222 441 prope
1261 383 1497 427 Hofmanni
1531 399 1746 428 commen-

195 457 298 499 tatio
328 457 493 507 nititur,
525 457 640 512 quod
663 455 839 499 Caesari
870 456 967 513 lege
994 456 1263 500 tribunorum
1291 456 1336 498 in
1368 457 1537 500 comitia
1564 458 1663 500 anni
1693 457 1746 500 50

196 530 440 585 petitionem
483 530 625 572 datam
666 543 761 571 esse
802 535 947 584 putat,
990 544 1076 571 non
1107 529 1206 571 anni
1243 529 1319 580 49,
1358 543 1466 584 quae
1508 530 1746 573 communis
1783 583 1787 587 .

195 602 387 644 omnium
426 602 619 644 virorum
657 601 883 644 doctorum
923 602 1132 644 sententia
1162 609 1239 644 est.
1299 602 1366 644 Ac
1394 602 1587 658 vulgaris
1616 602 1746 644 huius

196 675 432 717 sententiae
459 681 714 730 argumenta
738 663 942 716 videntur
969 689 1064 716 esse
1095 674 1345 717 certissima.
1386 674 1507 728 Quid
1524 675 1634 718 enim
1654 675 1746 732 pla—

194 746 293 789 nius
325 754 410 796 est,
458 762 585 802 quam
613 746 771 788 Dionis
798 745 910 796 XL,
943 748 987 788 51
1026 746 1181 797 verba,
1221 747 1295 802 qui
1333 745 1507 789 Caesari
1541 747 1615 791 illa
1649 747 1746 804 lege

196 819 344 861 datum
377 834 472 862 esse
505 818 654 861 scribit
681 818 822 860 ἀπόντι
852 820 922 873 τὴν
954 819 1083 874 ἀρχὴν
1114 820 1207 860 ὅταν
1242 820 1288 860 ἐκ
1312 823 1390 860 τῶν
1421 820 1556 875 νόμων
1582 819 1744 875 καθήκῃ

197 893 358 946 αἰτῆσαι
390 891 419 934 i.
450 907 486 934 e.
517 899 565 933 ut
592 891 784 948 legitimo
810 898 907 947 post
933 891 1118 947 primum
1150 892 1418 935 consulatum
1455 899 1644 948 tempore
1671 907 1746 935 ex-

195 970 290 1005 acto
323 971 468 1020 petere
497 965 656 1014 liceret,
687 963 733 1006 id
762 963 879 1019 quod
910 978 1021 1006 anno
1042 964 1094 1007 48
1114 965 1310 1007 accidere
1334 978 1482 1006 omnes
1505 963 1747 1006 concedunt

195 1051 333 1091 neque
363 1037 640 1080 Hofmannus
676 1043 818 1092 negat.
877 1036 1021 1091 Atque
1056 1037 1149 1092 ipse
1176 1035 1337 1080 Caesar
1372 1035 1471 1078 bell.
1503 1035 1585 1079 civ.
1614 1037 1660 1088 Ι,
1693 1036 1745 1079 32

194 1108 253 1149 ait
282 1124 320 1149 se
349 1112 514 1151 nullum
547 1110 930 1150 extraordinarium
962 1110 1153 1150 honorem
1184 1111 1398 1163 appetisse,
1439 1110 1510 1150 sed
1537 1115 1747 1162 expectato

194 1182 376 1233 legitimo
407 1188 582 1234 tempore
612 1183 849 1222 consulatus
881 1195 924 1222 eo
954 1182 1098 1235 fuisse
1126 1188 1361 1222 contentum
1375 1215 1384 1231 ,
1423 1182 1533 1234 quod
1562 1181 1746 1222 omnibus

196 1252 350 1292 civibus
369 1260 546 1306 pateret,
577 1253 819 1309 legitimum
853 1259 995 1294 autem
1024 1252 1145 1294 illum
1175 1267 1331 1293 annum
1362 1251 1460 1295 bell.
1492 1252 1572 1294 civ.
1605 1252 1688 1302 ΠΙ,
1722 1253 1740 1294 1

193 1324 332 1366 fuisse
366 1325 424 1367 ait
468 1341 626 1367 annum
667 1326 733 1369 48.
792 1325 993 1380 Denique
1032 1325 1204 1367 Hirtius
1240 1324 1339 1366 bell.
1379 1323 1494 1366 Gall.
1529 1323 1664 1375 VIII,
1691 1324 1744 1366 50

193 1411 304 1438 anno
336 1396 389 1439 50
421 1406 564 1440 narrat
588 1396 818 1441 Caesarem
849 1397 1036 1440 colonias
1065 1405 1106 1439 et
1134 1397 1366 1453 municipia
1393 1395 1560 1440 Galliae
1586 1396 1743 1446 adisse,

193 1475 241 1509 ut
267 1484 307 1509 se
330 1476 369 1510 et
391 1472 582 1512 honorem
611 1486 730 1512 suum
761 1476 806 1512 in
832 1474 1032 1525 sequentis
1059 1473 1167 1511 anni
1191 1470 1238 1525 (i.
1254 1484 1291 1511 e.
1310 1469 1408 1511 anni
1427 1469 1494 1519 49,
1523 1483 1620 1511 cum
1642 1483 1744 1512 con-

194 1541 309 1583 sules
345 1542 444 1583 anni
484 1543 536 1585 48
575 1544 703 1586 creati
738 1544 858 1599 sunt)
901 1545 1206 1584 commendaret
1235 1544 1444 1595 petitione.
1501 1541 1586 1585 His
1616 1541 1744 1584 tantis

193 1613 446 1656 testimoniis
474 1615 579 1670 quid
608 1623 748 1671 potest
774 1631 869 1658 esse
899 1615 1038 1671 magis
1068 1613 1373 1671 perspicuum?
1420 1611 1510 1655 Sed
1540 1627 1626 1655 non
1654 1613 1743 1670 pla-

194 1693 291 1726 cent
319 1685 568 1728 Hofmanno
602 1703 644 1743 p.
676 1688 753 1738 27,
792 1688 1088 1744 imprimisque
1116 1686 1204 1729 Dio
1241 1685 1527 1742 improbatur,
1567 1685 1637 1728 cui
1668 1700 1743 1728 ex·

195 1757 431 1813 ceptionem
468 1759 585 1801 illam
620 1759 744 1815 plane
782 1774 829 1802 ac
860 1759 1046 1801 dilucide
1087 1759 1175 1815 legi
1204 1758 1430 1814 ascriptam
1460 1757 1610 1807 fuisse,
1643 1771 1744 1799 con-

196 1829 348 1872 cedere
375 1845 420 1872 se
439 1831 558 1873 nullo
578 1832 707 1873 modo
717 1847 860 1887 posse.
891 1830 1066 1874 Scilicet
1079 1845 1157 1872 nos
1170 1830 1311 1872 Dione
1321 1830 1450 1886 longe
1468 1829 1745 1886 sapientiores

192 1916 287 1952 nec,
321 1902 356 1944 si
389 1902 494 1958 quid
522 1902 647 1945 nobis
675 1903 903 1946 obscurius
932 1910 1010 1954 est,
1041 1901 1222 1944 dubium
1247 1909 1387 1958 potest
1409 1916 1518 1951 esse,
1545 1901 1649 1957 quin
1673 1901 1744 1944 ille

192 1974 338 2029 potius
374 1974 417 2016 in
454 1991 499 2017 re
541 1976 726 2018 maxima
765 1968 917 2018 errarit
952 1989 1080 2030 quam
1109 1989 1188 2016 nos
1221 1974 1363 2016 minus
1392 1973 1620 2028 diligentes
1648 1973 1744 2015 fue·-

193 2047 341 2089 rimus.
399 2047 461 2097 At
486 2062 569 2089 non
597 2055 686 2089 erat
716 2047 788 2089 illa
814 2047 1021 2103 exceptio,
1050 2047 1125 2089 sed
1157 2046 1251 2101 ipsa
1283 2046 1353 2088 lex
1379 2045 1614 2087 admodum
1641 2045 1742 2087 sim-

192 2119 304 2175 pleX‚
333 2134 443 2174 quae
472 2119 516 2160 in
548 2127 712 2161 certum
737 2134 896 2161 annum
909 2117 1084 2161 Caesari
1112 2118 1277 2161 absenti
1309 2116 1579 2159 consulatum
1610 2116 1742 2159 daret.

193 2190 282 2233 Sed
325 2191 454 2233 fuerit
485 2191 701 2247 exceptio,
745 2206 823 2233 cur
858 2191 1031 2233 tandem
1071 2190 1204 2231 Dioni
1241 2189 1420 2232 concedi
1447 2203 1534 2230 non
1572 2188 1742 2245 potest?

193 2264 407 2306 Nimirum
442 2263 638 2305 tribunos
679 2263 715 2305 si
744 2263 843 2304 anni
885 2263 937 2305 49
979 2262 1225 2319 petitionem
1258 2260 1424 2303 absenti
1460 2260 1630 2311 darent,
1669 2267 1744 2303 aut

193 2336 300 2378 nihil
330 2336 503 2378 omnino
531 2336 667 2378 fuisse
699 2343 869 2377 acturos
893 2341 967 2376 aut
995 2333 1144 2376 eadem
1174 2334 1270 2387 lege
1288 2331 1487 2375 Caesaris
1516 2331 1741 2388 imperium

194 2423 426 2464 prorogare
467 2407 684 2450 debuisse.
744 2405 942 2459 Quorum
991 2406 1070 2448 hoc
1109 2421 1195 2447 non
1232 2405 1387 2448 fecisse
1426 2419 1499 2447 eos
1533 2412 1741 2455 constare,

190 2480 298 2522 illud
335 2495 421 2522 non
461 2480 596 2522 fuisse
636 2477 833 2522 Caesaris
872 2477 1123 2534 prudentiae
1166 2477 1453 2533 relinquique,
1493 2483 1542 2518 ut
1576 2475 1741 2520 absenti

192 2567 304 2594 anno
337 2553 391 2595 50
420 2560 565 2608 petere
596 2550 876 2607 permiserint.
917 2549 979 2592 At
1001 2550 1117 2592 unde
1144 2557 1321 2600 constat,
1352 2564 1438 2592 non
1463 2556 1740 2605 prorogatum

193 2638 287 2666 esse
314 2624 411 2680 lege
441 2624 671 2666 tribunicia
698 2621 895 2666 Caesaris
932 2621 1188 2677 imperium?
1237 2621 1335 2663 Hoc
1372 2622 1532 2663 frustra
1560 2636 1739 2676 quaeras

192 2696 308 2751 apud
343 2696 660 2745 Hofmannum,
697 2709 826 2750 quem
865 2708 964 2735 cum
1001 2701 1087 2735 tam
1119 2708 1251 2749 prope
1282 2693 1336 2735 ab
1364 2708 1414 2736 6ο
1443 2693 1559 2748 quod
1590 2707 1738 2736 verum

193 2774 258 2809 est
296 2766 503 2817 abfuerit,
540 2767 634 2809 aliis
675 2774 816 2808 tamen
846 2780 1031 2808 errorem
1061 2765 1246 2808 obiicere
1284 2780 1413 2820 quam
1440 2764 1520 2807 sibi
1556 2764 1738 2821 amplius

192 2838 423 2893 quaerendi
453 2839 642 2880 officium
670 2837 926 2893 imposuisse
955 2837 1120 2879 mirere.
