1846 3100
582 141 636 173 De
661 138 774 172 Gallia
799 139 1033 171 Romanorum
1067 137 1252 180 provincia.
1635 134 1686 177 47

143 248 278 292 fuisse
302 263 353 291 ac
376 248 440 291 Μ.
475 249 676 298 Brutum,
704 254 867 304 patrem
897 246 1004 296 eius,
1031 245 1105 300 qui
1131 253 1280 301 postea
1310 246 1562 289 dictatorem
1580 245 1690 289 Cae-

145 335 285 364 sarem
314 321 548 371 interfecit,
596 335 693 363 cum
729 328 947 375 praeesset
981 317 1042 368 ei,
1083 332 1181 360 cum
1210 318 1378 375 Lepido
1416 319 1692 361 coniunctum

145 399 293 435 contra
313 393 568 449 Pompeium
595 393 907 449 optimatesque
935 388 1096 432 bellum
1122 392 1308 433 movisse
1338 391 1546 434 coniiciat.
1602 390 1691 434 Sed

144 464 386 507 accuratius
430 465 559 521 longe
601 471 743 506 narrat
780 461 1040 504 Plutarchus
1072 462 1220 519 Pomp.
1263 478 1299 506 c.
1345 463 1416 505 16:
1465 464 1691 520 ἀπεδείχθη

146 536 399 592 (Πομπήϊος)
428 537 727 592 στρατεύματος
757 537 922 590 ἡγεμὼν
954 535 1018 576 ἐπὶ
1041 537 1107 577 τὸν
1137 536 1327 585 Λέπιδον,
1357 535 1435 590 ἤδη
1464 535 1598 576 πολλὰ
1623 539 1694 589 τῆς

141 608 314 654 Ἰταλίας
346 610 582 665 νενικηκότα
610 610 677 650 καὶ
705 609 775 663 τὴν
805 607 914 651 ἐντὸς
934 605 1126 648 ’Ἄλπεων
1148 607 1348 648 Γαλατίαν
1375 594 1598 663 κατέχοντα
1627 607 1694 648 διὰ

146 679 332 736 Βρούτου
365 682 643 738 στρατεύματι.
677 679 802 733 Quae
819 677 949 721 verba
966 679 1198 721 ostendunt
1217 679 1279 721 M.
1298 679 1482 720 Brutum
1502 679 1692 734 legatum

146 753 281 795 fuisse
309 753 467 810 Lepidi
494 753 862 810 praemissumque
892 750 946 792 ab
977 765 1026 792 eo
1055 751 1170 793 illam
1194 751 1342 793 Italiae
1372 757 1532 807 partem
1565 764 1693 791 occu-

146 839 287 881 passe.
343 826 444 882 Ipse
475 826 583 868 adeo
608 826 672 867 M.
689 825 851 866 Brutus
882 823 1063 881 dubium
1093 831 1158 865 est
1184 831 1329 864 utrum
1359 822 1596 878 praetorius
1630 822 1696 864 vir

73 924 76 927 Δ
149 897 279 939 fuerit
308 913 467 948 necne,
513 913 598 953 qua
637 898 691 939 de
727 912 773 938 re
805 897 858 937 cf.
891 895 1266 937 commentationes
1299 894 1518 950 epigraph.
1548 894 1646 937 Vol.
1672 894 1695 936 I

148 983 191 1024 p.
221 968 316 1012 245.
394 970 462 1012 Ac
500 970 536 1012 si
581 970 735 1011 fuisset
771 968 971 1024 proprius
1009 967 1175 1010 Galliae
1212 965 1458 1023 Cisalpinae
1505 981 1694 1022 praeses,

150 1055 292 1084 nonne
318 1041 370 1091 is,
403 1056 499 1083 cum
532 1040 729 1097 Lepidus
758 1056 810 1082 ex
843 1056 921 1082 sua
947 1040 1169 1095 provincia
1196 1046 1384 1081 armatus
1416 1039 1694 1094 prorupisset,

149 1113 359 1169 imprimis
388 1113 641 1156 excitandus
678 1128 727 1155 ac
758 1121 905 1154 contra
932 1127 1029 1154 eum
1047 1111 1279 1153 mittendus
1305 1111 1422 1152 erat?
1456 1109 1517 1152 At
1538 1111 1695 1152 missus

149 1193 215 1227 est
242 1185 474 1242 Pompeius
505 1201 554 1228 ac
575 1186 626 1228 L.
650 1185 873 1241 Philippus
902 1184 1017 1240 apud
1050 1183 1224 1226 Sallust.
1256 1183 1353 1225 hist.
1381 1184 1402 1225 Ι
1430 1183 1482 1224 fr.
1511 1183 1558 1223 51
1592 1183 1697 1224 haec

154 1263 322 1299 censet:
365 1265 413 1299 ut
444 1261 598 1312 Appius
627 1259 828 1300 Claudius
855 1260 1040 1297 interrex
1076 1271 1169 1296 cum
1202 1258 1245 1302 Q.
1277 1257 1424 1296 catulo
1454 1258 1697 1306 proconsule

152 1335 192 1370 et
222 1332 383 1378 ceteris,
424 1331 567 1384 quibus
600 1332 819 1383 imperium
850 1334 929 1376 est,
969 1329 1066 1368 urbi
1091 1330 1299 1381 praesidio
1335 1330 1432 1368 sint.
1499 1327 1697 1378 Accedit,

157 1401 275 1456 quod
295 1401 411 1444 idem
438 1401 679 1457 Philippus,
706 1401 795 1456 qui,
827 1400 863 1442 si
878 1400 1041 1442 Brutus
1069 1415 1147 1442 suo
1173 1400 1266 1441 iure
1287 1399 1473 1442 Galliam
1499 1399 1697 1441 obtinens

151 1488 270 1515 arma
297 1488 396 1516 cum
411 1473 580 1529 Lepido
614 1472 915 1522 consociasset,
945 1472 1074 1521 hunc,
1105 1471 1263 1527 quippe
1294 1471 1476 1513 maxime
1507 1471 1697 1513 vicinum

148 1545 296 1587 Italiae
325 1552 453 1601 atque
479 1545 577 1588 urbi
612 1544 695 1600 ipsi
724 1544 1035 1593 imminentem,
1063 1558 1164 1598 prae
1196 1543 1347 1585 ceteris
1375 1543 1594 1585 nominare
1620 1543 1697 1584 de-

151 1617 270 1667 buit,
295 1618 437 1660 “unius
477 1617 540 1659 Μ.
570 1616 751 1674 Lepidi,
793 1625 1007 1674 tamquam
1043 1615 1178 1657 hostis
1214 1615 1400 1670 patriae,
1442 1614 1698 1657 mentionem

151 1689 275 1739 facit,
308 1689 515 1738 Brutum,
546 1696 594 1730 ut
622 1688 737 1730 illius
769 1688 1087 1737 administrum,
1125 1702 1303 1743 prorsus
1336 1686 1503 1728 silentio
1531 1687 1698 1728 omittit.

153 1759 254 1814 Quo
283 1761 418 1803 maior
444 1761 527 1803 fuit
544 1759 624 1803 Cn.
641 1760 848 1816 Pompeii,
874 1760 948 1815 qui
979 1760 1073 1816 ipso
1102 1759 1238 1815 capite
1270 1758 1491 1801 seditionis
1517 1759 1699 1814 expulso

153 1833 255 1876 satis
283 1832 545 1888 reipublicae
575 1832 844 1874 consuluisse
874 1832 1106 1882 videretur,
1132 1832 1177 1873 in
1205 1832 1269 1874 M.
1288 1832 1423 1873 Bruto
1454 1831 1698 1880 crudelitas,

153 1920 264 1960 quae
302 1905 576 1948 vehementer
612 1904 665 1947 ab
713 1904 910 1946 omnibus
960 1903 1240 1960 scriptoribus
1281 1903 1522 1959 exagitatur
1564 1903 1699 1959 (Plut.

153 1976 306 2033 Pomp.
340 1977 409 2027 16;
437 1978 558 2019 Brut.
591 1977 642 2027 43
675 1975 764 2019 Cic.
792 1977 847 2018 ad
875 1976 966 2018 Att.
994 1976 1079 2025 IX,
1113 1976 1174 2025 14,
1202 1975 1262 2030 2).

253 2049 437 2105 Excepit
452 2058 592 2091 autem
609 2049 671 2091 M.
687 2048 904 2104 Lepidum
919 2048 963 2089 in
981 2046 1124 2089 Gallia
1138 2047 1421 2103 Transalpina
1435 2050 1481 2088 L.
1494 2048 1699 2097 Manlius,

155 2136 284 2176 quem
318 2121 434 2163 Plut.
466 2119 578 2164 Sert.
626 2136 661 2163 c.
694 2121 744 2163 12
785 2127 928 2162 narrat
964 2119 1019 2173 Q.
1061 2119 1237 2162 Metello
1272 2119 1351 2161 Pio
1392 2134 1519 2175 aegre
1555 2126 1701 2160 contra

155 2190 396 2235 Sertorium
426 2193 587 2235 bellum
626 2194 850 2235 sustinenti
891 2191 1099 2234 auxilium
1141 2191 1314 2241 tulisse,
1360 2191 1606 2246 victumque
1647 2191 1699 2232 ab

156 2263 385 2314 Hirtuleio,
410 2272 636 2320 quaestore
665 2265 771 2314 eius,
803 2263 1046 2305 recessisse.
1089 2262 1214 2316 Quae
1240 2278 1306 2304 res
1337 2277 1435 2305 eum
1467 2270 1508 2304 et
1533 2261 1700 2303 aLivio

156 2336 257 2392 epit.
287 2334 376 2378 XC
407 2336 480 2378 illo
506 2336 658 2379 ordine
692 2336 904 2377 referatur
932 2342 974 2376 et
997 2350 1023 2375 a
1053 2334 1286 2376 Plutarcho
1318 2333 1528 2376 accidisse
1558 2333 1701 2376 trada-

157 2414 240 2457 tur,
269 2415 496 2463 antequam
512 2407 742 2464 Pompeius
770 2407 815 2448 in
846 2407 1101 2462 Hispaniam
1127 2421 1205 2462 pro
1239 2421 1323 2448 cos.
1355 2406 1606 2455 mitteretur,
1635 2405 1702 2446 in-

157 2479 272 2522 cidat
301 2482 476 2522 necesse
509 2487 574 2522 est
609 2480 653 2522 in
690 2494 850 2521 annum
876 2480 954 2528 77,
1000 2487 1047 2520 ut
1075 2478 1128 2520 L.
1160 2478 1371 2520 Manlium
1404 2477 1555 2519 eodem
1591 2491 1702 2519 anno

143 2565 243 2606 -quo
271 2550 467 2607 Lepidus
496 2551 635 2593 vietus
659 2557 725 2593 est
754 2553 913 2606 (neque
938 2551 1051 2594 enim
1082 2552 1118 2593 is
1147 2550 1191 2592 in
1220 2549 1483 2606 provinciam
1513 2548 1700 2598 revertit,

159 2622 237 2665 sed
272 2622 317 2664 in
344 2620 545 2666 Sardinia
581 2621 734 2678 periit)
781 2622 1011 2664 suffectum
1045 2637 1139 2664 esse
1180 2622 1415 2664 videamus.
1475 2618 1543 2662 Cf.
1574 2620 1702 2662 etiam

162 2692 288 2737 Caes.
318 2693 416 2737 bell.
444 2692 562 2736 Gall.
579 2694 661 2744 111,
683 2694 750 2737 20.
797 2691 1086 2737 Confirmatur
1116 2693 1250 2750 igitur
1277 2692 1393 2748 quod
1424 2692 1628 2741 diximus,
1658 2691 1701 2734 in

160 2766 326 2810 Galliae
368 2779 448 2808 nec
481 2763 725 2821 Cisalpinae
765 2781 844 2808 nec
873 2765 1181 2822 Transalpinae
1216 2765 1380 2807 ratione
1413 2764 1643 2819 quicquam
1677 2779 1702 2806 a

159 2837 213 2880 L.
244 2835 366 2880 Sulla
403 2852 497 2879 esse
541 2844 769 2879 mutatum:
813 2846 980 2880 mortuo
1021 2838 1133 2880 enim
1175 2851 1225 2878 eo
1256 2836 1360 2878 haec
1393 2851 1476 2878 non
1509 2836 1650 2879 minus
1678 2851 1703 2879 a
