1846 3100
182 172 264 216 390
824 178 937 212 Index
961 188 1084 213 rerum.

179 286 321 320 Traiani
346 288 562 331 imperatoris
587 290 734 322 maiores
762 287 840 322 340.

179 341 418 385 Transpadani
443 343 612 376 civitatem
640 344 809 386 accipiunt
835 342 889 376 38.
939 344 991 376 ius
1018 345 1186 378 honorum
1213 345 1382 389 accipiunt
1406 345 1484 380 3⁴⁶2.
1515 345 1595 380 343.

180 396 220 430 C.
245 397 439 430 Trebonius
466 406 534 430 cos.
560 407 639 430 ann.
662 395 706 430 45
732 407 763 429 a.
788 397 866 430 Chr.
897 396 974 431 226.
1019 403 1158 441 praetor
1186 398 1266 434 241.
1306 410 1311 412 “

178 450 311 484 tresviri
344 452 427 493 reip.
465 457 572 484 const.
610 462 678 493 quo
714 453 769 484 die
795 452 974 495 imperium
1004 454 1196 497 acceperint
1225 460 1258 488 et
1285 456 1501 499 repetiverint
1529 452 1604 488 194.
1653 453 1729 495 lege

270 505 364 538 Titia
387 509 592 548 potestatem
619 506 790 548 accipiunt
813 506 890 540 302.

178 559 332 592 tribunus
356 559 466 602 plebis
491 561 663 592 consulem
689 566 782 593 vetat
805 562 841 593 in
863 562 1074 604 provinciam
1100 563 1264 604 proficisci
1285 561 1340 596 64.
1374 562 1554 602 tribunicia
1577 564 1730 605 potestas

269 614 514 656 imperatorum
538 614 708 657 explicata
731 613 810 648 248.
860 616 1024 649 subsellia
1049 617 1227 650 tribunicia
1253 617 1330 651 251.
1375 617 1558 651 tribunicia
1577 620 1729 659 potestas

268 673 402 710 praeter
429 669 649 711 imperatores
675 671 814 712 nemini,
843 671 899 713 qui
925 681 993 703 non
1021 677 1110 704 esset
1135 673 1296 712 tribunus,
1326 673 1440 704 delata
1466 669 1544 704 253.
1593 669 1730 703 comitia

269 723 483 756 tribunorum
509 723 649 757 Caesari
677 725 844 766 permissa.
869 724 946 760 254.
989 737 1107 760 eorum
1134 727 1292 759 sanctitas
1318 726 1401 759 urbe
1425 725 1674 767 circumscripta
1697 727 1730 755 et

267 777 413 820 publicis
442 778 631 811 actionibus
661 776 738 811 254.
778 779 956 821 collegium
985 780 1194 812 tribunorum
1214 780 1293 822 quid
1309 780 1454 823 publice,
1477 780 1557 822 quid
1571 778 1730 822 privatim

269 831 395 865 factum
430 832 474 864 sit
509 833 660 866 decernit
688 831 765 867 255.
818 839 984 876 quatenus
1013 833 1138 875 singuli
1166 835 1244 866 trib.
1272 835 1363 876 pleb.
1391 834 1555 867 auxilium
1581 833 1669 866 ferre
1697 836 1730 864 et

268 887 477 919 intercedere
500 888 672 929 potuerint
699 885 777 921 256.
828 898 941 921 eorum
970 893 1121 931 potestas
1156 898 1226 920 non
1257 890 1452 930 pomoerio,
1482 888 1540 921 sed
1565 887 1659 920 mille
1685 885 1729 918 ab

267 942 351 974 urbe
373 942 532 984 passibus
559 943 748 974 continetur
773 940 849 976 258.
899 953 1014 975 corum
1039 944 1091 975 ius
1119 947 1258 975 senatus
1286 944 1429 985 cogendi
1458 948 1492 975 et
1517 943 1554 975 in
1578 952 1619 975 eo
1642 939 1729 974 refe-

269 996 366 1027 rendi
395 994 474 1028 261.
536 995 539 998 ”
1683 1002 1687 1005 ’

176 1049 367 1091 triumphus
391 1060 460 1082 non
486 1060 628 1083 necesse
654 1055 706 1083 est
729 1051 772 1083 ab
795 1051 979 1093 provincia,
1007 1061 1052 1083 ex
1078 1061 1148 1093 qua
1171 1051 1406 1094 triumphatur,
1433 1051 1626 1084 nominetur
1652 1047 1728 1084 116.

176 1108 306 1136 tutores
334 1105 455 1137 dantur
480 1116 501 1137 a
525 1105 784 1147 municipalibus
809 1105 1063 1147 magistratibus
1088 1104 1165 1139 281.
1212 1105 1294 1138 iusti
1318 1110 1447 1138 tutores
1475 1104 1553 1139 281.

177 1212 217 1245 C.
239 1213 398 1246 Valerius
421 1212 605 1252 Asiaticus,
633 1212 853 1253 Viennensis,
881 1213 954 1245 iure
979 1214 1147 1246 honorum
1171 1215 1318 1247 donatus
1347 1212 1425 1247 333.

176 1266 215 1299 O.
242 1266 400 1300 Valerius
423 1267 578 1306 Flaccus,
605 1265 738 1299 Galliae
762 1267 1013 1310 Transalpinae
1037 1279 1175 1310 praeses
1201 1267 1255 1302 45.

175 1321 215 1353 P.
240 1321 398 1354 Vatinius
428 1331 536 1362 augur
559 1321 597 1352 fit
623 1319 678 1353 65.
729 1322 864 1362 quando
892 1323 1105 1355 consulatum
1131 1323 1275 1364 gesserit
1302 1320 1379 1355 217.

174 1375 326 1408 Velleius
350 1375 547 1408 Paterculus
573 1375 764 1418 explicatur
793 1374 869 1409 115.
896 1375 973 1409 179.
1001 1375 1078 1410 192.
1129 1378 1326 1410 emendatur
1354 1374 1430 1408 121.

174 1430 387 1463 Veronensis
414 1429 623 1472 reipublicae
647 1430 734 1461 ratio
763 1428 840 1463 287.

176 1484 215 1519 C.
243 1485 370 1518 Verres
398 1489 558 1526 quaestor
586 1482 640 1516 44.

174 1539 408 1582 Vespasianus
434 1539 515 1571 Tito
541 1539 610 1571 fflio
634 1538 852 1570 tribuniciam
880 1543 1083 1581 potestatem
1108 1540 1166 1571 dat
1192 1536 1271 1571 265.
1314 1538 1390 1579 lege
1410 1537 1530 1580 accipit
1549 1538 1726 1580 imperium

265 1592 344 1627 299.
394 1593 558 1635 Hispanis
582 1592 803 1625 Latinitatem
835 1594 893 1625 dat
925 1592 1005 1627 309.
1039 1592 1116 1627 313.
1176 1593 1219 1625 ab
1253 1603 1294 1625 eo
1329 1593 1475 1634 plurima
1506 1592 1632 1634 oppida
1666 1601 1727 1633 per

265 1647 452 1690 Hispanias
476 1648 717 1689 cognominata
742 1645 820 1680 315.

173 1702 325 1734 veterani
361 1703 499 1744 quando
531 1703 712 1735 honestam
746 1702 945 1735 missionem
979 1703 1171 1743 acceperint
1204 1699 1280 1733 188.
1336 1701 1380 1733 ab
1414 1701 1617 1742 imperatore
1650 1700 1725 1732 solo

265 1757 436 1789 civitatem
461 1758 630 1799 accipiunt
656 1755 733 1790 302.

173 1810 229 1841 via
253 1809 434 1843 Postumia
459 1811 587 1843 munita
615 1810 668 1843 10.
717 1810 792 1843 viae
817 1810 905 1842 aliae
933 1814 1058 1842 stratae
1086 1807 1140 1841 14.

174 1863 213 1896 O.
238 1864 361 1897 Vibius
385 1865 510 1905 Pansa,
536 1865 717 1907 proscripti
742 1865 843 1898 filius.
890 1865 961 1897 eius
985 1864 1134 1896 honores
1160 1862 1238 1897 202.

172 1918 381 1951 Viennensis
408 1919 522 1952 Gallia
546 1920 627 1952 olim
653 1929 727 1952 curn
750 1918 966 1951 Narbonensi
991 1919 1170 1950 coniuncta
1194 1915 1250 1950 99.

172 1972 318 2013 Vienna,
346 1974 481 2005 colonia
505 1972 650 2015 Galliae,
679 1983 748 2016 quo
772 1973 845 2005 iure
869 1972 972 2004 fuerit
998 1971 1075 2005 332.
1100 1971 1179 2005 334.

171 2026 213 2059 L.
237 2027 397 2059 Vitellius
423 2038 544 2060 censor
571 2038 645 2060 cum
671 2029 751 2070 imp.
778 2027 924 2060 Claudio
951 2025 1030 2060 327.

172 2081 212 2114 L.
238 2082 416 2114 Volcatius
442 2082 562 2114 Tullus
578 2092 692 2124 ‚quam
715 2082 923 2124 provinciam
953 2091 996 2113 ex
1019 2090 1112 2112 cons.
1137 2079 1263 2112 rexerit
1290 2077 1344 2110 56.

171 2136 274 2169 Utica
297 2137 439 2169 diversis
462 2137 637 2168 hominum
663 2136 844 2178 generibus
870 2140 1004 2167 constat
1030 2132 1108 2169 288.

620 2898 788 2937 Berolini,
820 2897 911 2939 typis
939 2897 967 2928 1.
994 2897 1032 2928 F.
1060 2895 1269 2928 Starckii.
