1846 3100
602 124 656 156 De
684 123 798 156 Gallia
820 124 1052 156 Romanorum
1078 123 1263 166 provincia.
1655 121 1705 163 91

163 233 427 289 dubitetur),
468 249 553 290 qua
591 234 636 275 in
671 232 893 290 provincia
925 231 996 273 ille
1027 246 1122 274 sese
1156 247 1311 288 magna
1339 248 1437 275 cum
1467 233 1710 290 integritate

162 313 289 361 atque
320 306 578 349 abstinentia
607 305 742 363 gessit
777 303 891 362 (Cic.
920 305 1043 346 Brut.
1072 304 1144 354 463
1184 305 1306 361 epist.
1333 305 1420 355 VI,
1455 305 1480 348 6
1510 312 1551 347 et
1581 305 1711 354 XIII,

166 378 216 421 10
246 381 352 433 sq.),
390 387 439 421 ut
474 380 599 421 etiam
642 386 789 434 postea
817 392 926 433 quae
957 376 996 418 ei
1020 377 1256 419 Mediolani
1284 384 1422 420 statua
1451 378 1591 434 posita
1622 384 1712 420 erat

161 466 188 492 a
203 450 541 506 provincialibus
562 457 888 494 conservaretur
907 450 1041 505 (Plut.
1061 464 1198 505 comp.
1216 449 1346 491 Dion.
1367 457 1409 492 et
1430 451 1550 492 Brut.
1571 450 1710 505 extr.).

163 520 248 564 Cui
290 523 497 566 successit
532 538 643 565 anno
671 522 724 565 45
763 523 937 565 ineunte
979 519 1030 563 C.
1059 519 1215 563 Vibius
1250 521 1393 564 Pansa
1436 520 1549 578 (Cic.
1588 522 1711 578 epist.

161 594 268 644 XV,
306 595 351 638 17
381 602 423 637 et
454 595 522 646 193
549 595 604 637 ad
626 595 716 637 Att.
736 595 845 645 XII,
876 595 924 636 14
953 601 995 635 et
1028 593 1075 636 17
1098 600 1139 635 et
1165 593 1212 635 19
1238 603 1279 635 et
1303 594 1392 648 27),
1420 609 1473 636 ex
1498 602 1710 650 praetura,

162 667 326 723 opinor,
358 682 486 722 quam
515 682 624 709 anno
655 666 922 710 antecedenti
953 672 1166 722 gesserat,
1201 665 1303 708 huic
1331 665 1388 707 D.
1415 666 1569 708 Iunius
1597 667 1711 708 Bru—

162 745 255 788 tus,
301 738 356 781 de
396 754 482 795 quo
524 739 653 796 paulo
694 740 808 782 infra
843 739 1023 781 dicetur.
1084 737 1404 780 Narbonensem
1432 738 1711 795 provinciam,

161 825 288 866 quam
317 826 343 853 a
369 811 533 867 reliqua
554 811 697 854 Gallia
724 812 960 854 seiunctam
990 811 1124 853 fuisse
1151 825 1204 852 ex
1222 810 1420 867 Appiano
1445 811 1711 867 collegimus,

162 882 259 939 quis
295 884 454 926 rexerit
490 898 575 925 non
611 884 819 934 traditur,
866 883 943 926 sed
980 898 1078 925 cum
1120 898 1231 925 anno
1271 883 1323 925 44
1364 898 1462 925 cum
1499 883 1713 940 Hispania

163 955 358 999 citeriore
401 956 446 997 in
490 971 626 999 unum
670 957 914 1014 provinciae
959 970 1113 1012 corpus
1157 955 1385 998 coniuncta
1425 956 1579 1006 fuerit,
1627 970 1712 997 non

162 1028 371 1071 dissimile
405 1029 576 1071 videtur
612 1045 706 1072 esse
744 1045 866 1080 vero,
909 1029 1010 1072 item
1045 1044 1136 1070 eam
1174 1029 1309 1071 fuisse
1350 1029 1618 1071 coniunctam
1657 1028 1711 1071 ab

161 1100 281 1142 initio
311 1100 611 1145 dominationis
643 1101 842 1145 Caesaris
882 1102 1006 1157 eique
1045 1101 1284 1158 praefuisse
1318 1100 1505 1157 primum
1532 1101 1595 1143 M.
1624 1101 1712 1143 Ae-

162 1173 327 1215 milium
357 1173 598 1230 Lepidum,
640 1182 731 1216 tum
762 1174 817 1228 Q.
845 1174 1042 1216 Pedium.
1103 1174 1271 1216 Novam
1301 1181 1443 1216 autem
1473 1173 1712 1216 Galliarum

163 1245 419 1288 divisionem
456 1245 618 1290 Caesar
657 1254 838 1289 exeunte
877 1262 985 1288 anno
1017 1247 1091 1297 45,
1133 1262 1230 1289 cum
1261 1247 1509 1288 universam
1542 1261 1712 1303 rempu-

163 1317 317 1360 blicam
348 1326 642 1375 componeret,
681 1319 882 1375 suscepit.
939 1319 1050 1361 Nam
1080 1319 1315 1361 citeriorem
1349 1313 1536 1361 Galliam
1568 1319 1712 1361 seiun-

162 1398 274 1434 ctam
307 1391 379 1434 ille
415 1391 591 1447 quidem
627 1391 680 1434 ab
708 1391 832 1433 Italia
870 1391 1057 1433 servavit
1089 1406 1138 1433 ac
1169 1391 1226 1432 D.
1251 1391 1379 1434 Iunio
1411 1391 1571 1442 Bruto,
1615 1407 1712 1434 cum

161 1478 248 1518 quo
287 1463 442 1505 deinde
477 1463 532 1505 de
569 1463 815 1520 provinciae
853 1463 1126 1518 possessione
1157 1463 1210 1505 ab
1241 1463 1303 1504 M.
1332 1463 1522 1506 Antonio
1552 1464 1712 1506 bellum

161 1535 409 1589 Mutinense
430 1542 602 1591 gestum
621 1542 698 1585 est,
721 1535 910 1585 tradidit,
935 1535 1036 1577 item
1051 1535 1375 1578 Narbonensem
1399 1550 1498 1577 cum
1519 1535 1712 1577 citeriore

162 1607 374 1663 Hispania
398 1607 669 1649 coniunctam
692 1608 755 1649 M.
774 1606 961 1649 Aemilio
980 1607 1150 1664 Lepido
1171 1607 1389 1663 mvidavit
1410 1607 1518 1664 (Dio
1538 1607 1711 1656 XLHI,

162 1679 211 1720 51
234 1686 275 1721 et
290 1678 438 1729 XLV,
462 1679 546 1732 ¹10),
577 1678 654 1721 sed
683 1679 891 1734 reliquam
909 1679 1248 1736 Transalpinam,
1282 1694 1409 1735 quam
1435 1679 1527 1735 ipse
1548 1678 1710 1735 primus

161 1767 187 1793 a
227 1750 420 1793 barbaris
459 1759 652 1806 ceperat,
688 1751 734 1804 in
771 1751 879 1794 duas
913 1759 1054 1807 partes
1090 1752 1320 1802 disiunxit,
1366 1766 1548 1807 quarum
1579 1766 1709 1794 unam

161 1822 218 1864 A.
249 1822 420 1864 Hirtius
455 1822 611 1865 absens
650 1838 727 1879 per
760 1823 926 1880 legatos
967 1824 1076 1865 rexit
1115 1822 1230 1881 (Cic.
1268 1824 1322 1866 ad
1362 1823 1451 1865 Att.
1478 1823 1606 1873 XIV,
1650 1823 1710 1878 9),

161 1895 337 1937 alteram
363 1895 416 1937 L.
433 1894 658 1938 Munatius
687 1895 874 1939 Plancus
901 1896 994 1952 ipse
1019 1896 1334 1940 administravit
1365 1895 1479 1951 (Cic.
1506 1896 1628 1952 epist.
1650 1896 1712 1946 X,

167 1969 183 2008 1
215 1970 312 2023 sq.).
370 1967 656 2009 Retinuerunt
695 1975 837 2010 autem
867 1969 944 2010 has
975 1969 1216 2024 provincias
1249 1975 1396 2011 contra
1428 1968 1571 2025 legem
1601 1966 1712 2011 Cae-

162 2039 269 2081 saris
295 2039 516 2095 praesides
546 2040 673 2083 etiam
699 2055 810 2082 anno
838 2040 912 2091 433
949 2041 1011 2084 sic
1036 2041 1150 2083 enim
1179 2048 1352 2084 senatus
1379 2050 1551 2084 auctore
1586 2040 1711 2084 Cice-

161 2126 264 2153 rone
302 2111 516 2161 decrerat,
557 2119 605 2153 ut
643 2118 728 2154 tam
758 2112 833 2155 diu
863 2113 1047 2169 quisque
1079 2112 1314 2164 obtineret,
1357 2114 1462 2156 dum
1493 2130 1713 2158 sussessor

161 2197 215 2225 ex
251 2181 298 2224 S.
334 2198 370 2225 c.
410 2183 599 2226 venisset
637 2182 752 2239 (Cic.
791 2199 856 2240 ep.
890 2185 1007 2234 XII,
1049 2185 1102 2227 ‘25
1143 2193 1184 2227 et
1217 2186 1311 2240 22);
1356 2201 1442 2229 una
1482 2187 1554 2229 illa
1597 2203 1711 2243 pars,

161 2269 290 2309 quam
318 2255 374 2296 A.
403 2255 575 2298 Hirtius
605 2255 826 2306 habuerat,
859 2264 1086 2313 postquam
1118 2257 1189 2300 hic
1219 2259 1489 2301 consulatum
1517 2259 1624 2309 iniit,
1655 2259 1711 2301 ad

161 2325 215 2368 L.
244 2325 491 2369 Munatium
520 2327 731 2370 Plancum
767 2329 939 2370 videtur
979 2330 1248 2385 pervenisse:
1292 2345 1416 2372 nemo
1456 2338 1569 2374 certe
1602 2331 1711 2373 alius

161 2397 236 2452 qui
267 2411 366 2440 cum
392 2398 573 2454 imperio
608 2399 651 2441 in
679 2399 822 2443 Gallia
850 2401 999 2451 fuerit,
1038 2400 1083 2442 in
1114 2401 1214 2444 belli
1245 2403 1506 2445 Mutinensis
1536 2403 1713 2445 historia

163 2477 530 2511 commemoratur.
574 2470 830 2515 Perturbata
854 2480 996 2515 autem
1019 2481 1083 2516 est
1103 2475 1240 2516 omnis
1267 2474 1583 2530 provinciarum
1604 2475 1711 2518 ratio

145 2540 335 2582 -foedere
365 2540 617 2592 Mutinensi,
644 2558 729 2598 quo
759 2559 857 2586 cum
880 2544 950 2587 III
979 2545 1059 2587 viri
1092 2545 1354 2602 reipublicae
1385 2546 1710 2590 constituendae

163 2627 372 2654 summam
410 2612 602 2655 omnium
637 2629 780 2657 rerum
810 2623 1064 2671 potestatem
1090 2618 1202 2660 inter
1232 2633 1277 2660 se
1305 2617 1588 2674 partirentur,
1628 2619 1709 2660 im-

161 2683 309 2739 primis
353 2682 435 2725 hoc
473 2685 791 2740 providendum
834 2702 928 2731 esse
968 2696 1195 2745 putarunt,
1237 2704 1290 2732 ne
1330 2689 1426 2744 quis
1463 2690 1709 2745 provinciae

162 2761 289 2810 atque
330 2755 542 2798 exercitus
577 2757 731 2818 opibus
767 2761 987 2815 praeditus
1019 2761 1264 2818 insurgeret
1293 2761 1709 2818 dominationemque

164 2839 286 2868 suam
314 2827 586 2877 convelleret,
613 2843 744 2886 quare
771 2832 985 2876 neminem
1019 2833 1191 2875 omnino
1222 2833 1312 2876 suis
1340 2832 1542 2891 auspiciis
1572 2833 1708 2893 impe-
