1846 3100
593 127 648 160 De
673 126 788 160 Gallia
811 127 1044 158 Romanorum
1072 126 1257 168 provincia.
1648 123 1701 166 53

155 239 292 282 fuisse
324 239 523 281 novimus
554 244 595 280 et
617 253 670 280 ex
699 236 806 279 urbe
831 234 1034 279 Clodium
1061 237 1251 293 legatum
1271 236 1453 278 missum
1478 249 1573 277 esse
1601 234 1706 277 scri-

156 311 220 353 bit
245 311 518 353 Plutarchus.
557 310 747 353 Necesse
774 310 909 366 igitur
937 316 1003 351 est
1033 307 1084 352 C.
1117 307 1259 352 Cassii
1286 308 1391 351 Vari
1419 309 1611 364 legatum
1639 307 1707 348 in-

156 383 401 439 telligamus
428 390 556 441 atque
585 383 701 424 hunc
726 382 873 424 Italiae
902 381 1142 438 praefuisse
1169 387 1420 424 statuamus.
1479 380 1580 436 Ipse
1609 378 1706 435 qui-

157 455 257 498 dem
287 455 438 498 consul
468 470 554 511 quo
583 463 775 511 tempore
795 452 1006 496 Claudius
1029 459 1255 510 superatus
1276 459 1354 503 est,
1383 451 1469 495 iam
1497 451 1542 493 in
1564 449 1708 494 Gallia

159 525 378 584 Cisalpina
402 527 576 569 videtur
594 542 688 569 esse
707 534 927 576 versatus;
954 541 1053 568 nam
1071 532 1112 567 et
1131 523 1366 581 Spartacus
1387 539 1441 567 ne
1459 524 1503 566 in
1521 521 1708 566 Galliam

157 606 399 656 erumperet
429 598 702 642 metuebatur
728 613 808 641 nec
836 598 950 640 victo
980 597 1123 654 legato
1147 597 1255 653 ipse,
1291 596 1368 639 sed
1392 602 1565 652 praetor
1589 595 1707 652 fugi-

156 672 268 714 tivos
297 686 533 728 aggressus
566 678 643 714 est.
685 670 935 727 Insequenti
964 677 1108 711 autem
1139 683 1250 712 anno
1267 669 1335 719 72,
1365 683 1451 725 quo
1463 668 1518 711 L.
1538 667 1707 711 Gellius

157 743 379 800 Poplicola
420 749 462 785 et
509 741 589 785 Cn.
630 741 858 785 Cornelius
897 740 1112 784 Lentulus
1156 738 1393 784 Clodianus
1437 741 1708 784 consulatum

158 815 369 866 inierunt,
417 815 619 871 quoniam
655 830 861 871 magnum
889 814 1135 869 ‘periculum
1169 829 1195 855 a
1228 813 1426 870 fugitivis
1466 812 1707 863 timebatur,

161 893 334 929 senatus
365 886 571 929 trifariam
590 886 736 928 Italiae
763 886 939 928 tutelam
964 885 1135 936 divisit3
1165 900 1264 928 nam
1279 885 1494 928 Lentulus
1523 884 1709 927 mediam

158 959 339 1009 Italiam,
369 958 537 1002 Gellius
566 958 824 1008 inferiorem,
852 956 1031 1000 Cassius
1062 965 1293 1014 prorogato
1323 957 1501 1014 imperio
1522 955 1709 1000 Galliam

159 1031 419 1074 defendebat
451 1031 753 1086 adiutoresque
783 1030 884 1073 belli
913 1037 1032 1073 erant
1063 1029 1118 1084 Q.
1150 1029 1308 1072 Arrius
1338 1036 1380 1072 et
1406 1027 1488 1073 Cn.
1517 1030 1708 1071 Manlius

158 1112 375 1160 praetores
406 1103 524 1159 (Liv.
563 1103 662 1159 epit.
686 1100 844 1146 XCVI
854 1119 865 1154 ;
909 1102 1025 1159 App.
1057 1102 1156 1145 bell.
1196 1101 1276 1144 civ.
1306 1102 1349 1152 1,
1388 1102 1500 1157 117).
1561 1100 1708 1165 Quare

160 1176 276 1232 quod
312 1175 572 1218 Plutarchus
614 1173 760 1218 Crass.
802 1175 828 1218 9
863 1173 1065 1217 Cassium
1103 1174 1288 1230 appellat
1334 1178 1403 1228 τῆς
1444 1174 1535 1229 περὶ
1573 1173 1707 1214 Πάδον

161 1248 361 1292 Γαλατίας
393 1248 610 1303 στρατηγόν
653 1249 728 1306 (cf.
759 1247 875 1291 Flor.
904 1247 987 1297 III,
1015 1246 1083 1297 20,
1119 1246 1193 1296 103
1235 1244 1364 1288 Oros.
1395 1245 1451 1296 V,
1485 1245 1583 1302 20),
1622 1260 1710 1286 non

159 1320 217 1361 ita
245 1319 633 1376 interpretabimur,
662 1326 710 1362 ut
736 1320 775 1362 ei
801 1318 987 1363 Galliam
1013 1319 1082 1361 vel
1099 1316 1488 1374 Circumpadanam
1519 1318 1589 1360 vel
1611 1315 1710 1360 Cis—

159 1391 344 1448 alpinam
373 1398 589 1447 tamquam
617 1392 878 1449 peculiarem
901 1390 1167 1448 provinciam
1192 1391 1335 1433 datam
1366 1405 1460 1433 esse
1493 1397 1709 1448 putemus,

163 1463 241 1507 sed
269 1471 501 1520 prorogato
527 1479 625 1507 eum
644 1464 823 1521 imperio
846 1470 1082 1506 statuemus
1098 1463 1267 1506 iussum
1285 1477 1380 1505 esse
1397 1463 1513 1506 illam
1527 1463 1710 1505 maxime

160 1536 310 1579 Italiae
348 1543 512 1592 partem
557 1536 681 1578 tueri.
747 1533 818 1578 Ac
859 1536 1063 1591 quoniam
1099 1550 1216 1578 more
1252 1536 1446 1578 Romano
1482 1535 1710 1591 imperium

160 1615 258 1664 post
287 1608 559 1651 consulatum
588 1607 814 1663 prorogari
843 1622 929 1650 non
957 1614 1100 1663 potest
1128 1607 1212 1650 nisi
1234 1607 1389 1650 iisdem
1403 1606 1525 1657 locis,
1552 1605 1710 1662 quibus

160 1681 205 1722 in
235 1681 489 1737 magistratu
518 1680 612 1736 ipso
640 1679 869 1735 imperium
897 1679 1050 1730 fuerat,
1081 1679 1295 1735 sequitur,
1325 1686 1374 1721 ut
1401 1677 1606 1729 Cassius,
1635 1678 1710 1735 qui

163 1752 314 1795 consul
341 1751 507 1794 Italiam
541 1751 806 1806 provinciam
842 1751 1017 1794 sortitus
1056 1758 1167 1801 erat,
1213 1751 1342 1793 simul
1374 1751 1418 1792 in
1447 1749 1590 1794 Gallia
1629 1750 1710 1792 im-

161 1824 332 1880 perarit.
390 1823 685 1866 Veruntamen
714 1838 813 1866 cum
842 1839 896 1867 ne
924 1824 985 1866 illi
1018 1824 1214 1880 quidem,
1244 1838 1353 1880 quos
1383 1822 1594 1873 diximus,
1629 1821 1711 1864 im-

162 1902 379 1952 peratores
422 1894 678 1951 Spartacum
716 1896 1010 1952 fugitivosque
1051 1896 1301 1953 extinguere
1339 1894 1601 1951 potuissent,
1642 1908 1711 1936 res

163 1974 353 2010 extracta
384 1975 449 2010 est
476 1968 521 2010 in
548 1982 709 2010 annum
738 1968 806 2018 71,
834 1983 920 2024 quo
949 1968 999 2010 P.
1030 1966 1258 2012 Cornelius
1287 1967 1502 2010 Lentulus
1529 1964 1643 2008 Sura
1670 1972 1713 2008 et

165 2037 246 2082 Cn.
271 2039 476 2083 Aufidius
506 2039 685 2082 Orestes
717 2039 915 2082 consules
946 2040 1134 2083 fuerunt.
1184 2039 1300 2082 Tum
1328 2037 1525 2096 Spartaci
1554 2036 1714 2080 bellum

165 2119 330 2154 constat
357 2111 562 2154 traditum
594 2126 689 2154 esse
703 2111 767 2153 M.
785 2111 954 2154 Licinio
972 2110 1130 2155 Crasso
1150 2111 1333 2169 praetori
1351 2111 1487 2167 (Plut.
1500 2107 1649 2153 Crass.
1670 2109 1714 2160 93

168 2184 283 2241 App.
313 2184 411 2226 bell.
442 2183 525 2226 civ.
542 2183 576 2234 l,
610 2183 722 2239 118).
764 2186 826 2226 At
856 2199 909 2226 ex
938 2183 1188 2228 consulibus
1217 2197 1355 2225 unum
1381 2183 1433 2224 P.
1462 2180 1713 2225 Cornelium

167 2254 324 2298 Suram
370 2256 528 2299 scimus
579 2255 632 2299 ab
680 2256 735 2299 L.
776 2255 920 2299 Gellio
958 2254 1039 2299 Cn.
1078 2255 1268 2299 Lentulo
1314 2254 1591 2304 censoribus,
1638 2254 1714 2310 qui

166 2342 312 2370 mense
331 2329 422 2371 fere
434 2328 559 2370 Iunio
575 2328 676 2371 anni
689 2328 743 2372 70
760 2328 960 2380 inierunt,
978 2334 1129 2371 senatu
1149 2342 1244 2370 esse
1266 2333 1430 2370 motum
1448 2324 1710 2384 (Comment.

168 2399 387 2456 epigraph.
415 2400 513 2443 Vol.
542 2400 589 2443 11
622 2415 665 2458 p.
699 2401 822 2456 183),
858 2407 906 2442 ut
939 2415 1038 2443 eum
1067 2408 1171 2443 tunc
1201 2413 1282 2442 nec
1308 2399 1354 2440 in
1382 2399 1606 2455 provincia
1634 2413 1715 2440 nec

167 2472 212 2513 in
243 2471 498 2528 magistratu
515 2472 651 2515 fuisse
673 2472 912 2515 videamus.
948 2471 1078 2515 Rexit
1099 2471 1235 2528 igitur
1251 2470 1420 2513 Italiam
1443 2485 1543 2513 cum
1558 2469 1714 2520 Gallia,

160 2543 247 2589 ‚sed
276 2558 431 2585 nomen
460 2544 553 2586 eius
582 2551 625 2586 et
637 2544 688 2587 P.
705 2542 853 2588 Crassi
879 2544 1061 2587 victoria
1087 2550 1128 2586 et
1159 2541 1240 2586 Cn.
1256 2541 1451 2599 Pompeii
1482 2557 1535 2585 ex
1552 2541 1715 2598 Hispa-

173 2616 244 2658 nia
281 2615 534 2658 revertentis
574 2616 711 2672 gloria
748 2616 995 2660 obscuravit
1003 2632 1015 2667 3
1055 2614 1253 2658 habuerit
1286 2615 1414 2657 etiam
1451 2612 1716 2669 aliquamdiu

167 2693 447 2744 prorogatum
464 2687 704 2744 imperium,
723 2687 827 2730 dum
843 2688 895 2731 P.
915 2685 1075 2730 Crasso
1091 2687 1309 2730 obtinente
1322 2685 1488 2728 Italiam
1502 2684 1715 2740 deposuit.

170 2758 395 2816 Collegam
434 2765 577 2801 autem
619 2760 712 2802 eius
756 2758 837 2803 Cn.
878 2759 1129 2810 Aufidium,
1175 2758 1277 2815 quia
1316 2771 1529 2814 nusquam
1568 2762 1717 2813 postea

172 2836 550 2881 commemoratur,
594 2830 640 2873 in
673 2829 913 2874 Comment.
939 2831 1161 2889 epigraph.
1201 2830 1230 2872 l.
1264 2829 1293 2873 l.
1332 2828 1592 2873 coniecimus
1630 2843 1716 2872 non
