1846 3100
590 155 643 186 De
669 153 783 187 Gallia
807 155 1038 186 Romanorum
1068 154 1252 195 provincia.
1624 155 1696 196 111

153 266 285 322 legati
319 266 524 322 legionis,
563 266 634 308 alii
669 265 799 322 legati
830 264 1023 320 Augusti
1059 265 1242 321 legionis
1278 265 1450 321 proprie
1486 264 1701 307 dicuntur.

155 338 363 382 Omnium
397 338 507 380 enim
539 345 579 378 et
609 352 718 392 quae
750 337 915 379 senatui
950 336 1158 392 parebant
1189 345 1230 378 et
1259 352 1368 393 quae
1398 337 1536 392 ipsius
1566 338 1702 393 impe-

154 412 307 455 ratoris
346 411 543 468 potestati
589 410 805 452 subiectae
845 416 985 459 erant,
1028 409 1343 465 provinciarum
1372 409 1455 451 hoc
1485 417 1575 451 erat.
1601 425 1702 465 pro-

154 485 310 541 prium,
338 484 470 539 idque
500 497 585 524 non
616 482 744 524 modo
774 496 904 538 supra
929 482 1014 524 iam
1039 481 1242 531 diximus,
1276 496 1425 523 verum
1445 483 1571 524 etiam
1593 483 1704 524 infra

154 556 314 613 insigni
350 555 546 611 exemplo
584 554 881 604 ostendemus,
925 561 973 595 ut
1008 569 1140 609 penes
1173 568 1310 594 unum
1340 554 1530 596 omnium
1559 570 1703 597 rerum

156 636 198 670 et
228 628 417 670 civilium
445 635 486 669 et
514 626 761 668 militarium
792 626 1103 668 administratio
1133 632 1265 668 esset:
1302 641 1433 681 quare
1462 627 1536 682 qui
1565 635 1706 670 rector

155 708 245 743 erat
280 700 546 756 provinciae,
588 699 626 740 is
660 698 866 741 militibus
901 698 945 739 in
984 698 1205 754 provincia
1244 699 1459 741 collocatis
1497 708 1704 755 praeerat,

156 773 230 828 qui
258 772 467 814 militibus
497 770 745 827 imperabat,
773 771 887 812 idem
912 771 1053 812 omnia
1074 771 1284 826 praesidis
1307 787 1484 813 munera
1502 772 1705 828 implebat

157 845 468 902 appellatioque
508 858 605 886 cum
644 858 669 884 a
703 831 1112 898 militari-dignitate
1151 844 1241 886 sola
1272 846 1360 885 fere
1389 852 1580 899 petatur,
1620 859 1704 886 non

160 918 302 960 minus
332 924 470 958 tamen
501 916 556 957 ad
586 916 654 957 ius
682 915 914 956 dicendum
942 916 1138 970 pertinet.
1198 915 1245 957 Si
1268 931 1353 971 qua
1374 924 1515 958 autem
1542 917 1583 957 in
1606 931 1706 972 pro-

162 991 302 1032 vincia
331 989 478 1045 plures
519 988 709 1044 legiones
751 987 980 1028 collocatae
1020 996 1186 1038 essent,
1229 1004 1366 1038 unus,
1406 1004 1537 1044 penes
1579 1004 1706 1044 quem

160 1078 327 1105 summa
355 1077 496 1104 rerum
530 1068 639 1110 erat,
681 1074 828 1101 omnes
856 1059 915 1101 ita
942 1060 1141 1115 regebat,
1176 1069 1225 1102 ut
1251 1061 1434 1116 singulis
1464 1060 1707 1116 legionibus

161 1134 320 1191 singuli
349 1133 478 1188 legati
510 1139 777 1189 praeessent3
811 1131 883 1173 ille
913 1147 1027 1174 unus
1062 1133 1251 1189 Augusti
1281 1133 1450 1188 legatus
1478 1140 1520 1174 et
1550 1141 1640 1175 erat
1668 1140 1709 1175 et

160 1207 397 1256 dicebatur,
423 1205 467 1246 hi
494 1204 743 1261 simpliciter
767 1204 911 1260 legati,
941 1220 1037 1246 cum
1060 1205 1230 1261 proprie
1255 1205 1493 1261 legatorum
1515 1203 1709 1260 Augusti

160 1279 290 1335 legati
333 1285 489 1320 essent.
557 1277 708 1332 Itaque
747 1277 781 1318 si
819 1276 916 1331 quis
954 1277 1123 1332 legatus
1154 1277 1347 1332 Augusti
1383 1278 1566 1333 legionis
1599 1285 1640 1319 et
1674 1277 1710 1319 si

161 1352 258 1406 quis
299 1351 468 1407 legatus
502 1349 685 1406 legionis
719 1349 877 1390 omisso
907 1350 1098 1405 Augusti
1130 1349 1300 1391 nomine
1330 1350 1590 1405 appelletur,
1630 1349 1710 1391 hoc

162 1424 357 1473 interest,
396 1422 511 1477 quod
540 1422 674 1471 illum,
703 1422 777 1477 qui
806 1422 859 1463 ab
889 1421 984 1477 ipso
1012 1422 1220 1478 principe,
1249 1437 1332 1463 non
1361 1421 1413 1464 ab
1445 1422 1537 1463 eius
1568 1422 1710 1476 legato

161 1495 360 1538 mandata
388 1494 612 1550 acceperit,
644 1494 682 1535 ei
707 1493 954 1549 provinciae
982 1494 1221 1549 praefuisse
1242 1494 1536 1548 intelligimus,
1561 1495 1603 1536 in
1627 1509 1712 1549 qua

162 1583 249 1610 una
277 1575 440 1610 tantum
472 1566 586 1623 legio
614 1573 747 1616 esset,
792 1581 920 1621 quam
947 1565 1052 1607 dum
1080 1565 1214 1621 regit,
1249 1566 1391 1608 omnia
1420 1566 1463 1607 in
1494 1566 1713 1621 provincia

162 1639 373 1696 praesidis
408 1653 587 1681 munera
614 1646 778 1688 tuetur,
818 1638 888 1679 hic
917 1637 958 1678 in
990 1637 1213 1693 provincia
1241 1638 1437 1693 pluribus
1468 1638 1712 1693 legionibus

163 1712 327 1754 munita
369 1727 500 1752 unam
543 1711 666 1753 rexit.
739 1708 878 1751 Cuius
920 1709 982 1751 rei
1025 1709 1332 1751 documentum
1378 1725 1476 1751 cum
1523 1710 1712 1764 reliquae

165 1784 407 1839 provinciae
435 1782 649 1833 exhibent,
680 1790 772 1823 tum
798 1796 885 1831 eae,
917 1795 1027 1836 quae
1053 1796 1182 1822 unam
1211 1788 1374 1823 tantum
1399 1782 1612 1838 legionem
1638 1782 1713 1823 ha-

165 1855 287 1904 bent,
318 1856 436 1898 velut
463 1854 689 1904 Numidia,
722 1853 791 1895 cui
822 1853 896 1908 qui
925 1860 1115 1909 praeest,
1159 1854 1286 1895 modo
1316 1857 1390 1907 leg.
1425 1859 1528 1907 Aug.
1556 1869 1622 1907 pr.
1648 1869 1714 1907 pr,

161 1930 400 1981 provinciae
430 1929 675 1975 Numidiae,
717 1926 845 1967 modo
883 1929 957 1979 leg.
991 1929 1094 1979 Aug.
1118 1940 1187 1979 pr.
1212 1940 1277 1979 pr.
1309 1929 1384 1978 leg.
1416 1929 1476 1967 III
1501 1929 1607 1979 Aug.
1639 1942 1714 1982 ap-

167 1999 372 2055 pellatur,
415 1999 507 2055 pari
547 1998 857 2054 significatione
887 2012 936 2039 ac
965 2005 1188 2053 potestate.
1245 1997 1395 2053 Neque
1427 1998 1539 2039 enim
1570 2005 1714 2039 utrum

166 2086 244 2127 pro
262 2072 530 2127 praetoribus
548 2071 746 2113 dicantur
771 2070 907 2112 fuisse
935 2084 1083 2119 necne,
1111 2070 1285 2112 videtur
1307 2070 1536 2125 quicquam
1560 2070 1715 2112 habere

167 2143 440 2186 discriminis.
498 2143 560 2185 Ut
590 2158 737 2185 omnes
767 2143 911 2197 legati,
945 2158 1030 2184 non
1062 2143 1189 2184 modo
1221 2142 1295 2197 qui
1325 2142 1510 2184 minores
1541 2143 1716 2198 provin-

169 2214 256 2257 cias
285 2222 463 2270 regunt,
496 2229 644 2257 verum
674 2214 799 2256 etiam
830 2214 905 2269 qui
932 2215 1160 2264 maximas,
1193 2229 1291 2256 cum
1323 2214 1407 2256 sint
1440 2229 1518 2270 pro
1548 2221 1717 2270 praeto-

169 2286 312 2336 ribus,
352 2287 421 2329 vel
449 2287 720 2328 nominantur
748 2287 807 2328 ita
834 2287 903 2328 vel
933 2301 1017 2328 non
1045 2286 1339 2335 nominantur,
1383 2300 1460 2327 nec
1486 2286 1575 2328 ulla
1602 2287 1716 2342 apud

171 2373 244 2400 eos
274 2366 346 2400 aut
378 2359 536 2401 omisso
570 2359 779 2414 praetoris
809 2358 979 2401 nomine
1008 2358 1214 2400 detractio
1254 2365 1326 2399 aut
1361 2357 1508 2399 addito
1538 2358 1718 2414 amplifi—

172 2431 281 2472 catio
305 2431 526 2486 potestatis
554 2430 615 2481 fit,
643 2431 703 2473 ita
728 2431 807 2473 hos
835 2431 907 2485 qui
933 2445 957 2471 a
979 2430 1172 2486 principe
1198 2430 1292 2485 ipso
1321 2429 1585 2484 singularum
1609 2429 1719 2484 legi-

170 2516 300 2544 onum
331 2517 476 2545 curam
504 2510 770 2558 acceperant,
802 2510 843 2544 et
872 2503 1008 2544 fuisse
1038 2517 1186 2544 omnes
1218 2515 1372 2543 censeo
1404 2501 1613 2555 praetoria
1640 2516 1719 2555 po-

174 2581 344 2624 testate,
368 2574 458 2616 sine
479 2589 564 2630 qua
587 2575 800 2617 exercitus
820 2581 933 2616 recte
953 2574 1133 2616 obtineri
1150 2589 1235 2615 non
1254 2580 1432 2628 poterat,
1458 2579 1499 2614 et
1516 2572 1719 2628 appellari

174 2652 315 2687 tamen
343 2645 472 2688 modo
497 2660 576 2701 pro
606 2646 887 2701 praetoribus,
917 2646 1046 2688 modo
1074 2660 1159 2687 non
1189 2645 1406 2701 appellari.
1459 2643 1577 2685 Nihil
1607 2651 1720 2687 certe

174 2724 261 2767 est,
292 2717 408 2772 quod
436 2731 529 2766 eos,
560 2717 635 2772 qui
661 2731 739 2772 pro
763 2717 1034 2774 praetoribus
1066 2725 1296 2768 vocentur,
1331 2717 1565 2772 provinciis
1596 2731 1720 2772 prae-

174 2789 324 2838 fuisse,
352 2789 425 2844 qui
450 2803 534 2830 non
559 2796 779 2840 vocentur,
805 2790 1050 2846 legionibus
1077 2797 1256 2839 tantum,
1283 2804 1367 2831 non
1396 2789 1522 2830 simul
1546 2789 1720 2844 provin-

177 2861 254 2902 ciis
282 2860 521 2916 praefuisse
552 2860 868 2910 existimemus;
910 2863 1025 2916 quod
1057 2863 1130 2917 qui
1165 2861 1323 2909 statuit,
1355 2869 1396 2901 et
1424 2876 1514 2902 rem
1543 2861 1721 2916 imperio
