1846 3100
188 122 267 165 166
532 123 587 155 De
615 121 727 155 Gallia
748 122 982 155 Romanorum
1005 122 1178 164 provincia
1202 123 1385 164 appendix.

182 236 263 278 tria
297 234 475 291 cogitari
512 248 638 289 posse
675 231 752 281 ait,
796 238 845 273 ut
874 229 1035 274 Caesar
1067 230 1188 273 initio
1224 237 1298 274 aut
1339 232 1438 274 anni
1468 233 1522 275 50
1563 239 1638 275 aut
1677 233 1729 277 49

185 315 259 351 aut
286 308 338 351 48
367 307 576 350 decedere
605 304 816 354 debuerit,
845 303 922 346 sed
950 318 1048 346 cum
1076 303 1162 346 duo
1190 303 1342 360 reliqui
1369 304 1469 348 anni
1497 305 1730 348 excludan-

184 388 278 431 tur,
321 396 455 422 unum
495 377 678 433 relinqui
709 376 775 419 49.
835 377 896 419 At
932 391 1010 418 eur
1049 375 1222 418 tandem
1251 376 1426 420 ineunte
1454 393 1566 421 anno
1595 378 1731 435 impe-

184 453 297 495 rium
335 452 484 495 exierit
520 465 696 493 necesse
733 449 827 492 est?
882 447 975 492 Cur
1010 456 1192 491 exeunte
1229 457 1304 492 aut
1340 449 1482 493 medio
1517 466 1628 494 anno
1659 458 1732 494 aut

184 525 339 581 quovis
382 524 566 579 denique
607 521 676 564 die
715 521 827 563 finiri
865 537 950 564 non
982 522 1153 578 potest?
1204 521 1304 564 Hoc
1339 522 1500 566 frustra
1528 538 1730 579 quaeras:

183 613 320 639 unum
355 595 464 639 illud
506 595 560 637 de
604 594 674 637 die
712 594 823 650 legis
853 593 1052 637 Vatiniae
1088 593 1261 636 videtur
1298 594 1432 649 sequi.
1502 595 1675 638 Deinde
1707 612 1732 638 a

186 669 394 712 Suetonio
424 684 460 711 c.
488 668 542 711 26
571 667 653 709 hoc
684 666 771 708 dici
803 667 951 709 datum
978 681 1072 709 esse
1102 663 1291 716 Caesari,
1317 673 1365 708 ut
1391 665 1541 710 ultimo
1564 667 1731 724 imperii

184 758 210 785 a
233 741 440 798 Pompeio
470 740 558 783 dati
589 754 700 782 anno
725 738 990 781 consulatum
1016 745 1191 795 peteret,
1222 744 1366 794 petere
1383 746 1523 782 autem
1543 740 1731 783 voluisse

187 829 299 857 anno
318 813 395 856 50:
430 813 491 855 ita
520 811 648 861 effici,
675 818 724 853 ut
748 819 844 853 ante
875 811 1046 854 comitia
1075 812 1174 854 anni
1204 811 1257 855 49
1286 810 1494 854 decedere
1523 811 1730 856 debuerit.

184 886 281 929 Hoc
311 900 483 942 quoque
517 883 830 940 simplicissime
857 883 1148 935 concluditur3
1181 884 1259 927 sed
1275 899 1355 927 nec
1372 883 1606 928 Suetonius
1622 885 1732 928 illud

185 959 290 1002 dicit
319 973 398 1000 nec
425 955 588 1000 Caesar
612 971 804 1012 unquam
833 956 888 998 de
914 956 1014 999 anni
1031 957 1083 999 49
1114 957 1338 999 consulatu
1367 957 1590 1013 cogitavit:
1622 957 1731 1001 illud

184 1031 313 1088 paulo
343 1045 471 1087 supra
502 1027 784 1078 ostendimus,
814 1027 895 1070 hoc
922 1036 1071 1084 postea
1101 1029 1145 1071 in
1170 1029 1408 1072 Hofmanni
1439 1030 1634 1086 opinione
1664 1046 1731 1074 re·-

183 1101 369 1144 fellenda
401 1101 668 1144 docebimus.

297 1174 358 1216 At
392 1174 505 1216 enim
543 1173 678 1215 multa
714 1171 904 1228 opinioni
940 1187 1042 1215 suae
1079 1173 1248 1216 obstare
1290 1173 1408 1216 videt
1444 1174 1731 1226 Hofmannus,

183 1263 237 1289 ex
268 1246 427 1302 quibus
456 1245 668 1302 quaedam
695 1245 780 1287 iam
811 1245 1170 1296 examinavimus,
1201 1246 1285 1289 alia
1313 1255 1462 1302 postea
1490 1247 1585 1290 loco
1616 1262 1731 1291 com-

182 1319 375 1362 modiore
418 1317 860 1361 commemorabimus.
915 1318 1066 1373 Neque
1103 1318 1145 1360 in
1187 1333 1236 1361 eo
1275 1319 1393 1375 quod
1421 1319 1592 1362 Hirtius
1633 1319 1732 1363 bell.

185 1390 299 1434 Gall.
326 1391 461 1441 VIII,
492 1391 544 1434 239
577 1397 744 1440 narrat,
785 1390 905 1446 longi
938 1391 1118 1442 erimus,
1150 1391 1225 1446 qui
1254 1407 1352 1433 cum
1379 1406 1490 1434 anno
1517 1391 1566 1434 51
1599 1407 1732 1449 prope

183 1471 366 1508 exeunte
396 1479 526 1506 unam
555 1470 760 1506 aestatem
788 1463 843 1505 ad
868 1462 1028 1506 bellum
1058 1463 1294 1519 gerendum
1324 1461 1498 1506 Caesari
1525 1463 1731 1520 reliquam

183 1537 318 1580 fuisse
344 1537 487 1586 refert,
513 1542 610 1592 post
637 1542 840 1578 aestatem
869 1536 967 1577 anni
987 1535 1040 1578 50
1067 1536 1159 1577 eius
1184 1535 1412 1591 imperium
1438 1535 1577 1579 exisse
1596 1536 1731 1594 signi-

183 1610 303 1660 ficat,
339 1609 447 1651 nihil
481 1607 612 1651 aliud.
672 1607 879 1662 Magnam
917 1622 1019 1650 vero
1059 1607 1104 1649 in
1139 1608 1342 1650 universa
1370 1607 1450 1651 hac
1479 1608 1729 1664 quaestione

183 1681 480 1724 auctoritatem
505 1680 634 1722 habet
665 1677 820 1722 Cicero
849 1680 970 1736 epist.
995 1680 1130 1731 VIII,
1163 1683 1235 1730 11,
1275 1695 1358 1735 quo
1392 1680 1486 1724 loco
1518 1681 1729 1738 imprimis

183 1769 263 1796 nos
296 1768 426 1810 supra
453 1768 496 1809 p.
522 1752 575 1794 84
606 1752 661 1794 ad
691 1751 805 1794 diem
842 1753 1009 1810 imperii
1041 1751 1287 1795 Caesariani
1328 1752 1618 1796 definiendum
1661 1754 1731 1796 usi

185 1842 350 1870 sumus.
419 1824 581 1868 Scribit
624 1824 737 1867 enim
783 1823 956 1868 Caelius
1002 1825 1057 1867 ad
1102 1823 1356 1868 Ciceronem
1401 1841 1547 1868 mense
1587 1825 1730 1882 Aprili

184 1900 283 1942 anni
316 1899 388 1950 50,
427 1897 682 1954 Pompeium
719 1912 817 1939 cum
859 1903 1010 1948 senatu
1043 1897 1087 1938 in
1118 1897 1163 1938 id
1190 1896 1462 1947 incubuisse,
1499 1904 1548 1939 ut
1575 1897 1730 1941 Idibus

183 1971 416 2014 Novembr.
457 1970 550 2012 eius
591 1969 691 2011 anni
729 1967 890 2011 Caesar
928 1969 1128 2011 decedat:
1179 1971 1339 2010 Scaena
1367 1972 1432 2010 rei
1457 1972 1583 2010 totius
1611 1971 1730 2012 haec':

186 2046 401 2098 Pompeius
427 2049 640 2096 tamquam
661 2043 870 2084 Caesarem
897 2056 981 2083 non
1000 2045 1227 2095 impugnet,
1257 2042 1327 2082 sed
1343 2042 1452 2095 quod
1469 2043 1538 2082 illi
1555 2055 1731 2095 aequum

180 2123 319 2170 putet,
352 2116 590 2162 constituat,
620 2116 684 2154 ait
710 2114 926 2156 Curionem
952 2129 1144 2166 quaerere
1173 2114 1408 2154 dax-cordius.
1455 2112 1525 2154 De
1551 2112 1618 2154 his
1646 2113 1730 2155 du-

184 2187 364 2244 pliciter,
393 2193 439 2228 ut
460 2184 656 2235 debebat,
686 2185 961 2227 Hofmannus
991 2185 1194 2240 disputat,
1222 2185 1407 2241 primum
1433 2191 1482 2226 ut
1511 2191 1608 2238 post
1634 2185 1730 2228 illas

184 2260 292 2302 Idus
323 2257 551 2314 imperium
578 2257 719 2299 exisse
745 2257 908 2306 doceat,
939 2256 1093 2298 deinde
1109 2263 1157 2298 ut
1172 2271 1357 2306 causam,
1384 2270 1574 2298 curcum
1589 2263 1730 2300 tamen

186 2332 300 2373 diem
335 2329 568 2386 Pompeius
606 2328 895 2378 constituerit,
946 2328 1140 2384 reperiat.
1220 2328 1396 2370 Initium
1433 2335 1574 2370 autem
1611 2329 1731 2372 ducit

184 2403 307 2444 hinc:
351 2416 425 2457 pro
461 2402 556 2457 ipsa
593 2400 662 2442 die
702 2415 830 2455 quam
859 2400 930 2453 lex
961 2399 1166 2455 Pompeia
1196 2399 1364 2442 Licinia
1394 2401 1729 2457 praescripserit,

184 2474 291 2517 Idus
322 2472 588 2516 Novembres
619 2486 706 2514 non
734 2486 861 2528 posse
890 2471 1059 2522 haberi,
1102 2472 1206 2527 quin
1238 2487 1385 2515 omnes
1414 2473 1598 2516 rationes
1627 2488 1730 2516 suae

184 2546 309 2602 plane
346 2544 665 2601 perturbentur.
731 2544 792 2586 At
829 2543 1133 2600 perturbentur
1171 2560 1293 2594 sane,
1337 2543 1572 2587 dummodo
1614 2545 1730 2600 quod

186 2633 337 2660 verum
367 2624 454 2667 est,
483 2617 733 2673 reperiatur.
794 2613 991 2658 Caesaris
1022 2616 1248 2673 imperium
1276 2623 1350 2659 aut
1379 2623 1476 2659 ante
1504 2616 1610 2659 Idus
1639 2617 1729 2660 No-

186 2690 384 2732 vembres
414 2696 488 2731 aut
515 2688 622 2744 ipsis
650 2694 725 2730 aut
748 2694 846 2743 post
869 2687 1022 2730 exisse.
1066 2688 1335 2731 Rectissime.
1381 2689 1427 2731 Si
1443 2694 1539 2731 ante
1556 2688 1728 2738 exisset,

186 2761 442 2817 Pompeium
474 2775 559 2803 non
587 2775 792 2816 aequum,
829 2760 906 2802 sed
934 2760 1167 2803 admodum
1195 2760 1416 2803 liberalem
1445 2760 1580 2803 fuisse
1611 2762 1729 2803 futu-

186 2847 297 2874 rum.
350 2833 605 2876 Rectissime
642 2832 721 2875 hoe
759 2847 942 2889 quoque.
1004 2832 1053 2876 Si
1089 2834 1194 2890 ipsis
1232 2833 1386 2876 Idibus
1413 2832 1522 2875 Nov.
1558 2832 1728 2882 exisset,
