1846 3100
592 173 645 204 De
672 171 784 204 Gallia
810 171 1043 202 Romanorum
1077 170 1261 212 provincia.
1634 166 1686 209 27

142 283 199 338 Q.
228 283 426 325 Mucium
457 297 509 324 ne
542 280 588 323 S.
617 279 668 323 C.
696 280 817 322 fieret
844 278 1153 320 intercessisse.
1201 278 1394 334 Uterque
1422 278 1557 335 igitur
1587 286 1690 321 tunc

141 356 366 398 consulatu
394 353 658 409 fungebatur
686 350 973 407 Crassusque,
1005 350 1207 406 quoniam
1236 352 1280 393 in
1310 351 1565 407 magistratu
1595 351 1689 407 ipso

144 427 332 477 revertit,
368 434 510 468 vetere
540 440 656 467 more
682 424 849 466 Italiam
881 438 978 465 cum
997 421 1139 465 Gallia
1168 423 1439 465 coniunctam
1469 422 1580 464 rexit
1608 436 1688 464 nec

141 499 285 542 mirari
315 498 589 546 debebimus,
630 496 746 551 quod
791 510 869 551 per
909 510 1108 551 magnam
1145 495 1393 537 consulatus
1431 494 1497 537 sui
1527 501 1691 550 partem

140 571 184 613 in
213 571 322 613 urbe
350 571 453 619 fuit,
492 570 536 610 in
563 584 650 624 qua
676 568 779 609 dum
808 575 1027 616 versatur,
1064 581 1162 608 cum
1196 567 1360 622 collega
1398 567 1539 623 legem
1575 567 1691 609 illam

141 643 196 684 de
225 641 394 684 civibus
423 641 632 697 regundis
665 640 783 697 tulit,
816 655 900 694 qua
931 639 1139 680 sociorum
1169 639 1297 681 animi
1330 653 1588 695 magnopere
1617 653 1691 680 ex-

142 714 258 757 citati
289 721 389 756 sunt
423 712 544 767 (Cic.
577 728 619 768 p.
653 710 825 754 Cornel.
862 713 1014 767 fragm.
1050 713 1145 766 10).
1203 711 1347 766 Atque
1383 711 1481 752 hinc
1517 710 1692 765 quidem

144 785 311 828 Galliae
355 783 597 842 Cisalpinae
643 784 803 826 nullam
846 791 948 824 tunc
985 783 1119 825 fuisse
1165 783 1377 839 propriam
1424 782 1688 838 provinciam

145 858 372 908 discimus3
406 858 482 914 sed
499 856 824 912 Transalpinam
844 855 925 896 hoc
945 856 1033 897 fere
1058 862 1247 911 tempore
1276 854 1411 896 fuisse
1440 869 1523 895 non
1550 853 1692 894 minus

143 936 257 972 certo
275 937 526 985 argumento
544 929 839 988 perspicimus.
866 927 1034 969 Etenim
1053 927 1222 969 Gellius
1240 926 1371 975 XIII,
1398 927 1442 968 19
1461 926 1522 967 M.
1538 925 1692 967 Porcio

145 1001 323 1052 Catoni,
364 1002 462 1044 anni
496 1002 570 1044 118
602 1000 790 1049 consuli,
830 999 966 1040 filium
998 999 1133 1041 fuisse.
1173 999 1255 1048 ait,
1293 998 1367 1054 qui
1408 998 1622 1040 aedilitate
1650 1005 1692 1039 et

146 1082 343 1129 praetura
369 1080 488 1129 gesta
531 1073 573 1114 in
606 1071 789 1115 Galliam
819 1071 1143 1113 Narbonensem
1178 1071 1397 1126 profectus
1427 1069 1573 1124 ibique
1607 1068 1695 1110 vita

142 1146 318 1187 functus
359 1152 484 1187 esset.
549 1145 657 1186 Eam
702 1144 1007 1199 profectionem
1048 1158 1132 1184 non
1175 1142 1364 1198 privatae
1407 1141 1589 1184 alicuius
1629 1139 1692 1181 rei

145 1232 300 1267 causa,
341 1217 416 1258 sed
448 1216 616 1273 publice
648 1224 890 1272 susceptam
920 1230 1014 1257 esse
1043 1215 1167 1257 facile
1197 1230 1344 1256 omnes
1370 1213 1568 1261 credent;
1616 1227 1693 1254 cur

144 1289 257 1332 enim
290 1288 473 1339 Gellius,
504 1289 578 1344 qui
604 1288 788 1330 hominis
820 1303 888 1330 res
920 1295 1064 1344 gestas
1095 1287 1275 1343 prodere
1306 1286 1445 1335 vellet,
1485 1285 1692 1341 privatam

152 1361 364 1403 eiusmodi
385 1376 476 1402 rem
503 1360 881 1402 commemoraret?
927 1358 1094 1401 Habuit
1123 1359 1257 1414 igitur
1286 1359 1347 1400 M.
1378 1357 1562 1400 Porcius
1588 1354 1696 1398 Cato

150 1448 203 1474 ex
242 1440 442 1489 praetura
475 1433 739 1488 provinciam
781 1430 1118 1473 Narbonensem.
1179 1429 1268 1473 Sed
1300 1429 1472 1487 quando
1516 1427 1696 1470 habuit?

147 1504 264 1547 Nihil
299 1505 409 1546 enim
455 1504 573 1547 aliud
610 1505 664 1545 de
707 1503 877 1545 homine
920 1503 1114 1545 traditur.
1176 1501 1314 1545 Cuius
1355 1509 1473 1558 pater
1514 1501 1550 1542 si
1585 1514 1695 1542 anno

151 1577 228 1619 118
249 1577 399 1619 consul
428 1577 530 1626 fuit,
575 1576 812 1618 secundum
844 1590 1092 1618 communes
1122 1576 1232 1618 vitae
1262 1575 1473 1616 humanae
1508 1573 1694 1614 rationes

146 1658 260 1692 recte
287 1649 516 1698 faciemus,
556 1655 603 1690 ut
631 1648 762 1689 filium
795 1648 949 1704 viginti
985 1648 1154 1690 circiter
1178 1646 1300 1689 annis
1338 1653 1433 1701 post
1462 1652 1698 1700 praetorem

146 1722 283 1764 fuisse
313 1730 551 1764 statuamus
589 1721 643 1763 ad
686 1720 950 1776 eandemque
989 1719 1348 1776 computationem
1385 1717 1599 1759 deductus
1634 1724 1699 1758 est

149 1793 334 1849 Pighius
358 1793 511 1835 Annal.
535 1793 603 1834 III
626 1809 666 1849 p.
682 1792 778 1843 217,
811 1793 883 1848 qui
913 1808 1023 1835 anno
1040 1792 1095 1834 92
1121 1792 1214 1833 eius
1245 1797 1485 1846 praeturam
1504 1788 1696 1830 collocat.

151 1865 225 1907 sio
255 1866 411 1922 igitur,
456 1880 714 1921 quocunque
746 1880 856 1907 anno
885 1864 947 1906 M.
974 1864 1045 1906 ille
1072 1862 1182 1906 Cato
1212 1870 1380 1919 praetor
1419 1861 1526 1910 fuit,
1572 1859 1697 1915 paulo

148 1945 246 1994 post
274 1935 326 1979 C.
355 1937 542 1979 Marium
584 1945 757 1993 apparet
796 1952 893 1978 eum
932 1937 1173 1993 praesidem
1201 1932 1492 1976 Narbonensis
1529 1931 1695 1974 Galliae

150 2009 346 2059 inveniri,
374 2009 462 2065 qui,
490 2009 571 2050 nisi
596 2024 646 2051 ea
675 2017 778 2051 tunc
804 2009 856 2051 ab
883 2009 1006 2052 Italia
1034 2010 1226 2051 seiuncta
1258 2014 1385 2062 atque
1407 2006 1450 2046 in
1467 2004 1694 2061 peculiaris

150 2082 393 2138 provinciae
425 2083 603 2123 formam
632 2080 806 2123 redacta
848 2088 982 2131 esset,
1025 2095 1110 2122 non
1153 2080 1362 2136 potuisset
1399 2092 1507 2120 esse.
1567 2078 1696 2118 Anno

150 2154 203 2196 94
235 2154 289 2195 de
322 2153 552 2209 provinciis
583 2153 880 2195 consularibus
912 2153 1018 2194 nihil
1056 2160 1274 2201 narratur3
1314 2151 1437 2207 quies
1469 2150 1579 2191 enim
1611 2156 1700 2190 erat

151 2226 360 2268 bellorum
390 2226 686 2279 incertumque
715 2225 823 2266 adeo
854 2223 991 2266 videri
1013 2223 1154 2274 debet,
1182 2239 1235 2265 an
1261 2222 1432 2265 omnino
1462 2222 1568 2264 alter
1596 2236 1697 2263 con-

153 2298 296 2340 sulum
325 2297 370 2338 in
399 2296 661 2353 provinciam
693 2295 854 2338 exierit.
915 2294 1041 2352 Opus
1069 2303 1182 2338 certe
1210 2310 1295 2337 non
1324 2302 1412 2337 erat
1438 2294 1493 2335 ad
1526 2293 1699 2350 provin-

153 2369 240 2412 cias
274 2368 646 2411 administrandas.
713 2367 837 2421 Quae
881 2382 980 2410 cum
1023 2375 1126 2410 tunc
1169 2375 1312 2410 essent
1358 2375 1454 2409 octo
1499 2366 1699 2420 duaeque

152 2441 389 2497 Hispaniae
431 2457 456 2483 a
502 2441 554 2482 T.
595 2439 729 2481 Didio
771 2448 813 2482 et
853 2439 903 2481 P.
951 2437 1135 2488 Crasso,
1186 2441 1258 2494 qui
1300 2454 1411 2481 anno
1458 2437 1699 2493 insequenti

153 2512 480 2568 triumpharunt,
511 2512 816 2560 obtinerentur,
850 2511 885 2554 si
919 2526 994 2553 sex
1025 2520 1242 2567 praetores
1272 2519 1420 2554 exacto
1448 2510 1701 2565 magistratu

153 2584 197 2625 in
229 2583 468 2639 provincias
497 2584 709 2640 profectos
741 2598 836 2625 esse
870 2583 1119 2633 statuimus,
1159 2584 1277 2627 nulla
1313 2584 1418 2639 ipsis
1449 2581 1700 2624 consulibus

154 2655 420 2710 relinquitur.
476 2656 605 2697 Anno
636 2655 689 2697 93
722 2653 772 2697 C.
797 2655 1019 2697 Valerium
1046 2671 1129 2698 cos.
1163 2657 1346 2699 arbitror
1373 2670 1467 2698 esse
1496 2654 1700 2696 Flaccum

154 2727 296 2776 illum,
335 2741 463 2782 quem
493 2727 677 2783 Appian.
717 2727 842 2783 Hisp.
880 2742 915 2770 c.
953 2727 1031 2770 100
1069 2729 1261 2784 proxime
1300 2734 1396 2784 post
1429 2726 1480 2767 T.
1519 2725 1702 2767 Didium

155 2813 253 2841 cum
269 2799 504 2855 Hispaniae
533 2799 700 2856 populis
719 2815 935 2856 pugnasse
962 2800 1044 2850 ait3
1076 2800 1193 2856 quod
1223 2807 1365 2842 autem
1382 2798 1544 2853 Obseq.
1564 2812 1599 2839 c.
1624 2798 1698 2840 111

157 2886 268 2913 anno
297 2871 350 2914 94
377 2886 453 2927 per
466 2870 666 2914 Nasicam
682 2872 917 2928 Hispaniae
946 2872 1142 2929 populos,
1163 2871 1238 2928 qui
1262 2870 1554 2922 rebellassent,
1581 2869 1702 2913 urbi-
