1846 3100
200 120 254 163 ’76
640 127 694 159 De
719 127 832 160 Gallia
858 129 1091 163 Romanorum
1123 133 1305 174 provincia.

314 233 390 279 Sic
420 236 556 293 igitur
583 238 666 281 iam
693 239 744 282 C.
777 238 938 284 Caesar
969 250 1194 300 utramque
1224 243 1410 287 Galliam
1444 261 1542 288 cum
1571 246 1746 302 Illyrico

198 306 429 359 obtinebat,
462 310 539 352 sed
569 326 667 354 cum
693 313 989 369 quinquennii,
1018 315 1061 357 in
1088 316 1206 371 quod
1223 316 1459 360 citeriorem
1480 319 1746 374 provinciam

197 388 420 435 acceperat
455 383 580 438 (nam
609 383 901 428 Narbonensis
940 402 1038 430 cum
1069 387 1200 430 adimi
1237 397 1406 444 posset,
1447 389 1676 446 quotannis
1699 389 1745 432 in

197 451 289 494 eius
318 452 498 510 imperio
529 456 886 513 relinquebatur),
917 459 1017 502 finis
1048 460 1421 517 appropinquaret,
1448 461 1622 518 quidam
1651 461 1744 504 eius

195 522 356 566 inimici
396 542 508 568 anno
551 528 604 570 56
639 544 768 585 agere
806 539 1058 588 coeperunt,
1104 540 1153 573 ut
1197 533 1233 575 si
1272 533 1364 576 dies
1397 533 1509 590 legis
1547 533 1744 576 Vatiniae

197 596 372 648 exisset,
403 599 441 640 ei
471 600 540 641 vel
566 608 748 657 utraque
778 603 847 646 vel
874 604 1078 646 alterutra
1106 602 1250 648 Gallia
1281 605 1531 662 eriperetur,
1559 620 1743 662 quorum

194 668 380 725 impetus
400 669 610 716 Cicerone
637 675 777 724 etiam,
806 675 880 731 qui
907 683 1010 718 tunc
1037 677 1270 719 orationem
1298 677 1351 720 de
1377 677 1612 734 provinciis
1640 691 1742 721 con·

197 741 412 786 sularibus
453 743 623 797 habuit,
659 746 890 790 adiuvante
926 748 1042 791 haud
1085 749 1260 793 difficile
1294 750 1455 806 repulsi
1493 757 1592 792 sunt
1626 748 1741 803 (Cic.

196 814 320 870 epist.
347 816 393 866 I,
422 818 482 871 7).
535 815 625 860 Sed
654 820 875 875 quaeritur
908 828 1071 872 tamen,
1110 837 1219 877 quae
1250 823 1390 865 medio
1419 829 1608 879 tempore
1640 837 1742 864 con-

194 886 362 930 sulibus
406 889 650 944 provinciae
691 891 887 935 decretae
931 893 1035 943 sint,
1082 909 1263 949 quarum
1305 895 1494 952 cognitio
1529 894 1654 938 etiam
1686 893 1741 938 ad

191 958 329 1014 ipsius
361 959 560 1004 Caesaris
589 962 815 1019 imperium
843 965 1171 1022 intelligendum
1202 967 1398 1023 pertinet.
1456 967 1601 1023 Atque
1631 981 1741 1009 anno

193 1031 245 1074 58
273 1031 327 1073 L.
359 1033 462 1075 Piso
493 1033 679 1076 obtinuit
708 1036 1028 1087 Macedoniam,
1060 1036 1114 1079 A.
1148 1037 1362 1081 Gabinius
1399 1039 1592 1095 Syriam,
1629 1054 1740 1081 anno

195 1104 246 1147 57
277 1104 330 1146 P.
358 1106 572 1149 Lentulus
603 1107 808 1164 Spinther
835 1107 1046 1161 Ciliciam,
1079 1111 1133 1164 Q.
1164 1110 1368 1153 Metellus
1399 1111 1545 1167 Nepos
1578 1111 1738 1167 Hispa-

190 1176 303 1219 niam
333 1177 585 1229 citeriorem,
617 1195 728 1222 anno
751 1181 804 1223 56
821 1189 1021 1224 neutrum
1052 1198 1105 1225 ex
1128 1182 1392 1234 consulibus,
1422 1199 1502 1226 nec
1519 1182 1600 1226 Cn.
1621 1184 1738 1226 Len-

194 1249 330 1291 tulum
358 1250 660 1294 Marcellinum
693 1268 772 1295 nec
787 1253 839 1295 L.
865 1254 1126 1311 Philippum,
1156 1255 1283 1297 ullam
1307 1255 1571 1312 provinciam
1601 1256 1738 1298 admi-

191 1321 398 1365 nistrasse
427 1324 528 1366 inde
562 1325 795 1376 discimus,
833 1326 949 1382 quod
980 1325 1142 1369 Caesar
1171 1326 1271 1370 bell.
1301 1327 1382 1370 civ.
1413 1328 1458 1378 Ι,
1489 1329 1514 1371 6
1542 1328 1596 1371 iis
1626 1344 1737 1371 anno

191 1394 243 1437 49
281 1410 334 1436 ex
377 1395 473 1452 lege
514 1396 720 1453 Pompeia
755 1399 997 1454 provincias
1039 1399 1211 1442 decerni
1258 1399 1463 1443 debuisse
1511 1401 1737 1457 significat.

190 1465 258 1509 Cf.
277 1465 516 1511 Comment.
550 1470 768 1527 epigraph.
798 1471 894 1513 Vol.
915 1471 960 1513 II
991 1488 1034 1528 p.
1051 1472 1146 1523 206,
1177 1487 1263 1528 quo
1293 1473 1387 1516 loco
1418 1488 1526 1528 quae
1558 1473 1613 1516 de
1638 1474 1736 1530 lege

187 1540 393 1596 Pompeia
422 1542 573 1597 iisque,
606 1543 679 1598 qui
708 1543 900 1586 nondum
928 1544 1172 1600 provincias
1199 1544 1464 1596 habuissent,
1496 1545 1540 1588 in
1561 1547 1734 1602 provin-

189 1612 274 1654 cias
306 1613 525 1656 mittendis
551 1615 882 1671 disputavimus,
913 1631 965 1658 ex
995 1616 1075 1659 hac
1105 1617 1159 1658 de
1187 1616 1329 1660 Gallia
1355 1615 1576 1673 Cisalpina
1604 1633 1735 1673 quae-

188 1684 323 1727 stione
349 1687 677 1742 supplebuntur.
714 1688 954 1744 Apparebit
977 1689 1103 1738 enim,
1126 1704 1223 1731 cum
1243 1696 1339 1731 ante
1357 1689 1499 1744 legem
1517 1689 1734 1733 Vatiniam

183 1757 277 1813 ipsa
305 1758 430 1801 Italia
462 1774 540 1815 pro
570 1760 792 1816 provincia
828 1760 1002 1810 fuisset,
1044 1758 1321 1810 Ciceronem,
1367 1761 1441 1816 qui
1478 1768 1519 1803 et
1561 1769 1733 1818 propter

186 1845 286 1873 suas
315 1831 500 1874 rationes
521 1839 563 1874 et
582 1840 756 1889 propter
785 1831 1047 1888 reipublicae
1077 1839 1268 1888 tempora
1295 1848 1402 1883 eam,
1434 1847 1543 1889 quae
1562 1833 1732 1876 decreta

185 1910 288 1954 erat,
316 1904 583 1959 provinciam
600 1905 886 1961 deposuisset,
914 1904 1050 1946 fuisse
1071 1905 1339 1955 mittendum,
1370 1905 1557 1961 itemque
1575 1906 1638 1949 M.
1657 1907 1732 1949 Bi-

185 1974 349 2024 bulum,
381 1976 451 2017 cui
482 1977 526 2017 in
554 1977 646 2032 ipso
675 1977 899 2019 consulatu
929 1976 1152 2032 provincia
1178 1977 1379 2033 adempta
1404 1985 1530 2027 esset,
1563 1978 1639 2020 sed
1664 1993 1731 2021 re-

183 2047 413 2103 liquorum,
444 2049 517 2103 qui
546 2056 643 2092 ante
673 2049 878 2091 Bibulum
908 2048 952 2089 in
980 2048 1103 2090 Italia
1135 2055 1176 2090 et
1210 2048 1352 2091 Gallia
1381 2048 1603 2106 Cisalpina
1632 2065 1731 2093 cum

183 2120 364 2175 imperio
395 2121 553 2163 versati
588 2129 707 2170 sunt,
738 2121 840 2176 quia
870 2128 973 2163 tunc
1003 2136 1052 2162 ea
1077 2121 1268 2163 exercitu
1298 2128 1340 2163 et
1368 2121 1462 2163 iure
1488 2122 1602 2164 omni
1630 2137 1731 2178 pro-

185 2192 351 2235 vinciae
379 2200 527 2235 ornata
555 2200 658 2243 erat,
689 2193 850 2235 nullam
873 2193 1046 2234 omnino
1074 2193 1210 2235 fuisse
1242 2193 1449 2235 rationem
1476 2193 1730 2245 habendam,

181 2264 383 2319 quodque
406 2265 506 2306 olim
528 2265 677 2307 aetatis
710 2273 836 2320 atque
865 2279 1071 2307 annorum
1096 2265 1361 2319 argumentis
1392 2265 1732 2320 demonstratum
1783 2316 1787 2319 .

182 2336 324 2379 minus
351 2337 530 2379 fortasse
559 2337 615 2378 ad
648 2336 1000 2393 persuadendum
1032 2336 1259 2379 videbatur
1287 2352 1382 2379 esse
1415 2337 1642 2387 idoneum,
1683 2337 1729 2380 id

180 2409 263 2451 iam
295 2409 534 2451 certissima
561 2409 878 2451 ratiocinatione
899 2408 1231 2451 confirmabitur.
1273 2409 1362 2451 Sed
1384 2409 1438 2452 ab
1462 2424 1513 2451 ea
1533 2424 1593 2460 re,
1620 2424 1729 2464 quae

181 2497 332 2537 parum
361 2481 446 2524 huc
474 2482 670 2537 pertinet,
701 2487 749 2522 ut
782 2480 1070 2530 discedamus,
1102 2481 1218 2536 quod
1249 2495 1380 2537 supra
1407 2480 1613 2532 diximus,
1641 2481 1728 2525 Ita-

180 2553 280 2595 liam
316 2568 402 2596 non
434 2553 616 2609 amplius
647 2553 783 2595 fuisse
824 2551 1090 2593 consularem
1132 2553 1396 2608 provinciam
1432 2568 1512 2596 nec
1546 2554 1727 2596 alterum

181 2626 407 2668 consulum
433 2626 477 2668 in
509 2641 559 2668 ea
586 2624 820 2667 consistere
846 2623 1106 2678 oportuisse,
1146 2624 1307 2667 biennii
1343 2625 1464 2681 quod
1504 2625 1725 2668 attulimus

179 2697 342 2740 ratione
372 2712 549 2753 prorsus
581 2694 895 2751 comprobatur,
925 2710 1063 2751 neque
1091 2696 1232 2739 minus
1257 2696 1573 2752 insequentium
1593 2711 1725 2740 anno-

180 2785 276 2812 rum
319 2769 510 2812 historia.
579 2768 853 2822 Quamquam
891 2767 964 2822 qui
999 2783 1110 2810 anno
1149 2769 1202 2811 55
1243 2784 1278 2811 a.
1310 2767 1413 2811 Chr.
1456 2767 1725 2811 consulatum

181 2856 258 2899 per
288 2841 371 2882 vim
401 2840 545 2897 adepti
576 2847 688 2890 sunt,
720 2837 800 2882 Cn.
830 2839 1063 2895 Pompeius
1091 2847 1132 2882 et
1161 2840 1223 2882 M.
1256 2839 1456 2890 Crassus,
1490 2854 1597 2896 quas
1625 2854 1724 2896 pro-
