1846 3100
188 156 270 199 ‘218
633 161 687 192 De
712 162 886 194 dictatoris
913 161 1068 195 Caesaris
1095 163 1292 196 honoribus.

187 274 291 311 tunc
323 276 412 311 erat
443 269 639 312 condicio
668 283 865 325 magnam
893 269 1232 325 probabilitatem
1271 272 1415 323 affert,
1453 280 1502 316 ut
1535 275 1733 318 consula-

187 348 279 383 tum
307 357 392 383 non
414 341 459 383 in
480 356 642 397 paucos
669 341 762 383 dies
795 344 924 398 (quae
947 342 1058 384 enim
1086 343 1182 385 talis
1207 359 1348 387 morae
1375 359 1504 389 causa
1530 361 1624 389 esse
1651 362 1733 404 po-

187 414 357 465 terat?)‚
387 414 463 456 sed
493 414 536 455 in
563 421 649 455 tres
677 428 845 456 menses
866 414 966 456 anni
987 414 1174 470 reliquos
1199 415 1386 459 delatum
1406 432 1500 462 esse
1517 427 1732 475 putemus.

188 485 309 539 Quid
338 486 498 542 igitur?
550 486 664 528 Num
691 486 886 542 peccavit
912 486 1186 537 Macrobius,
1225 489 1299 543 qui
1329 505 1490 546 paucos
1521 492 1613 534 dies
1645 492 1734 535 Va-

186 558 290 599 tinio
319 558 533 614 assignet,
573 573 708 613 eoque
737 573 836 600 cum
866 556 917 600 C.
946 557 1128 601 Caninio
1154 560 1330 611 Rebilo,
1374 562 1428 604 de
1465 578 1551 619 quo
1585 572 1735 620 postea

186 630 393 679 dicemus,
412 631 591 673 confuso
607 631 650 672 in
670 645 856 672 errorem
872 629 1076 673 inductus
1092 631 1175 673 sit?
1205 633 1265 674 At
1280 633 1372 689 ipse
1390 635 1516 678 etiam
1533 635 1588 679 de
1603 635 1734 680 Cani-

185 702 254 744 nio
276 703 431 759 prodit,
461 703 609 746 eodem
630 703 782 759 capite,
804 709 853 744 ut
872 703 916 744 in
936 703 1182 746 nominibus
1199 719 1285 746 non
1303 705 1502 750 videatur
1520 723 1734 764 peccasse.

186 775 318 818 Recte
349 776 483 832 igitur
512 790 596 816 non
629 775 771 819 minus
802 776 930 818 tradit
958 791 1086 832 quam
1115 776 1362 820 Suetonius.
1411 778 1522 822 Nam
1545 782 1734 837 gessisse

185 849 242 891 ait
269 848 490 891 Vatinium
517 864 595 905 per
624 863 785 905 paucos
816 848 909 891 dies
942 849 1209 891 consulatum
1238 849 1265 890 i.
1294 865 1330 892 e.
1359 850 1519 894 Romae
1545 854 1733 897 consulis

185 936 363 964 munera
381 921 543 964 obisse:
576 922 740 977 reliquo
759 930 949 978 tempore
967 922 1229 971 consulatus,
1248 937 1376 978 quem
1391 921 1572 967 Octobri
1589 941 1734 970 mense

184 994 237 1036 ab
267 992 452 1037 Caesare
483 1002 718 1050 acceperat,
747 995 792 1036 in
818 994 900 1036 alio
929 994 1102 1050 negotio
1123 994 1389 1045 versabatur,
1421 997 1628 1053 collegam
1657 1014 1734 1041 au—

184 1074 267 1109 tem
309 1067 401 1109 eius
442 1067 498 1120 Q.
527 1066 737 1109 Calenum
774 1082 852 1123 per
881 1075 992 1108 totos
1022 1078 1107 1108 tres
1137 1082 1328 1118 menses,
1370 1083 1480 1124 quos
1509 1071 1734 1114 consulatu

183 1139 466 1196 fungebatur,
507 1140 549 1181 in
586 1139 694 1181 urbe
731 1139 866 1182 fuisse
894 1154 1061 1181 censeo.
1119 1138 1411 1182 Veruntamen
1441 1150 1608 1198 pugnet
1637 1144 1734 1186 Ma-

184 1213 354 1255 crobius
385 1227 483 1254 cum
515 1211 737 1261 Suetonio,
769 1212 842 1266 qui
872 1211 976 1253 mihi
1004 1212 1179 1267 quidem
1206 1226 1291 1253 non
1322 1213 1522 1255 videntur
1547 1215 1659 1257 inter
1688 1232 1734 1259 se

182 1299 397 1340 pugnare,
437 1284 554 1340 quod
594 1291 735 1345 tamen
775 1284 1057 1326 communiter
1093 1284 1267 1326 tradunt
1298 1283 1508 1327 Calenum
1541 1294 1583 1328 et
1613 1288 1734 1331 Vati-

182 1356 303 1399 nium
330 1357 426 1412 ipso
457 1357 573 1399 exitu
605 1357 704 1399 anni
734 1357 869 1399 fuisse
909 1357 1130 1407 consules,
1170 1356 1215 1398 id
1254 1356 1495 1400 confirmari
1536 1359 1734 1404 videmus

183 1444 236 1471 ex
268 1429 342 1479 iis,
382 1445 492 1485 quae
529 1445 640 1472 anno
670 1430 721 1471 45
763 1436 885 1485 gesta
921 1444 1015 1471 esse
1056 1437 1293 1471 narrantur.
1363 1429 1464 1484 Quo
1491 1447 1734 1476 annocum

183 1500 344 1544 Caesar
368 1509 568 1558 quartum
597 1503 867 1544 consulatum
892 1501 1101 1558 gessisset
1127 1515 1262 1557 eoque
1292 1502 1489 1546 abdicato
1516 1505 1620 1548 alios
1651 1506 1734 1549 sibi

183 1575 444 1624 suffecisset,
473 1574 558 1616 Dio
587 1575 771 1624 XLIII,
803 1575 855 1616 46
885 1574 967 1615 hoc
996 1572 1218 1615 observat:
1266 1579 1425 1629 πρῶτον
1459 1577 1530 1630 μὲν
1563 1579 1611 1632 δὴ
1642 1578 1733 1620 τότε

181 1650 298 1688 τοῦτο
328 1647 440 1702 παρὰ
469 1648 513 1687 τὸ
545 1647 797 1701 καθεστηκὸς
824 1646 998 1700 ἐγένετο,
1025 1648 1068 1686 τὸ
1098 1647 1198 1700 μήτε
1228 1646 1389 1700 ἐτησίαν
1422 1649 1522 1703 μήτε
1546 1649 1588 1694 ἐς
1603 1651 1733 1692 πάντα

181 1719 247 1759 τὸν
281 1720 420 1760 λοιπὸν
451 1719 598 1774 χρόνον
638 1723 708 1760 τοῦ
750 1717 864 1762 ἔτους
900 1719 969 1772 τὴν
1002 1718 1131 1773 ἀρχὴν
1166 1718 1320 1773 ἐκείνην
1356 1721 1423 1760 τὸν
1454 1720 1574 1762 αὐτὸν
1608 1720 1731 1777 ἔχειν,

182 1790 288 1832 ἀλλὰ
326 1795 457 1838 ζῶντα
497 1791 582 1832 τινὰ
620 1791 743 1845 αὐτῆς
779 1791 845 1831 καὶ
881 1791 933 1844 μὴ
973 1790 1278 1844 ἀναγκασθέντα
1320 1793 1419 1846 μήτε
1457 1792 1502 1833 ἐκ
1532 1791 1730 1848 πατρῴων

183 1864 282 1918 μήτε
322 1863 361 1908 ἐξ
399 1863 617 1916 ἐπηγορίας
650 1864 754 1905 τινὸς
789 1863 976 1915 ἐκστῆναι
1015 1862 1080 1902 καὶ
1120 1862 1256 1916 ἕτερον
1292 1864 1376 1903 ἀντ’
1411 1864 1539 1906 αὐτοῦ’
1577 1865 1731 1907 ἀντικα-

180 1938 383 1988 ταστῆναι.
446 1935 584 1977 Vetus
624 1935 759 1990 igitur
797 1948 887 1975 mos
925 1941 1035 1982 erat,
1074 1941 1123 1974 ut
1153 1935 1226 1989 qui
1255 1935 1405 1977 consul
1435 1936 1576 1978 factus
1604 1944 1731 1987 esset,

182 2007 272 2050 sive
302 2007 402 2048 Kal.
433 2008 525 2049 Ian.
552 2008 643 2048 sive
672 2007 815 2061 aliquo
845 2006 915 2047 die
946 2012 1042 2061 post
1066 2005 1219 2048 inierat
1253 2009 1370 2060 (nam
1403 2022 1530 2063 saepe
1559 2016 1732 2064 propter

180 2080 416 2122 discordias
446 2079 617 2129 civiles,
655 2087 703 2120 ut
732 2078 902 2120 comitia
931 2078 1174 2120 consularia
1204 2086 1300 2120 ante
1330 2078 1430 2121 Kal.
1459 2079 1550 2121 Ian.
1584 2079 1730 2136 perfici

179 2167 263 2193 non
301 2158 502 2208 possent,
539 2151 772 2205 acciderat)
809 2165 948 2205 usque
980 2150 1034 2192 ad
1073 2150 1172 2206 Kal.
1201 2151 1292 2192 Ian.
1330 2149 1594 2205 insequentis
1631 2153 1730 2194 anni

179 2225 477 2280 magistratum
515 2231 704 2280 gereret,
743 2239 767 2265 a
799 2237 882 2278 quo
912 2222 1108 2264 instituto
1140 2221 1219 2264 etsi
1250 2236 1559 2278 nonnunquam
1587 2238 1730 2267 reces-

181 2312 276 2339 sum
316 2307 428 2346 erat‚
474 2297 509 2338 si
541 2296 642 2350 quis
682 2296 726 2337 in
760 2294 971 2336 iudicium
1010 2301 1237 2336 vocaretur
1274 2294 1343 2336 vel
1382 2294 1524 2349 aliqua
1557 2297 1639 2339 alia
1675 2297 1730 2340 de

180 2383 310 2411 causa
344 2369 545 2411 abdicare
582 2383 675 2411 sese
719 2375 969 2423 cogeretur,
1011 2381 1231 2421 nunquam
1267 2374 1407 2409 tamen
1436 2368 1598 2410 factum
1626 2377 1729 2419 erat,

178 2448 227 2482 ut
257 2441 486 2496 quisquam
514 2457 593 2483 sua
622 2448 772 2497 sponte
803 2447 900 2482 ante
932 2438 1029 2480 Kal.
1055 2438 1146 2480 Ian.
1175 2438 1415 2482 decederet.
1471 2440 1569 2482 Hoc
1595 2440 1731 2497 igitur

179 2513 395 2567 quomodo
426 2514 513 2555 Dio
544 2513 687 2555 dicere
716 2511 938 2569 pot-uisset,
971 2510 1005 2552 si
1037 2507 1226 2553 Calenus
1257 2518 1298 2552 et
1327 2511 1526 2555 Vatinius
1557 2512 1730 2555 biennio

180 2594 276 2627 ante
319 2584 516 2627 abdicato
561 2585 815 2641 magistratu
863 2583 974 2624 intra
1019 2582 1204 2625 eundem
1248 2598 1407 2625 annum
1455 2599 1728 2627 successores

179 2656 471 2712 accepissent?
526 2655 650 2709 Quae
681 2670 779 2697 cum
815 2655 874 2697 ita
911 2654 1016 2703 sint,
1057 2661 1264 2709 quantum
1293 2655 1404 2698 inter
1433 2657 1566 2698 fastos
1598 2654 1728 2712 Capi-

179 2729 334 2771 tolinos
358 2735 399 2771 et
417 2729 527 2770 inter
547 2726 816 2776 Suetonium,
839 2725 1206 2768 accuratissimum
1233 2728 1482 2784 scriptorem
1502 2728 1727 2784 discrepet,

180 2807 366 2856 apparet.
422 2801 509 2843 Hic
537 2801 710 2842 tertium
740 2797 938 2841 Caesaris
969 2799 1238 2840 consulatum
1268 2800 1550 2842 antecessisse
1580 2798 1727 2841 existi-

185 2880 271 2914 mat
299 2870 450 2914 Caleni
481 2880 521 2914 et
549 2871 709 2914 Vatinii
740 2870 1030 2926 magistratui,
1071 2870 1133 2912 illi
1161 2878 1308 2927 postea
1336 2871 1563 2921 collocant,
1603 2880 1653 2913 ut
1682 2871 1727 2913 in
