1846 3100
602 144 656 176 De
681 144 795 177 Gallia
817 143 1051 175 Romanorum
1082 142 1265 185 provincia.
1642 137 1696 181 93

149 255 194 297 in
220 253 406 298 Galliam
433 254 652 311 profectus
681 259 766 303 est,
791 267 875 294 non
902 251 1031 294 modo
1056 258 1104 293 ut
1132 251 1313 308 populos
1343 265 1492 292 recens
1520 250 1697 306 imperio

153 342 232 369 suo
266 326 482 370 subiectos
510 327 690 376 viseret,
729 340 877 367 verum
910 324 1035 366 etiam
1066 324 1183 378 quod
1215 330 1355 365 motus
1386 323 1560 378 quidam
1590 337 1697 378 gen-

149 399 257 441 tium
297 398 491 440 nondum
536 398 638 440 satis
683 397 939 439 domitarum
984 396 1222 438 extiterant.
1289 395 1511 451 Duxitque
1552 410 1697 437 secum

150 471 213 514 M.
230 471 484 528 Agrippam,
513 486 640 527 quem
671 485 769 512 cum
795 470 888 526 ipse
918 469 961 510 in
986 468 1150 510 Italiam
1178 474 1352 524 propter
1380 467 1425 509 S.
1443 467 1696 524 Pompeium

149 543 330 595 rediret,
368 543 576 600 praefecit
602 542 769 586 Galliae
801 549 842 584 et
871 541 1046 597 quidem
1084 540 1324 583 universae.
1385 539 1457 583 Ab
1497 555 1546 582 eo
1585 541 1699 583 enim

150 622 193 657 et
222 615 461 671 Aquitanos
490 614 626 657 victos
658 629 753 656 esse
780 614 967 670 legimus
998 610 1133 669 (App.
1163 612 1260 655 bell.
1293 613 1375 656 civ.
1402 613 1456 664 V,
1487 613 1562 664 923
1606 614 1698 655 Eu-

149 695 258 744 trop.
293 687 406 738 VII,
451 687 495 742 5)
544 693 586 728 et
628 686 858 728 transiecto
902 685 1054 727 Rheno
1097 685 1301 728 barbaros
1340 700 1434 728 esse
1464 693 1699 727 summotos

153 759 378 816 Ubiosque
424 759 485 802 cis
512 758 712 801 Rhenum
753 758 1027 800 transductos
1069 757 1176 812 (Dio
1213 758 1438 808 XLVIII,
1481 758 1556 807 493
1597 757 1699 799 Tac.

151 833 306 875 Annal.
323 831 431 882 XII,
451 831 523 881 273
554 829 696 873 Strab.
713 830 778 873 IV
804 846 846 886 p.
872 830 983 884 194).
1034 830 1149 871 Hinc
1178 845 1274 872 cum
1303 845 1411 872 anno
1436 830 1487 872 38
1517 836 1699 872 exeunte

150 905 194 946 in
231 904 398 946 Italiam
444 910 486 945 et
524 903 579 946 ad
622 903 890 945 consulatum
930 902 1167 958 gerendum
1215 909 1255 944 et
1299 902 1354 944 ad
1397 902 1557 944 bellum
1598 900 1699 944 SeX.

152 976 343 1033 Pompeii
383 975 767 1018 administrandum
806 975 989 1025 rediret,
1034 975 1243 1016 incertum
1285 981 1350 1016 est
1394 974 1491 1029 quis
1533 973 1699 1016 Galliae

151 1049 396 1105 praefuerit.
449 1047 541 1089 Nec
571 1055 683 1090 certe
710 1048 956 1103 quicunque
987 1047 1185 1103 praefuit,
1213 1061 1391 1102 magnas
1422 1061 1491 1087 res
1521 1053 1595 1087 aut
1623 1060 1699 1101 ge-

150 1135 244 1162 rere
279 1119 417 1176 potuit
456 1126 530 1162 aut
564 1120 718 1176 gessit3
759 1121 898 1162 omnis
933 1120 1046 1162 enim
1077 1117 1277 1161 Caesaris
1318 1134 1421 1161 cura
1453 1119 1506 1159 ad
1539 1117 1700 1160 bellum

153 1190 349 1234 Siculum
370 1191 637 1243 incubuerat,
667 1207 752 1248 quo
773 1193 967 1234 confecto
985 1192 1226 1247 ferociaque
1247 1199 1543 1232 veteranorum
1566 1191 1702 1231 fracta

153 1262 316 1307 Caesar
343 1279 428 1306 non
457 1265 585 1306 modo
613 1265 773 1306 bellum
792 1265 1080 1307 Delmaticum
1111 1278 1221 1306 anno
1241 1263 1292 1305 35
1321 1263 1523 1318 suscepit,
1552 1262 1700 1304 Italiae

153 1336 291 1393 magis
327 1351 455 1392 quam
491 1335 659 1379 Galliae
697 1337 910 1388 vicinum,
953 1337 997 1378 in
1035 1351 1121 1391 quo
1163 1335 1286 1377 Fufio
1322 1334 1507 1377 Gemino
1552 1342 1592 1376 et
1636 1334 1699 1375 M.

154 1409 328 1452 Valerio
365 1408 555 1451 Messala
589 1416 631 1451 et
663 1408 726 1450 M.
756 1409 952 1465 Agrippa
991 1416 1032 1450 et
1066 1408 1118 1450 T.
1158 1405 1327 1449 Statilio
1366 1407 1511 1449 Tauro
1550 1406 1700 1462 legatis

153 1496 260 1524 usus
299 1495 394 1524 esse
431 1488 629 1523 narratur
666 1481 771 1538 (Dio
796 1481 980 1531 XLIX,
1013 1481 1088 1531 383
1128 1480 1241 1535 App.
1270 1479 1388 1534 Illyr.
1420 1494 1455 1520 c.
1485 1479 1580 1534 27),
1625 1477 1701 1520 sed

153 1554 276 1596 etiam
304 1553 348 1594 in
375 1552 639 1595 Britanniam
666 1553 847 1595 transire
874 1553 1049 1610 parabat
1079 1551 1187 1607 (Dio
1212 1550 1390 1600 XLIX,
1422 1551 1508 1603 38).
1562 1550 1701 1592 Inter-

152 1626 270 1668 venit
295 1640 446 1667 rursus
475 1625 637 1667 bellum
667 1625 915 1676 Actiacum,
945 1624 1061 1681 quod
1091 1638 1176 1679 quo
1204 1630 1392 1678 tempore
1423 1631 1595 1679 gestum
1623 1630 1701 1672 est,

154 1697 262 1748 duo,
306 1697 380 1753 qui
408 1712 505 1739 cum
530 1697 707 1753 imperio
733 1697 777 1738 in
806 1696 949 1740 Gallia
977 1697 1158 1746 fuerint,
1196 1695 1488 1751 reperiuntur,
1520 1694 1582 1736 M.
1616 1694 1702 1737 Va-

152 1769 283 1811 lerius
308 1769 511 1819 Messala,
540 1769 662 1811 cuius
692 1769 934 1825 triumphus
965 1784 1017 1810 ex
1045 1767 1188 1811 Gallia
1215 1782 1325 1810 anno
1353 1767 1405 1810 ‘27
1432 1774 1554 1808 actus
1586 1781 1702 1808 com-

154 1848 413 1883 memoratur
439 1842 482 1883 in
513 1856 722 1884 marmore
753 1839 1014 1898 Capitolino,
1056 1848 1097 1882 et
1130 1838 1180 1882 C.
1211 1838 1433 1888 Carrinas,
1475 1838 1599 1880 cuius
1630 1853 1699 1879 res

155 1921 298 1970 gestas
337 1920 379 1956 et
412 1914 677 1970 triumphum
715 1921 858 1956 narrat
896 1913 983 1955 Dio
1010 1913 1093 1962 LI,
1133 1911 1199 1955 21.
1265 1910 1383 1952 Huic
1414 1909 1627 1952 Carrinati
1657 1910 1703 1950 in

156 1985 339 2028 Galliam
370 1986 613 2028 ulteriorem
649 2001 759 2028 anno
795 1987 884 2028 fere
914 1986 967 2028 29
999 1984 1208 2027 successit
1233 1982 1400 2024 Nonius
1430 1982 1501 2023 ille
1532 1981 1701 2030 Gallus,
1759 2000 1766 2004 ·

155 2072 283 2112 quem
313 2057 400 2099 Dio
428 2058 504 2108 LI,
537 2058 590 2101 ‘20
620 2058 714 2114 ipso
745 2073 855 2100 anno
886 2057 960 2107 29,
1002 2072 1088 2112 quo
1117 2057 1249 2098 Ianus
1280 2055 1454 2097 clausus
1485 2061 1572 2104 est,
1604 2069 1702 2095 cum

155 2129 348 2171 Treviris
383 2129 562 2185 aliisque
598 2129 859 2186 quibusdam
887 2128 1199 2171 Germanorum
1238 2127 1441 2183 gentibus
1483 2141 1702 2183 pugnasse

158 2201 317 2244 scribit.

269 2272 551 2315 Pervenimus
581 2273 665 2315 iam
693 2273 748 2315 ad
775 2288 825 2315 ea
854 2280 1064 2329 tempora,
1094 2272 1252 2326 quibus
1282 2269 1443 2312 Caesar
1471 2270 1703 2326 Augustus

159 2344 340 2386 devictis
385 2344 644 2387 adversariis
692 2345 1024 2401 compositisque
1067 2342 1324 2385 factionibus
1365 2357 1462 2384 cum
1492 2342 1705 2397 reliquum

156 2415 382 2471 imperium
411 2422 501 2457 turn
532 2414 696 2459 Gallias
726 2423 767 2459 et
797 2416 1008 2458 recentius
1035 2415 1164 2457 armis
1189 2415 1480 2457 Romanorum
1505 2414 1704 2456 subactas
1732 2443 1734 2446 -

159 2494 200 2528 et
225 2486 505 2529 barbarorum
532 2487 851 2530 incursionibus
879 2487 1005 2529 etiam
1029 2494 1256 2543 postquam
1279 2485 1509 2541 provinciis
1534 2485 1704 2527 additae

161 2567 273 2607 sunt,
303 2558 418 2600 varie
449 2566 674 2615 temptatas
704 2560 847 2601 denuo
870 2559 1103 2610 constituit,
1133 2558 1186 2600 de
1204 2557 1362 2613 quibus
1379 2556 1550 2599 brevior
1567 2557 1704 2599 omni-

159 2645 216 2672 no
246 2645 341 2673 esse
369 2645 562 2686 possem,
600 2631 683 2673 nisi
712 2646 850 2687 nuper
881 2631 1112 2673 admodum
1142 2629 1318 2685 quidam
1349 2629 1429 2670 viri
1459 2643 1560 2670 sane
1591 2628 1706 2670 docti

161 2702 413 2752 extitissent,
444 2703 518 2758 qui
548 2718 658 2758 quae
685 2710 809 2745 antea
833 2702 1031 2745 omnibus
1061 2702 1278 2758 explorata
1307 2715 1485 2757 prorsus
1515 2715 1565 2742 ac
1592 2706 1707 2742 certa

162 2789 256 2816 esse
285 2773 556 2824 videbantur,
586 2790 741 2831 magna
769 2790 867 2816 cum
899 2774 1137 2816 eruditione
1169 2789 1217 2816 ac
1245 2772 1478 2815 subtilitate
1508 2772 1550 2813 in
1579 2771 1707 2814 dubi-

162 2846 363 2888 tationem
392 2860 592 2888 revocare
617 2862 836 2902 novasque
864 2846 1071 2902 quasdam
1095 2862 1119 2888 a
1138 2844 1350 2901 prioribus
1369 2844 1494 2900 plane
1512 2844 1706 2886 diversas
