1846 3100
160 141 213 184 32
593 144 647 175 Dc
676 141 787 176 Gallia
811 143 1044 176 Romanorum
1080 144 1263 186 provincia.

159 253 202 294 in
233 253 371 296 annal.
394 253 629 310 iurisprud.
651 253 799 295 histor.
816 251 915 295 Vol.
933 250 1003 292 IX
1030 267 1070 307 p.
1090 251 1171 295 322
1198 252 1252 295 (16
1270 251 1415 295 tabula
1429 251 1708 294 Heracleensi

162 326 346 383 scripsit,
377 326 568 383 exposita
594 332 729 374 esset,
755 324 815 366 ita
846 323 1006 380 placuit
1038 323 1141 366 viris
1172 324 1328 374 doctis,
1361 331 1409 366 ut
1433 323 1567 380 vulgo
1595 337 1708 366 nunc

161 397 214 441 ab
244 398 456 448 omnibus,
497 397 619 454 quasi
651 396 838 438 dubitari
867 411 950 438 non
993 396 1148 452 possit,
1191 396 1407 453 probetur.
1465 394 1555 438 Sed
1583 411 1709 438 nemo

161 478 353 514 veterum
380 470 635 527 scriptorum
665 469 719 511 de
750 484 800 511 ea
829 484 874 511 re
905 468 1053 519 tradit,
1091 469 1209 510 nulla
1239 469 1307 511 lex
1341 475 1708 518 commemoratur,

160 543 263 585 nihil
293 558 470 600 prorsus
497 542 615 598 quod
656 548 770 583 certe
803 555 853 582 eo
882 540 1091 596 pertineat
1119 548 1339 590 narratur,
1378 547 1426 582 ut
1458 555 1575 583 mera
1608 555 1709 583 con-

159 616 323 658 iectura
347 621 493 658 utatur
526 612 782 669 Savignius,
822 611 896 667 qui
937 627 1022 668 quo
1060 620 1249 668 tempore
1281 610 1361 655 Cn.
1391 612 1622 668 Pompeius
1657 612 1709 662 is,

161 689 215 730 de
252 703 337 744 quo
378 687 586 736 dicimus,
623 684 944 741 Transpadanis
985 684 1184 728 omnibus
1218 684 1494 728 Latinitatem
1529 684 1708 733 dederit,

161 761 312 803 eodem
346 757 603 816 Cispadanis
644 756 859 799 civitatem
899 757 1042 800 datam
1077 772 1172 800 esse
1212 756 1371 799 statuit.
1436 755 1561 810 Quae
1607 771 1709 798 con—

161 833 325 879 iectura
370 839 631 887 quantopere
672 829 725 872 ab
771 829 1066 886 probabilitate
1110 829 1304 879 recedat,
1353 843 1437 870 non
1478 827 1708 884 disputabo

161 905 332 947 multis:
387 904 488 946 haec
517 903 603 944 duo
641 917 948 953 commemoro,
995 910 1035 944 et
1078 918 1229 945 rursus
1272 901 1502 943 discrimen
1535 899 1709 956 aliquod

161 976 506 1034 Cispadanorum
546 982 588 1017 et
626 974 1034 1030 Transpadanorum
1085 974 1342 1032 excogitari,
1385 973 1499 1030 quod
1542 973 1709 1014 nullum

160 1065 348 1105 unquam
377 1049 470 1099 fuit,
501 1063 581 1090 nec
612 1047 714 1089 satis
746 1062 896 1089 verum
923 1062 1017 1090 esse
1049 1047 1206 1098 videri,
1242 1046 1359 1102 quod
1395 1046 1449 1088 de
1479 1045 1709 1088 Latinitate

161 1121 360 1164 omnibus
391 1119 712 1176 Transpadanis
741 1119 955 1175 impertita
983 1119 1261 1161 existimatur.
1323 1118 1451 1160 Nunc
1479 1132 1581 1159 vero
1611 1132 1709 1159 cum

163 1193 330 1236 Galliae
364 1192 609 1249 Cisalpinae
637 1199 679 1234 et
704 1190 853 1233 Italiae
882 1191 935 1233 ab
965 1191 1150 1247 antiquis
1189 1190 1453 1247 temporibus
1481 1204 1619 1245 usque
1653 1189 1707 1232 ad

162 1267 271 1309 hanc
312 1272 491 1308 aetatem
528 1264 690 1306 nullam
723 1263 828 1305 iuris
866 1263 1155 1306 diversitatem
1190 1262 1326 1306 fuisse
1359 1261 1708 1311 intellexerimus,

163 1340 303 1396 legem
334 1337 491 1380 Iuliam
525 1337 580 1380 ad
606 1336 851 1378 universam
882 1350 991 1391 quae
1016 1335 1204 1392 Alpibus
1239 1342 1280 1377 et
1312 1335 1419 1376 freto
1451 1332 1599 1376 Siculo
1624 1341 1710 1391 ter-f

162 1412 348 1454 minatur
377 1409 544 1452 Italiam
573 1408 829 1465 pertinuisse
859 1407 983 1450 facile
1013 1406 1253 1450 credemus.
1302 1407 1452 1462 Neque
1484 1405 1597 1448 enim
1627 1405 1710 1448 alio

161 1485 253 1526 iurc
293 1482 524 1525 utebantur
561 1480 735 1523 Etrusci
776 1487 818 1522 et
855 1480 1007 1523 Umbri
1047 1487 1089 1522 et
1117 1478 1286 1522 Lucani
1324 1486 1365 1522 et
1403 1477 1584 1528 Bruttii,
1629 1477 1710 1520 alio

163 1556 278 1598 Galli
309 1555 378 1597 vel
403 1552 636 1610 Cispadani
669 1553 737 1595 vel
750 1552 1068 1608 Transpadani:
1098 1551 1374 1608 praecipuum
1406 1565 1507 1593 sane
1535 1549 1709 1606 aliquod

160 1629 228 1671 ius
259 1626 486 1670 habuerint
514 1625 660 1668 Latini
687 1624 904 1680 iidemque
933 1624 1019 1668 fide
1046 1624 1256 1667 adversus
1284 1623 1500 1665 Romanos
1532 1623 1709 1680 praesti-

161 1701 311 1751 terint3
343 1706 385 1742 at
414 1699 475 1740 illi
505 1698 674 1753 utrique
703 1704 822 1739 erant
842 1698 1092 1754 peregrinae
1115 1695 1378 1739 condicionis
1398 1695 1534 1751 eique,
1563 1695 1638 1751 qui
1663 1695 1708 1737 in

162 1772 388 1815 consulatu
428 1770 594 1812 Italiam
640 1776 681 1811 et
723 1767 908 1811 Galliam
948 1770 1121 1813 sortitus
1168 1775 1302 1817 esset,
1347 1767 1708 1824 obtemperabant.

163 1843 251 1888 Sed
282 1851 402 1886 extra
427 1842 594 1885 Italiam
637 1841 743 1882 nihil
786 1856 887 1884 sane
926 1842 1164 1898 pertinebat
1200 1841 1270 1883 lex
1307 1855 1387 1882 nec
1429 1840 1530 1882 satis
1559 1854 1707 1882 verum

164 1917 334 1959 videtur
361 1930 468 1966 esse,
497 1914 614 1970 quod
645 1913 836 1970 plerique
866 1913 1008 1956 adhuc
1035 1912 1323 1962 crediderunt,
1367 1913 1402 1954 si
1429 1911 1502 1967 qui
1528 1911 1708 1954 Latinae

164 1988 430 2032 condicionis
456 1994 599 2029 essent
631 1993 750 2028 extra
775 1986 954 2036 Italiam,
987 2000 1058 2028 eas
1089 1985 1169 2027 hac
1197 1985 1294 2041 lege
1320 1999 1418 2026 cum
1449 1984 1616 2026 Latinis
1646 1984 1707 2027 ci-

164 2061 271 2102 vitas
310 2060 504 2108 daretur,
551 2057 694 2100 subito
740 2058 841 2100 item
884 2058 998 2100 cives
1033 2058 1250 2100 Romanos
1289 2056 1493 2099 extitisse.
1570 2054 1709 2099 Cuius

161 2132 371 2188 opinionis
413 2130 579 2172 nullum
621 2137 923 2185 argumentum
961 2129 1102 2172 afferri
1146 2129 1438 2172 animadverto
1477 2127 1560 2170 nisi
1599 2128 1710 2170 hanc

162 2204 376 2260 quandam
406 2201 741 2251 similitudinem,
772 2201 904 2256 quod,
922 2201 1090 2244 Latinis
1111 2216 1208 2244 cum
1228 2200 1403 2242 daretur
1423 2199 1586 2250 civitas,
1616 2214 1710 2241 eam

162 2275 361 2318 omnibus
391 2275 534 2316 datam
564 2288 658 2315 esse
689 2272 839 2315 dicunt
867 2273 1113 2328 ubicunque
1151 2272 1398 2315 habitabant
1434 2287 1513 2314 nec
1541 2270 1709 2313 Latini-

163 2356 305 2399 tatem,
335 2363 419 2403 qua
449 2346 637 2389 coloniae
670 2353 904 2395 uterentur,
934 2345 988 2387 ab
1015 2361 1076 2395 ea,
1104 2359 1231 2400 quam
1264 2344 1336 2398 qui
1368 2343 1537 2399 proprie
1563 2342 1708 2385 Latini

163 2427 282 2463 erant
308 2420 563 2469 habuerunt,
589 2418 724 2460 fuisse
757 2418 984 2460 diversam.
1030 2417 1095 2459 Ne
1123 2416 1231 2458 illud
1261 2415 1436 2471 quidem
1463 2416 1603 2458 facere
1634 2430 1710 2471 po-

163 2501 322 2543 terant,
365 2499 414 2534 ut
461 2490 670 2533 coloniam
715 2489 913 2531 Latinam
957 2489 1002 2531 in
1051 2487 1193 2531 Gallia
1235 2487 1542 2544 Transpadana
1586 2487 1710 2530 sitam

163 2565 376 2614 afferrent,
406 2578 533 2619 quam
562 2569 665 2604 tunc
685 2562 728 2604 in
747 2561 968 2616 municipii
993 2560 1061 2603 ius
1089 2560 1335 2602 translatam
1360 2575 1455 2603 esse
1483 2565 1707 2602 constaret.

163 2637 264 2679 Una
291 2637 404 2679 enim
433 2635 478 2677 in
506 2649 556 2677 ea
582 2634 759 2690 regione
789 2642 853 2676 est
870 2632 1084 2689 Aquileia,
1112 2646 1220 2686 quae
1247 2647 1332 2687 quo
1362 2633 1454 2674 iure
1483 2646 1621 2687 usque
1653 2629 1708 2673 ad

164 2710 379 2752 civitatem
422 2724 447 2751 a
478 2705 664 2750 Caesare
698 2706 824 2748 etiam
862 2704 1181 2760 Transpadanis
1218 2704 1415 2747 omnibus
1453 2704 1596 2746 datam
1629 2717 1709 2744 usa

165 2781 232 2832 sit,
262 2783 482 2838 ignoratur
491 2796 502 2830 ;
531 2779 742 2834 siquidem
761 2775 974 2819 Cremona
998 2783 1040 2818 et
1055 2776 1286 2826 Placentia,
1317 2791 1424 2832 quas
1451 2784 1492 2818 et
1512 2775 1566 2817 ab
1589 2774 1707 2816 initio

164 2853 342 2896 Latinas
372 2860 413 2895 ct
443 2859 539 2909 post
569 2852 710 2907 legem
726 2849 878 2892 Iuliam
911 2847 1143 2904 municipia
1171 2849 1307 2892 fuisse
1335 2854 1497 2891 constat
1526 2846 1708 2902 (Ascon-
