1846 3100
559 155 612 186 De
640 153 813 185 dictatoris
839 152 997 185 Caesaris
1025 153 1223 186 honoribus.
1577 153 1654 196 211

113 265 242 305 πάντα
275 265 423 320 πάτρια
454 264 653 320 λεχθῆναι
686 263 863 316 γνόντες,
903 262 994 317 περὶ
1026 263 1070 303 δὲ
1099 266 1171 303 τοῦ
1205 263 1409 318 ἱππάρχου
1449 265 1659 319 ἀκριβολο-

113 336 319 390 γούμενοι.
395 335 483 378 Hic
530 335 666 391 igitur
707 332 869 376 Caesar
910 337 1163 388 παραχρῆμα
1207 334 1366 376 dicitur
1406 334 1659 378 dictaturam

112 406 266 458 inisse,
304 407 333 450 i.
360 423 418 458 e.‚
458 416 507 449 ut
535 407 739 457 arbitror,
785 406 924 448 statim
955 414 1178 462 postquam
1210 421 1303 448 eam
1333 406 1415 449 sibi
1445 407 1660 449 decretam

113 494 208 522 esse
235 481 448 536 cognovit,
476 480 691 522 decretam
720 486 862 521 aut-em
891 493 984 520 esse
1015 493 1067 520 ex
1085 478 1240 521 Dionis
1268 479 1376 530 loco,
1406 481 1481 535 qui
1506 480 1659 522 citatus

112 559 190 601 est,
217 552 527 602 intelleximus,
564 558 788 608 postquam
820 551 975 592 anulus
1005 551 1198 607 Pompeii
1229 552 1360 594 occisi
1390 552 1570 594 Romam
1597 552 1660 594 al-

111 623 224 666 latus
265 632 342 667 est.
398 623 499 678 Quo
535 624 669 680 igitur
698 630 887 679 tempore
922 621 1083 665 Caesar
1113 623 1295 665 dictator
1322 624 1366 665 II
1397 624 1535 666 factus
1566 625 1660 666 est?

112 695 363 752 Pompeium
394 705 610 739 mortuum
637 710 731 737 esse
761 695 819 736 ait
847 696 998 737 Vellei.
1025 696 1082 745 II,
1114 697 1166 736 53
1193 695 1332 752 pridie
1355 696 1518 738 natales
1543 712 1659 747 suos,

112 768 199 810 Dio
227 768 384 819 XLII,
423 769 447 809 ἴ)
493 768 644 810 eodem
674 767 744 809 die
776 782 860 822 quo
892 768 991 809 olim
1024 768 1286 823 triumphum
1322 768 1376 810 de
1408 769 1659 812 Mithridate

113 847 154 882 et
181 840 328 896 piratis
359 841 541 897 egisset3
574 848 719 882 natum
749 848 891 882 autem
922 856 1016 882 esse
1047 841 1207 882 scimus
1232 841 1341 896 prid.
1360 841 1459 882 Kal.
1481 839 1658 883 Octobr.

112 913 243 968 (Plin.
281 921 366 955 nat.
398 913 497 955 hist.
525 913 785 962 XXXVII,
818 912 866 961 2,
909 913 995 965 13),
1039 912 1326 968 triumphasse
1363 929 1440 970 per
1477 914 1660 955 biduum

112 985 285 1039 (Vellei.
312 985 376 1035 11,
408 986 480 1040 40)
516 986 665 1027 eodem
695 993 736 1027 et
765 985 961 1041 proximo
991 984 1260 1026 antecedenti
1290 985 1359 1027 die
1397 986 1526 1042 (Plin.
1558 986 1658 1035 VII,

112 1057 201 1113 26),
231 1065 281 1100 ut
309 1072 407 1099 eum
435 1058 707 1100 interfectum
738 1073 833 1099 esse
866 1065 1030 1098 constet
1057 1073 1094 1098 a.
1123 1056 1165 1098 d.
1192 1057 1260 1098 III
1286 1057 1386 1098 Kal.
1415 1056 1514 1100 Oct.
1567 1058 1660 1100 Iam

111 1144 196 1185 quo
233 1130 302 1172 die
340 1137 439 1186 post
469 1130 660 1185 occisum
689 1130 944 1185 Pompeium
974 1128 1135 1171 Caesar
1165 1130 1473 1172 Alexandriam
1506 1145 1660 1186 perve-

111 1201 221 1244 nerit
248 1203 509 1258 anulumque
537 1203 668 1245 occisi
697 1203 857 1244 inimici
885 1203 1119 1258 acceperit,
1150 1217 1234 1242 non
1267 1202 1392 1258 plane
1420 1202 1568 1257 liquet,
1602 1203 1659 1245 si-

112 1273 285 1329 quidem
315 1273 495 1316 dubium
522 1274 659 1316 videri
688 1274 828 1324 debet,
859 1290 911 1316 an
941 1275 1056 1329 quod
1088 1274 1130 1315 in
1157 1273 1274 1315 Livii
1305 1273 1403 1329 epit.
1421 1271 1556 1317 CXII
1581 1282 1659 1325 est,

114 1343 343 1388 Caesarem
374 1354 471 1403 post
501 1347 615 1389 diem
645 1347 818 1389 tertium
847 1347 1090 1388 insecutum
1121 1361 1238 1396 esse,
1279 1346 1422 1402 potius
1453 1347 1508 1388 ad
1539 1348 1660 1390 navi-

112 1418 326 1474 gationem
353 1418 507 1461 Rhodo
534 1419 841 1461 Alexandriam
885 1433 1035 1460 versus
1069 1419 1207 1460 tribus
1239 1419 1393 1461 diebus
1424 1422 1660 1462 confectam

111 1490 333 1546 pertineat,
363 1491 440 1533 sed
469 1491 531 1533 sic
557 1499 697 1534 tamen
719 1491 1050 1533 existimandum
1073 1491 1166 1540 erit,
1194 1491 1412 1534 celerrime
1432 1490 1660 1534 Caesarem

112 1569 240 1617 atque
269 1563 444 1606 ineunte
471 1548 584 1606 certe
612 1579 758 1606 mense
787 1562 966 1606 Octobri
1000 1563 1241 1605 advenisse.
1286 1564 1437 1618 Itaque
1459 1579 1538 1620 per
1554 1572 1660 1607 tem-

111 1650 265 1690 porum
301 1650 349 1677 ac
388 1636 622 1692 spatiorum
659 1636 863 1678 rationem
904 1635 997 1676 fieri
1035 1635 1208 1690 potuit,¹
1237 1642 1286 1676 ut
1320 1636 1434 1678 circa
1471 1636 1660 1678 medium

112 1721 301 1748 mensem
330 1705 566 1749 Octobrem
606 1707 760 1749 anulus
791 1707 987 1763 Pompeii
1018 1707 1196 1748 Romam
1233 1714 1530 1763 apportaretur
1560 1723 1660 1750 exe-

112 1785 299 1833 unteque
330 1778 481 1820 eodem
510 1794 656 1821 mense
688 1779 756 1821 vel
783 1779 956 1821 ineunte
987 1779 1182 1835 proximo
1216 1780 1392 1821 nuntius
1431 1780 1485 1821 de
1522 1779 1661 1822 dicta-

113 1857 210 1892 tura
247 1850 419 1892 decreta
458 1850 512 1892 ad
554 1849 782 1893 Caesarem
823 1853 1056 1894 referretur
1095 1852 1218 1907 isque
1258 1851 1446 1907 insignia
1484 1852 1658 1894 alterius

114 1922 367 1978 dictaturae,
389 1931 588 1965 sumeret.
655 1923 799 1979 Atque
834 1924 945 1966 hanc
982 1924 1210 1974 rationem,
1251 1931 1300 1965 ut
1334 1923 1428 1980 ipso
1465 1939 1576 1966 anno
1607 1924 1659 1967 48

114 1994 218 2037 haec
244 1995 455 2037 dictatura
483 2003 596 2037 esset
619 1996 735 2046 inita,
765 1997 994 2039 videbatur
1007 1997 1255 2039 confirmare
1271 1996 1389 2051 quod
1407 1996 1493 2038 Dio
1514 1996 1661 2038 adiicit

114 2068 180 2108 καὶ
210 2067 342 2108 εἵπετο
375 2068 486 2123 αὐτῷ
518 2069 538 2108 ὁ
573 2069 738 2118 ὕπατος,
770 2069 812 2110 in
843 2084 928 2124 quo
958 2084 1044 2110 non
1074 2068 1334 2111 mediocrem
1364 2068 1662 2111 difficultatem

113 2138 363 2194 interpretes
402 2139 671 2181 invenerunt.
741 2140 851 2182 Nam
887 2141 1118 2196 Xylander
1154 2148 1196 2182 et
1231 2140 1524 2182 Leunclavius
1562 2155 1661 2182 cum

115 2211 389 2253 emendarent
420 2213 444 2266 ἢ
481 2213 630 2256 ὕπατος
659 2212 686 2253 i.
717 2227 753 2253 e.
787 2212 1023 2254 consularis
1055 2211 1264 2268 dignitas,
1309 2211 1362 2253 de
1399 2212 1547 2253 ordine
1584 2212 1661 2253 ho-

114 2297 266 2324 norum
287 2283 463 2325 Antonii
488 2283 806 2339 intelligebant:
839 2284 1100 2326 successisse
1130 2285 1241 2326 enim
1267 2283 1514 2339 magisterio
1541 2283 1661 2338 equi-

115 2361 226 2404 tum,
267 2355 384 2410 quod
420 2363 523 2398 tunc
559 2363 747 2411 gereret,
795 2363 942 2411 postea
970 2356 1252 2398 consulatum.
1318 2356 1407 2398 Sed
1436 2354 1662 2397 Fabricius

116 2427 312 2480 quoniam
348 2442 457 2482 quae
497 2436 756 2482 sequuntur,
801 2442 954 2483 parum
992 2442 1087 2469 cum
1118 2443 1167 2470 ea
1200 2428 1408 2470 sententia
1434 2427 1663 2469 convenire

116 2497 346 2548 iudicabat,
374 2500 436 2541 sic
455 2500 664 2556 explicare
693 2499 855 2548 maluit,
882 2500 1063 2541 cessisse
1086 2500 1123 2541 ei
1145 2500 1360 2541 consulem
1386 2499 1414 2540 i.
1431 2514 1467 2541 e.
1491 2499 1542 2541 P.
1561 2498 1663 2541 Ser-

118 2567 289 2619 vilium,
329 2578 555 2626 postquam
591 2571 652 2613 M.
683 2571 900 2614 Antonius
940 2572 1144 2628 magister
1178 2571 1370 2627 equitum
1409 2572 1550 2613 dictus
1584 2578 1661 2621 est,

119 2637 315 2681 abdicato
344 2642 595 2697 magistratu
624 2643 686 2684 illi
715 2643 789 2698 qui
817 2643 1032 2686 dictatoris
1064 2644 1199 2686 vicem
1227 2651 1415 2699 gereret,
1449 2643 1662 2693 obedisse,

119 2725 198 2752 nec
231 2713 437 2754 sententia
473 2715 645 2757 meliore
683 2723 726 2757 et
757 2715 879 2758 verbi
909 2718 1078 2757 ἕπεσθαι
1109 2715 1419 2771 significatione
1446 2715 1662 2765 inusitata,

119 2789 168 2822 ut
187 2780 388 2825 Sturzius
418 2783 480 2826 sic
505 2785 869 2842 interpretaretur,
897 2789 1118 2830 consulem
1149 2786 1379 2829 Servilium
1405 2786 1549 2835 huius,
1578 2787 1604 2828 i.
1625 2801 1662 2829 e.

122 2851 343 2904 Caesaris,
380 2854 588 2897 iudicium
618 2865 813 2900 secutum
843 2874 959 2909 esse,
995 2859 1096 2901 huic
1125 2858 1361 2901 assensisse
1392 2858 1446 2899 de
1474 2855 1662 2899 Antonio

1308 2930 1393 2973 14*
