1846 3100
5 2486 23 2547 ἔς,

0 2551 18 2592 ιτε,

0 2590 18 2681 Ξ

617 156 672 188 De
697 155 811 188 Gallia
835 156 1067 188 Romanorum
1087 156 1271 198 provincia.
1638 155 1716 198 147

167 278 323 306 nomen
360 263 562 306 daretur?
618 263 905 305 Inveniuntur
946 270 1087 306 autem
1128 270 1299 320 praeter
1337 266 1503 309 Italiam
1544 265 1717 308 iuridici

172 343 336 378 tantum
374 336 416 377 in
454 336 674 378 Britannia
708 344 747 377 et
778 335 1010 391 Hispania3
1052 351 1148 377 nam
1186 352 1312 391 quem
1342 337 1443 379 olim
1472 338 1718 380 Pannoniae

168 407 400 450 iuridicum
438 408 614 464 reperiri
650 408 827 464 putabat
867 408 1076 462 Borghes.
1117 408 1273 451 Annal.
1309 410 1415 452 Inst.
1455 410 1570 452 arch.
1611 410 1717 451 *1852

167 495 210 536 p.
228 480 282 522 23
309 480 354 521 in
374 481 651 537 inscriptione
670 480 890 530 Africana,
908 481 960 530 is,
982 489 1208 536 postquam
1230 481 1303 523 illa
1322 481 1375 524 ab
1393 482 1528 524 Leon.
1546 482 1717 524 Renier.

167 552 294 595 Misc.
326 552 547 609 epigraph.
580 569 620 609 p.
648 552 699 595 37
730 552 954 594 emendata
982 560 1059 603 est,
1091 554 1230 609 periit.
1286 554 1377 596 Iam
1403 555 1457 596 de
1480 555 1717 611 Hispaniae

166 625 362 667 iuridicis
393 625 658 681 Borghesius
689 625 717 668 l.
747 640 782 668 c.
822 634 863 667 et
899 625 941 666 in
980 626 1181 681 epistola,
1228 641 1336 681 quae
1366 627 1401 669 Ι.
1429 627 1716 683 Marquardtii

167 698 508 740 commentationi
540 698 594 741 de
622 698 856 754 provinciis
883 698 1088 740 Romanis
1128 698 1322 755 (Lipsiae
1358 700 1482 754 1854)
1520 717 1562 758 p.
1593 701 1618 743 8
1652 701 1717 742 in-

169 777 281 812 serta
317 778 403 821 est,
448 770 510 812 sic
551 771 718 821 statuit,
757 777 806 812 ut
842 770 885 811 in
923 763 1155 826 provinciis
1193 771 1498 827 imperatoriis,
1541 773 1576 815 si
1608 787 1716 828 quae

167 842 349 884 maiores
389 850 557 893 essent,
599 842 834 885 rectoribus
874 842 1086 884 existimet
1127 843 1296 886 additos
1338 860 1432 887 esse
1462 860 1717 896 assessores,

167 915 242 970 qui
282 914 398 970 quod
439 915 545 957 iuris
586 915 765 957 dicundi
802 930 932 958 causa
966 915 1136 965 fierent,
1179 916 1350 958 iuridici
1391 917 1716 973 appellarentur.

168 987 290 1029 Haec
327 987 470 1043 opinio
507 988 632 1030 nobis
669 988 811 1030 minus
847 987 1065 1043 probatur.
1127 988 1235 1030 Nam
1266 997 1306 1030 et
1334 989 1483 1031 Italiae
1510 990 1717 1031 iuridieos

169 1066 334 1102 constat
368 1059 422 1102 ab
460 1060 712 1116 imperatore
754 1061 842 1102 solo
881 1061 1079 1102 mandata
1117 1060 1334 1116 accepisse
1367 1068 1406 1103 et
1435 1061 1478 1102 in
1506 1062 1719 1118 Hispania

167 1132 371 1174 Asturiae
404 1139 443 1174 et
473 1132 716 1175 Gallaeciae
745 1133 917 1175 iuridici
944 1133 1148 1174 dicuntur
1179 1133 1309 1189 legati
1338 1133 1555 1190 Augusti,
1601 1134 1717 1176 unde

168 1204 293 1246 etiam
322 1203 655 1247 Tarraconensis
688 1205 931 1261 provinciae
964 1205 1185 1255 iuridicos,
1218 1205 1291 1260 qui
1319 1220 1405 1247 non
1433 1205 1717 1262 appellantur,

169 1276 477 1326 fuissetamen
505 1277 685 1319 coniicio
717 1278 908 1333 Augusti
940 1277 1209 1332 nominisque
1239 1277 1447 1320 brevitate
1476 1292 1579 1319 usos
1607 1293 1716 1327 esse,

167 1349 306 1403 qualis
327 1349 371 1390 in
391 1349 678 1392 Romanorum
703 1351 1030 1404 magistratuum
1055 1349 1301 1392 nominibus
1325 1349 1573 1406 saepissime
1595 1364 1717 1406 repe-

168 1420 289 1462 ritur.
339 1420 429 1474 Qui
456 1429 596 1463 autem
615 1421 917 1478 Augustorum
943 1423 1073 1478 legati
1098 1430 1229 1472 erant,
1257 1437 1524 1464 assessorum
1551 1430 1716 1464 tantum

167 1493 262 1535 loco
299 1507 394 1535 esse
428 1508 512 1535 non
548 1500 743 1549 poterant
773 1494 1138 1548 conferendaque,
1178 1488 1297 1548 quae*
1317 1510 1446 1550 supra
1472 1510 1515 1550 p.
1551 1497 1621 1536 111
1661 1494 1714 1536 de

168 1565 321 1621 legatis
351 1566 593 1622 legionum,
635 1565 708 1620 qui
737 1565 930 1621 Augusti
959 1566 1188 1615 dicuntur,
1222 1567 1513 1622 exposuimus.
1568 1566 1718 1621 Neque

169 1637 306 1692 magis
337 1638 584 1693 probamus,
615 1638 732 1693 quod
761 1638 874 1680 idem
907 1638 1175 1694 Borghesius
1207 1638 1482 1681 iuridicatum
1513 1638 1716 1680 Asturiae

169 1716 211 1750 et
239 1708 480 1751 Gallaecia-e
512 1718 656 1752 censet
689 1710 964 1753 coniunctum
997 1710 1132 1752 fuisse
1164 1725 1262 1752 cum
1292 1711 1504 1767 legatione
1532 1710 1715 1767 legionis

169 1780 257 1822 VII
295 1779 502 1822 Geminae
541 1783 658 1839 (nam
695 1782 800 1824 haec
835 1782 971 1837 legio,
1014 1783 1052 1824 si
1081 1790 1169 1825 erat
1198 1783 1243 1824 in
1275 1782 1585 1826 Tarraconensi
1616 1798 1716 1839 pro-

170 1851 326 1901 vincia,
357 1852 400 1893 in
432 1854 608 1896 Asturia
637 1854 800 1896 solebat
831 1870 924 1896 esse
951 1855 1198 1910 collocata),
1227 1855 1286 1897 ita
1310 1855 1505 1910 quidem,
1536 1863 1584 1897 ut
1611 1856 1717 1898 iuri-

169 1924 302 1966 dicus·
325 1924 368 1966 in
397 1925 579 1980 legionis
610 1926 976 1969 administratione
1003 1928 1076 1968 uni
1104 1927 1300 1984 principi,
1333 1927 1377 1968 in
1407 1927 1500 1969 iure
1531 1927 1716 1970 dicendo

168 1997 309 2052 legato
352 1997 618 2053 imperatoris
657 1998 969 2041 Tarraconensi
1016 2007 1195 2055 pareret.
1281 2001 1332 2042 In
1374 2014 1458 2055 quo
1503 2007 1545 2041 et
1586 2000 1716 2041 unius

168 2069 350 2111 hominis
377 2069 484 2111 mira
509 2070 737 2126 discerptio
762 2087 1020 2128 magnopere
1046 2072 1259 2128 displicet,
1284 2078 1326 2114 et
1349 2072 1563 2114 exercitus
1588 2071 1717 2114 iuris-

169 2141 454 2195 dictionisque
493 2141 649 2183 divisio
686 2158 710 2184 a
740 2158 857 2185 more
894 2144 1108 2193 Romano,
1151 2144 1223 2198 qui
1263 2144 1436 2198 quidem
1473 2151 1576 2186 tunc
1614 2151 1716 2193 erat,

170 2213 341 2254 videtur
364 2213 619 2268 discrepare,
650 2220 691 2255 et
705 2214 877 2257 iuridici
900 2215 954 2257 ad
974 2216 1237 2271 provinciam
1258 2216 1448 2257 exercitu
1466 2216 1716 2258 instructam

169 2285 390 2327 translatio
414 2285 693 2341 improbanda
721 2294 806 2337 est,
837 2295 878 2329 et
905 2287 1088 2343 denique
1115 2287 1197 2330 hoc
1223 2287 1432 2343 explicari»
1451 2302 1536 2329 non
1563 2294 1716 2343 potest,

170 2357 286 2412 quod
326 2357 472 2399 eadem
512 2364 648 2399 aetate
686 2365 727 2400 et
765 2358 1099 2401 Tarraconensis
1142 2359 1388 2416 provinciae
1430 2366 1472 2400 et
1512 2358 1716 2401 Asturiae

171 2428 497 2484 Gallaeciaeque
527 2429 699 2472 iuridici
729 2438 1124 2473 commemorantur.

281 2500 453 2543 Etenim
489 2502 659 2544 illorum
693 2503 774 2545 tria
811 2503 1003 2559 exempla
1030 2511 1130 2546 nota
1161 2510 1280 2553 sunt,
1322 2502 1466 2545 Allius
1497 2502 1715 2546 Maximus

169 2572 286 2628 apud
316 2573 432 2614 Mur.
463 2574 568 2623 250,
604 2573 656 2624 2,
693 2575 768 2629 qui
805 2575 963 2617 dicitur
1004 2578 1043 2617 V.
1076 2577 1119 2618 C.
1145 2578 1226 2616 ίαν.
1249 2590 1366 2629 prov.
1401 2571 1726 2625 Tarraconens.‚‘

170 2650 358 2699 tempore
394 2644 688 2700 Heliogabali,
733 2646 794 2688 M.
832 2644 1045 2690 Caecilius
1080 2647 1391 2689 Novatillianus
1432 2648 1558 2687 iuria.
1600 2650 1716 2701 Hisp.

170 2718 238 2758 cit.
267 2715 397 2771 apud.
426 2715 681 2760 Mommsen.
711 2718 844 2760 Inscr.
873 2719 1009 2775 Neap.
1042 2734 1083 2760 n.
1115 2718 1244 2768 1420,
1283 2732 1410 2773 quem
1450 2732 1535 2760 non
1578 2718 1715 2761 solum

171 2788 287 2843 quod
319 2802 482 2841 praeses
515 2803 628 2841 prov.
672 2793 850 2831 Moesiae
885 2806 972 2845 sup.
987 2823 998 2841 ,
1046 2806 1195 2833 verum
1232 2790 1356 2832 etiam
1395 2790 1511 2844 quod
1546 2793 1716 2832 allectus

145 2876 148 2880 ’
172 2862 281 2900 inter
311 2862 544 2901 consulares
573 2860 752 2911 dicitur,
789 2862 912 2904 facile
943 2862 1071 2904 credo
1100 2861 1339 2918 Borghesio
1364 2861 1597 2916 imperante
1625 2863 1714 2904 fere

1362 2933 1448 2974 10*
