1846 3100
174 117 251 160 184
512 120 567 152 De
592 118 706 152 Gallia
730 120 966 152 Romanorum
991 121 1166 163 provincia
1191 122 1374 163 appendix.

169 244 297 286 quem
324 229 516 287 proxime
545 228 732 271 initurus
764 234 890 278 esset,
921 244 966 271 se
994 228 1110 285 apud
1140 235 1334 272 senatum
1363 230 1716 287 effecturum,1ne

168 301 266 358 quis
306 302 388 345 sibi
420 309 518 344 ante
554 316 713 344 annum
742 301 795 344 48
836 316 1062 344 successor
1098 301 1336 344 mitteretur
1371 303 1514 359 itaque
1544 303 1589 346 in
1615 318 1716 360 pro-

170 374 311 416 vincia
358 374 630 417 retineretur:
691 373 767 416 sed
809 373 1051 429 postulasse
1095 389 1194 416 eum
1235 374 1465 430 quicquam
1505 375 1715 418 eiusmodi

167 462 292 490 nemo
323 447 514 489 tradidit.
560 446 706 500 Quare
733 447 850 502 quod
874 445 1187 490 Mommsenius
1217 447 1339 502 quasi
1363 462 1442 504 pro
1464 454 1716 504 argumento

169 519 408 562 communis
440 519 652 576 opinionis
685 519 820 569 affert,
850 518 951 575 quia
980 534 1032 561 ex
1063 518 1233 562 duabus
1266 518 1502 562 rationibus
1531 520 1642 562 inter
1671 535 1716 563 se

167 607 320 648 parum
344 598 457 634 recte
478 591 681 636 ‚confusis
710 590 908 642 efficitur,
936 591 1102 633 nullum
1132 597 1197 634 est
1224 598 1548 648 argumentum3
1578 607 1716 648 neque

167 664 398 721 quicquam
429 664 561 715 aliud,
595 678 681 720 quo
708 663 824 706 illam
854 663 1097 720 opinionem
1126 664 1409 715 demonstret,
1445 664 1549 708 addi
1574 665 1716 715 video,

166 736 251 779 nisi
279 738 388 779 forte
418 736 534 779 hunc
565 734 765 779 Caesaris
793 735 892 779 bell.
922 736 1004 778 civ.
1033 736 1056 777 I
1065 767 1076 787 ,
1110 736 1135 779 9
1164 736 1329 787 locum,
1367 737 1442 793 qui
1467 737 1510 779 in
1540 734 1716 780 manda-

167 810 243 860 tis,
283 825 392 866 quae
433 809 617 866 praetori
646 809 806 851 Roscio
838 816 880 851 et
904 808 958 851 L.
987 806 1163 852 Caesari
1198 809 1253 851 ad
1287 809 1544 866 Pompeium
1584 809 1717 860 dedit,

167 882 272 925 haec
301 882 437 924 fuisse
467 880 636 924 scribit:
674 883 846 923 doluisse
870 897 919 933 se,
949 883 1058 935 quod
1073 906 1125 912 —
1145 888 1280 935 erepto
1308 885 1521 923 semenstri
1547 884 1717 936 imperio

167 958 213 996 in
241 955 380 996 urbem
409 955 710 1004 retraheretur,
751 957 868 995 cuius
896 954 1072 995 absentis
1101 956 1304 995 rationem
1345 954 1488 995 haberi
1514 957 1718 1008 prooez'mz's

167 1030 343 1069 comitiis
373 1015 554 1081 populus
590 1030 777 1068 iussisset.
841 1025 964 1080 Quae
1002 1026 1074 1069 ille
1109 1042 1206 1068 cum
1233 1027 1295 1068 sic
1321 1026 1636 1083 interpretat-ur,
1679 1026 1716 1069 si

169 1097 331 1141 Caesar
378 1106 552 1142 coactus
594 1106 706 1142 essct
750 1114 953 1156 praesens
999 1106 1142 1156 petere
1186 1099 1477 1150 consulatum,
1524 1099 1716 1142 futurum

166 1171 316 1222 fuisse,
345 1178 394 1213 ut
421 1172 644 1214 semenstri
672 1172 851 1228 imperio
883 1171 1147 1228 privaretur,
1188 1172 1340 1215 leviter
1368 1171 1620 1215 inflectendo
1648 1187 1717 1213 ar-

168 1250 423 1300 gumentum
453 1244 597 1294 efficit,
629 1244 745 1286 unde
773 1244 940 1286 nullum
966 1244 1078 1287 effici
1104 1251 1257 1300 potest.
1302 1244 1452 1300 Neque
1479 1244 1591 1287 enim
1613 1243 1716 1300 quid

167 1319 363 1363 futurum
391 1316 541 1366 fuerit,
580 1316 616 1358 si
646 1316 812 1359 absenti
848 1316 997 1373 petitio
1036 1316 1316 1367 adimeretur,
1359 1315 1521 1360 Caesar
1557 1316 1718 1368 scribit,

169 1389 245 1432 sed
287 1389 460 1432 ineunte
501 1404 612 1431 anno
644 1389 696 1432 49
737 1404 836 1432 cum
875 1389 1022 1432 iussus
1063 1396 1178 1432 esset
1217 1389 1449 1440 decedere,
1493 1389 1718 1432 semenstri

168 1462 346 1518 imperio
384 1476 478 1504 sese
515 1461 743 1518 spoliatum
780 1477 874 1505 esse
908 1462 1116 1518 queritur.
1172 1461 1319 1516 Quare
1351 1477 1449 1504 cum
1479 1461 1590 1505 duae
1619 1461 1716 1504 illae

167 1550 252 1586 res,
282 1550 391 1590 quae
415 1542 765 1590 argumentorum
790 1535 886 1577 loco
915 1535 969 1578 ab
984 1534 1270 1578 Mommsenio
1291 1534 1540 1585 afferuntur,
1567 1549 1718 1591 parum

170 1607 358 1658 valeant,
396 1606 502 1650 nihil
531 1606 584 1650 de
615 1607 733 1649 exitu
763 1607 862 1650 anni
891 1608 943 1649 49
974 1607 1220 1657 credemus,
1255 1607 1331 1649 sed
1361 1607 1405 1648 in
1434 1622 1485 1650 ea
1511 1606 1719 1649 sententia

169 1679 507 1730 remanebimus,
551 1695 679 1735 quam
710 1695 841 1736 supra
871 1681 973 1723 satis
1004 1679 1148 1722 multis
1178 1679 1414 1722 rationibus
1442 1679 1715 1722 confirmasse

170 1753 381 1803 videmur,
407 1759 455 1795 ut
470 1752 624 1795 Idibus
642 1751 959 1795 Novembribus
980 1752 1080 1795 anni
1100 1751 1153 1795 50
1178 1752 1358 1794 alterum
1377 1751 1716 1807 quinquennium

170 1824 370 1870 Caesaris
399 1825 656 1883 praeterisse
687 1833 939 1868 statuamus.

283 1899 343 1942 At
372 1899 444 1942 alii
468 1899 764 1955 imprimisque
793 1898 1067 1941 Hofmannus
1097 1894 1190 1939 Cal.
1217 1895 1386 1938 Martiis
1408 1895 1507 1938 anni
1523 1895 1576 1938 49
1600 1895 1717 1938 exire

172 1972 376 2015 debuisse
406 1987 459 2014 ex
485 1973 582 2028 lege
613 1971 857 2014 existimant
894 1970 986 2012 eius
1021 1968 1271 2025 imperium,
1307 1983 1437 2024 quam
1468 1967 1718 2010 sententiam

170 2059 252 2088 non
279 2044 421 2086 minus
447 2043 518 2086 ille
548 2043 795 2086 certissimis
814 2042 1078 2099 argumentis
1099 2042 1158 2083 ita
1175 2042 1233 2083 ait
1255 2055 1350 2082 esse
1372 2040 1718 2091 demonstratam,

170 2124 218 2159 ut
247 2116 423 2159 refutari
449 2130 534 2157 non
565 2115 714 2171 possit.
772 2115 904 2168 Quod
932 2130 1060 2170 quam
1091 2128 1192 2156 vere
1224 2113 1393 2164 dixerit,
1421 2113 1495 2168 qui
1524 2113 1717 2168 superio-

170 2204 261 2232 rem
291 2195 479 2230 nostram
508 2187 841 2244 disputationem
868 2187 1063 2244 legerint,
1095 2185 1360 2228 iudicabunt.
1414 2185 1514 2241 Ipse
1543 2184 1717 2240 quidem

170 2277 258 2304 una
286 2260 368 2304 hac
397 2260 560 2302 ratione
589 2259 744 2309 utitur,
787 2275 873 2315 qua
899 2274 1068 2308 omnes,
1111 2258 1184 2313 qui
1213 2257 1364 2300 eodem
1393 2257 1462 2298 die
1492 2256 1718 2312 imperium

171 2332 372 2377 Caesaris
400 2332 652 2382 finiverunt,
696 2331 864 2388 decepti
894 2338 1006 2374 sunt.
1058 2330 1152 2372 Lex
1181 2329 1375 2379 Vatinia,
1412 2329 1550 2384 inquit
1582 2343 1622 2384 p.
1651 2328 1717 2378 40,

169 2407 225 2448 ad
252 2404 345 2449 Cal.
372 2405 500 2448 Mart.
531 2404 631 2447 anni
657 2404 709 2446 54
738 2403 999 2460 pertinebat3
1033 2402 1144 2445 adde
1167 2402 1348 2444 alterum
1378 2400 1718 2457 quinquennium

169 2480 266 2536 lege
304 2477 500 2535 Pompeii
537 2476 775 2526 adiectum,
815 2475 1090 2533 pervenietur
1128 2474 1183 2517 ad
1220 2472 1312 2517 Cal.
1352 2474 1480 2516 Mart.
1519 2472 1619 2515 anni
1651 2472 1716 2516 49.

170 2551 240 2593 De
267 2565 353 2607 qua
381 2550 543 2593 ratione
574 2564 672 2592 cum
701 2564 831 2605 supra
858 2564 910 2604 p.,
933 2547 1010 2589 165
1043 2547 1145 2589 satis
1174 2547 1338 2589 dictum
1369 2546 1436 2596 sit,
1468 2545 1574 2588 nihil
1603 2559 1719 2587 nunc

172 2623 383 2680 disputari
414 2637 523 2678 opus
549 2629 628 2664 est.
681 2620 864 2676 Reliqua
893 2634 1002 2676 quae
1028 2619 1169 2669 habet,
1203 2619 1257 2662 ad
1287 2619 1400 2660 diem
1429 2617 1718 2660 definiendum

170 2695 277 2738 nihil
308 2694 451 2737 valent
478 2708 558 2736 nec
586 2692 726 2735 minus
756 2707 854 2735 cum
886 2691 996 2736 Idib.
1026 2690 1253 2734 Novembr.
1283 2691 1382 2733 anni
1412 2691 1478 2740 40,
1507 2704 1614 2745 quas
1641 2703 1717 2731 nos

173 2767 422 2818 statuimus,
462 2781 588 2824 quam
628 2779 727 2808 cum
757 2762 848 2807 Cal.
877 2764 1006 2806 Mart.
1045 2763 1145 2806 anni
1173 2763 1226 2807 49
1265 2763 1535 2806 conveniunt.
1600 2760 1718 2802 Nihil

171 2839 305 2896 igitur
339 2839 384 2881 in
422 2839 503 2882 hac
537 2838 713 2895 quidem
749 2851 794 2880 re
829 2836 930 2879 novi
958 2836 1080 2879 affert
1110 2851 1187 2879 nec
1214 2843 1354 2879 movet
1385 2850 1518 2878 novas
1547 2832 1717 2876 dubita-
