1846 3100
201 160 284 203 210
643 163 697 194 De
724 163 897 196 dictatoris
925 162 1083 196 Caesaris
1111 164 1308 196 honoribus.

207 287 315 328 quas
347 279 510 316 statuas
538 273 631 329 ipse
657 278 807 328 postea
822 269 984 314 Caesar
1009 272 1198 314 restituit
1223 271 1366 328 (Suet.
1384 270 1608 324 Caesv7153
1636 272 1752 316 Plut.

203 342 328 387 Caes.
349 345 424 395 573
454 345 570 387 Plut.
599 345 653 386 de
683 344 877 401 capiend.
909 359 962 385 ex
989 343 1144 386 hostib.
1173 345 1300 387 utilit.
1329 360 1370 400 p.
1388 345 1468 388 338
1492 345 1560 388 ed.
1583 345 1752 408 Reiek.3

203 417 292 458 Dio
313 417 488 468 XLIII,
518 417 614 472 49);
645 425 750 466 tum,
780 416 857 458 ubi
884 415 1075 472 Pompeii
1102 431 1216 459 mors
1246 417 1440 460 nuntiata
1469 424 1594 472 atque
1624 417 1752 461 anulo

190 488 246 530 -in
276 489 427 531 urbem
457 490 584 532 allato
613 490 745 545 vulgo
776 489 939 531 credita
966 495 1053 539 est,
1094 489 1243 534 ὕπατος
1272 514 1327 520 -
1358 488 1427 544 ἔτη
1458 489 1579 532 πέντε
1607 490 1754 545 ἐφεξῆς

202 561 394 615 γενέσθαι
421 563 487 603 καὶ
516 563 712 617 δικτάτωρ
743 561 816 602 οὐκ
849 561 890 606 ἐς
921 561 1094 616 ἕκμηνον
1129 561 1218 602 ἀλλ’
1254 561 1295 607 ἐς
1321 562 1502 605 ἐνιαυτὸν
1534 563 1630 604 ὅλον
1663 563 1752 618 λεχ-

203 634 324 688 θῆναι
354 633 493 690 ἔλαβε,
526 641 573 675 ut
600 634 687 676 Dio
716 634 794 683 ait;
826 633 1014 688 reliquos
1045 633 1158 675 enim
1188 634 1368 676 honores
1401 633 1530 676 simul
1558 633 1753 677 decretos

201 705 268 747 hic
297 707 601 762 praetermitto.
655 706 724 747 De
755 705 928 747 duobus
959 704 1093 760 igitur
1121 705 1444 762 magistratibus
1471 704 1647 748 Caesari
1677 705 1752 748 de-

203 778 301 820 latis
331 778 449 830 dicit,
483 779 536 820 de
568 779 794 820 consulatu
822 784 864 818 et
891 778 945 819 de
977 777 1209 828 dictatura,
1240 793 1422 834 quorum
1453 786 1595 822 tamen
1625 779 1752 820 rat-io-

201 865 299 892 nem
327 850 543 893 diversam
571 851 706 893 fuisse
738 857 925 906 apparet.
985 849 1158 892 Etenim
1193 851 1442 892 consulatus
1480 857 1570 892 erat
1601 865 1750 892 neces-

204 923 315 965 sario
334 939 503 965 annuus
524 923 591 965 vel
610 923 751 979 potius
768 923 879 979 prid.
897 922 995 964 Kal.
1014 923 1104 964 Ian.
1123 923 1373 972 finiebatur,
1408 922 1752 979 quandocunque

203 1002 293 1037 erat
329 1004 526 1052 coeptus3
569 1011 701 1050 quare
740 995 775 1038 si
806 993 981 1037 Caesari
1019 994 1221 1045 dabatur,
1261 1002 1309 1036 ut
1339 995 1383 1036 in
1413 995 1751 1050 quinquennium

202 1068 453 1110 continuum
485 1068 635 1110 consul
664 1068 797 1118 fieret,
830 1068 912 1109 hoc
940 1066 1136 1117 dabatur,
1165 1067 1366 1121 quoniam
1393 1081 1532 1122 usque
1560 1067 1615 1108 ad
1643 1067 1751 1123 prid.

202 1141 302 1183 Kal.
331 1141 421 1183 lan.
453 1141 551 1182 anni
580 1141 632 1183 48
667 1141 817 1182 consul
847 1142 1019 1182 futurus
1051 1148 1161 1189 erat,
1196 1147 1244 1181 ut
1273 1140 1315 1181 111
1346 1154 1503 1181 annum
1530 1140 1581 1182 47
1614 1154 1752 1195 usque

203 1212 257 1255 ad
296 1229 455 1255 annum
485 1213 536 1256 44
580 1213 803 1254 consulatu
841 1218 1064 1254 ornaretur
1103 1226 1241 1266 neque
1272 1212 1326 1253 de
1357 1228 1406 1254 eo
1439 1212 1538 1254 ullis
1569 1211 1751 1267 amplius

204 1286 385 1327 comitiis
415 1300 525 1341 opus
558 1293 683 1328 esset.
741 1285 891 1340 Neque
921 1284 1121 1326 dissentit
1149 1283 1236 1326 Dio
1262 1284 1418 1335 XLII,
1448 1284 1502 1327 20
1535 1284 1646 1326 inter
1673 1283 1750 1326 ho-

202 1373 330 1400 nores
364 1358 402 1400 ei
437 1367 539 1400 tunc
568 1358 690 1400 datos
719 1358 907 1400 addens:
958 1357 1004 1399 αἵ
1029 1373 1071 1399 τε
1100 1357 1175 1412 γὰρ
1209 1357 1464 1412 ἀρχαιρεσίαι
1493 1359 1618 1398 πᾶσαι
1647 1356 1750 1410 πλὴν

203 1435 281 1471 τῶν
311 1435 381 1472 τοῦ
413 1432 598 1485 πλήθους
635 1431 682 1485 (i.
715 1446 751 1472 e.
780 1437 950 1486 praeter
979 1429 1149 1471 comitia
1177 1429 1447 1470 tribunorum
1477 1436 1516 1471 et
1549 1427 1750 1470 aedilium

202 1502 359 1558 plebis)
397 1503 462 1543 ἐπ’
495 1501 605 1558 αὐτῷ
637 1502 819 1556 ἐγένοντο
851 1503 917 1543 καὶ
950 1502 1015 1542 διὰ
1046 1506 1164 1543 τοῦτο
1197 1502 1237 1546 ἐς
1267 1502 1337 1554 τὴν
1368 1501 1592 1556 παρουσίαν
1626 1500 1750 1542 αὐτοῦ

204 1575 501 1631 ἀναβληῦεῖσαι
531 1575 594 1615 ἐπ’
625 1573 754 1628 ἐξόδῳ
781 1578 852 1615 τοῦ
883 1573 999 1618 ἔτους
1027 1573 1299 1628 ἐτελέσθησαν
1330 1572 1358 1614 1.
1386 1588 1422 1615 0.
1452 1587 1548 1615 011111
1576 1570 1751 1616 Caesari

203 1647 346 1689 omnia
375 1646 541 1688 curulia
572 1646 743 1688 comitia
771 1645 1080 1701 permisissent,
1114 1645 1216 1700 quia
1244 1645 1316 1687 ille
1346 1645 1391 1686 in
1420 1645 1532 1687 bello
1561 1644 1751 1688 Alexan-

203 1719 350 1769 drino,
391 1719 547 1761 deinde
579 1719 761 1760 Pontico
788 1718 955 1769 aberat,
998 1718 1093 1774 ipsa
1120 1718 1292 1760 comitia
1322 1717 1365 1759 in
1392 1717 1627 1760 adventum
1657 1718 1750 1760 eius

202 1791 230 1833 i.
261 1807 297 1833 e.
332 1791 375 1832 in
414 1797 640 1833 exeuntem
681 1806 840 1833 annum
875 1791 941 1841 47,
984 1806 1081 1833 011111
1109 1790 1330 1832 Pharnace
1370 1789 1484 1832 victo
1511 1790 1556 1831 111
1586 1790 1751 1833 Italiam

202 1864 343 1914 rediit,
374 1864 646 1905 distulerunt.
704 1863 815 1905 Nam
845 1863 1008 1905 etiamsi
1041 1861 1202 1905 Caesar
1230 1863 1450 1905 decretum
1480 1861 1563 1904 sibi
1594 1877 1751 1905 eonsu-

202 1937 336 1979 latum
362 1937 459 1979 anni
489 1937 539 1979 47
571 1936 744 1991 recepit,
776 1942 915 1977 tamen
947 1943 988 1977 et
1018 1935 1183 1990 collega
1208 1935 1301 1976 eius
1331 1942 1372 1977 et
1399 1934 1550 1989 reliqui
1579 1934 1751 1977 curules

204 2009 480 2065 magistratus
510 2007 684 2050 creandi
714 2015 832 2049 erant
841 2024 852 2058 ;
884 2008 962 2049 sed.
988 2007 1115 2050 etiam
1139 2006 1246 2048 illud
1268 2006 1500 2061 quaeritur,
1530 2021 1634 2048 num
1651 2021 1751 2048 con-

206 2081 392 2123 sulatum
421 2087 523 2122 tunc
550 2079 771 2135 receperit,
801 2094 885 2134 qua
914 2079 967 2121 de
989 2094 1034 2121 re
1054 2087 1202 2133 postea
1223 2077 1553 2134 disputabimus.
1600 2077 1750 2120 Dicta-

204 2161 325 2195 turae
355 2151 530 2208 quidem
562 2151 734 2193 diversa
762 2151 816 2193 ab
849 2152 1072 2194 consulatu
1105 2159 1194 2192 erat
1222 2151 1342 2193 ratio.
1389 2150 1499 2192 Eam
1523 2156 1626 2192 tunc
1654 2165 1749 2192 cum

203 2225 300 2267 illos
328 2224 512 2266 honores
539 2224 861 2279 adipisceretur,
894 2238 978 2265 non
1010 2223 1185 2279 gerebat
1211 2237 1351 2278 neque
1379 2223 1549 2264 omnino
1579 2237 1629 2264 ea
1658 2223 1750 2264 eius

206 2305 297 2339 erat
325 2304 499 2346 natura,
541 2303 589 2337 ut
619 2304 692 2338 aut
723 2297 840 2338 exitu
869 2297 966 2338 anni
994 2296 1189 2337 finiretur
1217 2302 1290 2336 aut
1321 2301 1436 2336 certa
1462 2294 1532 2336 die
1558 2295 1751 2350 suscipe-

204 2377 343 2419 retur,
382 2375 549 2425 poterat
582 2369 716 2424 igitur
746 2369 884 2410 statim
915 2375 1137 2424 postquam
1167 2367 1339 2410 decreta
1365 2374 1476 2417 erat,
1510 2367 1620 2408 iniri.
1682 2367 1752 2410 Ae

207 2442 268 2483 sie
308 2449 452 2483 narrat
496 2440 582 2482 Dio
619 2441 780 2490 XLII,
819 2441 894 2483 21:
944 2438 1067 2480 Ταῦτ’
1103 2439 1172 2480 οὖν
1209 2441 1315 2480 οὕτω
1347 2441 1413 2480 καὶ
1445 2440 1652 2494 ἐψηφίσθη
1684 2441 1751 2481 καὶ

207 2513 418 2567 ἐκυρώθη·
463 2515 530 2553 καὶ
560 2513 581 2554 ὅ
613 2528 655 2554 τε
682 2513 841 2565 Καῖσαρ
884 2513 953 2565 τὴν
995 2512 1256 2565 δικτατωρίαν
1294 2514 1567 2566 παραχρῆμα,
1606 2512 1749 2566 καίπερ

209 2583 286 2630 ἔξω
311 2587 381 2638 τῆς
401 2583 574 2628 Ἰταλίας
601 2586 671 2634 ὢν,
703 2584 851 2638 ὑπέστη
874 2583 940 2623 καὶ
959 2585 1025 2624 τὸν
1047 2582 1264 2623 ’Λντώνιον
1294 2584 1398 2637 μηδὲ
1429 2583 1751 2638 ἐστρατηγηκότα

206 2655 407 2711 ἵππαρχον
451 2655 767 2711 προςελόμενος·
813 2656 880 2696 καὶ
921 2654 1053 2695 εἵπετο
1095 2655 1207 2710 αὐτῷ
1239 2656 1259 2696 ὁ
1296 2656 1465 2707 ὕπατος,
1508 2654 1638 2695 καίτοι
1670 2657 1749 2697 τῶν

208 2729 427 2768 οἰωνιστῶν
459 2727 717 2782 σφροδότατα
749 2726 1030 2776 ἀντειπόντων,
1061 2728 1201 2781 μηδενὶ
1234 2727 1380 2772 ἐξεῖναι
1405 2728 1544 2767 πλεῖον
1567 2729 1637 2766 τοῦ
1664 2725 1749 2771 ἐξα·

208 2800 336 2853 μήνου
377 2799 527 2854 χρόνου
570 2799 834 2853 ἱππαρχῆσαι.
894 2797 983 2837 ἀλλ’
1029 2799 1175 2839 ἐκεῖνοι
1217 2799 1287 2852 μὲν
1326 2798 1486 2852 γέλωτα
1524 2797 1588 2838 ἐπὶ
1620 2797 1750 2852 τούτῳ

206 2869 332 2910 πολὺν
373 2871 654 2925 ὠφλίσκανον,
698 2869 817 2910 αὐτὸν
861 2870 931 2922 μὲν
971 2870 1036 2909 τὸν
1080 2871 1304 2924 δικτάτωρα
1339 2870 1396 2913 εἰς
1427 2869 1606 2909 ἐνιαυτὸν
1638 2868 1749 2924 παρὰ
