1846 3100
570 148 624 180 De
652 147 825 180 dictatoris
851 146 1008 178 Caesaris
1035 145 1235 177 honoribus.
1592 141 1673 184 217

129 258 302 301 tertium
332 256 530 301 Caesaris
560 254 829 298 consulatum
858 253 1115 310 pertineant,
1159 252 1343 309 primum
1383 252 1508 294 titulo
1551 259 1676 295 tenus

129 346 227 374 eum
263 345 358 374 esse
392 337 583 387 gestum,
627 327 782 370 deinde
822 326 1073 368 dictatorem
1100 325 1236 367 fuisse
1266 323 1495 367 Caesarem
1524 324 1676 367 eodem

129 410 318 460 tempore
354 418 440 459 quo
480 401 631 444 consul
671 399 843 441 tertium
879 397 1028 447 fuerit,
1071 403 1162 438 tum
1199 396 1452 439 dictaturam
1490 397 1606 440 illam
1637 397 1676 439 ei

129 490 224 518 esse
254 475 472 518 decretam
502 473 630 516 simul
658 487 757 514 cum
783 470 1021 519 consulatu,
1053 476 1142 511 tum
1167 469 1278 510 inter
1302 469 1474 511 tertium
1501 476 1542 511 et
1567 469 1678 511 inter

128 555 329 604 quartum
360 547 628 590 consulatum
656 543 950 587 intercessisse
978 541 1152 598 aliquod
1182 548 1365 598 tempus,
1395 557 1480 597 quo
1508 542 1679 584 comitia

129 620 276 663 haberi
306 619 535 668 deberent,
579 617 656 659 sed
687 631 772 658 non
800 622 944 658 essent
970 614 1136 663 habita,
1179 614 1364 669 denique
1395 629 1492 656 eum
1523 614 1604 657 sibi
1634 614 1677 656 in

130 699 216 735 tres
248 706 417 734 menses
455 690 731 733 substituisse
757 689 867 730 duos
894 688 1107 730 consules.
1168 686 1259 728 Nos
1289 686 1462 742 quidem
1493 687 1679 743 primum

130 764 184 806 de
223 779 272 806 eo
306 764 424 820 quod
459 763 609 804 ultimo
649 762 744 804 loco
777 760 1203 803 commemoravimus
1236 758 1565 814 disputabimus.
1626 760 1678 801 In

130 845 216 879 tres
243 836 378 894 igitur
404 850 573 878 menses
602 834 879 877 substituisse
912 833 993 876 sibi
1021 840 1217 875 narratur
1247 830 1409 874 Caesar
1437 831 1548 874 duos
1579 846 1679 874 con-

131 910 270 959 sules3
308 923 394 964 quo
422 907 518 950 loco
545 907 624 949 etsi
653 921 739 948 non
766 906 1040 948 nominantur
1070 905 1125 959 Q.
1153 905 1306 947 Fufius
1339 902 1527 947 Calenus
1558 910 1600 946 et
1628 903 1678 945 P.

131 981 353 1030 Vatinius,
383 979 585 1036 quoniam
611 980 677 1022 bis
704 978 876 1020 omnino
903 978 1109 1036 quamdiu
1139 976 1300 1020 Caesar
1329 977 1545 1032 regnavit,
1577 992 1679 1019 con-

133 1054 249 1097 sules
288 1052 457 1096 suffecti
497 1060 617 1103 sunt,
656 1051 759 1108 quin
797 1051 1017 1101 dicantur,
1060 1050 1247 1093 dubitari
1284 1065 1370 1092 non
1407 1056 1560 1106 potest.
1620 1050 1681 1092 At

130 1126 381 1169 Macrobius
413 1124 585 1168 Saturn.
613 1125 680 1174 ΙΙ,
710 1124 733 1167 3
764 1123 913 1180 paucis
945 1122 1099 1165 diebus
1132 1130 1274 1165 narrat
1302 1122 1491 1178 gessisse
1524 1137 1680 1164 consu-

130 1199 265 1242 latum
294 1198 512 1241 Vatinium
547 1198 751 1252 iocosque
795 1197 838 1238 in
877 1211 976 1238 eum
1009 1194 1230 1238 Ciceronis
1269 1195 1413 1245 affert,
1460 1194 1577 1250 quod
1609 1195 1682 1236 illo

132 1271 305 1314 consule
331 1271 512 1314 dixisset
540 1286 621 1313 nec
651 1269 848 1312 brumam
878 1283 956 1310 nec
982 1284 1059 1311 ver
1085 1283 1166 1310 nec
1194 1274 1397 1310 aestatem
1427 1282 1508 1310 nec
1530 1275 1682 1309 auctu-

131 1359 281 1386 mnum
305 1343 455 1392 fuisse,
478 1343 594 1392 item,
621 1357 718 1384 cum
745 1341 800 1383 ad
825 1341 947 1383 illum
967 1341 1012 1381 in
1033 1341 1259 1383 consulatu
1279 1354 1357 1382 suo
1377 1340 1522 1382 venire
1540 1340 1681 1390 vellet,

131 1423 256 1459 nocte
295 1431 389 1458 sese
430 1430 525 1457 esse
561 1414 924 1470 comprehensem.
991 1411 1129 1455 Cuius
1168 1413 1399 1455 auctoritas
1443 1412 1523 1454 etsi
1563 1412 1682 1454 nullo

132 1488 260 1532 modo
289 1494 405 1531 tanta
433 1494 498 1530 est
525 1493 685 1543 quanta
716 1486 925 1536 Suetonii,
956 1486 1074 1541 quod
1104 1494 1244 1528 tamen
1272 1486 1389 1528 iocos
1419 1485 1516 1526 illos
1547 1484 1682 1534 affert,

132 1576 217 1604 non
249 1561 420 1603 videtur
452 1574 547 1602 esse
579 1558 903 1601 contemnenda.
955 1557 1110 1612 ‘Neque
1139 1572 1207 1599 res
1241 1564 1315 1599 aut
1342 1556 1397 1610 Q.
1428 1554 1579 1598 Caleni
1610 1563 1684 1598 aut

132 1633 183 1675 P.
210 1632 372 1674 Vatinii
401 1639 487 1675 tam
515 1638 714 1673 accurate
744 1631 958 1680 novimus,
992 1636 1037 1671 ut
1070 1637 1240 1685 tempus
1273 1644 1359 1685 quo
1388 1636 1568 1684 uterque
1594 1628 1683 1670 Ro-

133 1719 226 1746 mae
252 1704 519 1747 consulatum
546 1703 739 1759 gesserit,
767 1702 944 1743 definire
970 1702 1201 1757 possimus.
1249 1701 1359 1743 Nam
1379 1701 1500 1743 illum
1522 1701 1683 1743 scimus

133 1783 299 1819 tantum
317 1775 526 1819 Graeciae
555 1783 596 1817 et
622 1782 718 1816 ante
746 1789 934 1830 pugnam
952 1773 1244 1816 Pharsalicam
1266 1780 1307 1815 et
1326 1780 1422 1829 post
1445 1789 1538 1815 eam
1560 1788 1684 1829 prae-

133 1849 269 1891 fuisse
299 1847 560 1901 (Comment.
586 1847 630 1889 II
661 1862 702 1903 p.
731 1847 854 1902 226),
896 1847 1010 1888 unde
1041 1847 1214 1902 quando
1250 1847 1294 1887 in
1329 1846 1481 1888 urbem
1508 1845 1684 1887 redierit

133 1922 329 1978 ignotum
368 1928 453 1971 est3
509 1921 625 1962 hunc
665 1934 812 1962 mense
855 1918 1007 1962 Sextili
1051 1920 1149 1961 anni
1184 1920 1235 1962 48
1281 1917 1503 1960 Brundisii
1548 1917 1684 1959 fuisse

134 2001 278 2037 narrat
308 1992 470 2036 Caesar
500 1993 598 2036 bell.
631 1993 714 2035 civ.
739 1992 830 2042 ΙΙΙ,
865 1991 967 2041 1οΟ,
999 1991 1115 2034 unde
1147 2007 1245 2034 cum
1277 1991 1415 2033 hieme
1444 1990 1685 2045 insequenti

135 2067 190 2110 ad
217 2067 439 2123 Illyricum
469 2065 813 2122 componendum
842 2065 1058 2120 profectus
1091 2064 1166 2114 sit,
1198 2064 1368 2106 circiter
1395 2078 1540 2104 mense
1568 2062 1685 2104 Maio

136 2139 236 2181 anni
266 2139 316 2181 47
350 2138 394 2180 in
424 2138 578 2181 urbem
609 2138 781 2180 videtur
809 2137 973 2178 redisse
1005 2136 1122 2191 (bell.
1151 2136 1277 2178 Alex.
1309 2136 1360 2178 43
1390 2137 1485 2190 sq.).
1526 2132 1686 2176 Caesa-

135 2226 226 2254 rem
261 2218 403 2253 autem
441 2210 582 2266 ipsum
615 2210 794 2252 Romam
832 2208 1060 2251 revertisse
1091 2208 1204 2251 circa
1230 2207 1461 2251 Octobrem
1496 2221 1687 2248 mensem

137 2283 237 2325 anni
265 2283 315 2326 47
358 2283 566 2325 discimus
605 2297 658 2324 ex
687 2280 909 2323 Ciceronis
945 2279 1162 2335 epistolis,
1202 2280 1275 2335 qui
1307 2294 1404 2321 cum
1432 2279 1525 2334 ipse
1555 2278 1615 2319 ita
1643 2277 1688 2318 in

137 2355 303 2398 Italiam
337 2354 541 2405 redisset,
582 2361 631 2396 ut
664 2353 886 2395 Brundisii
920 2351 1118 2394 Caesaris
1157 2352 1390 2394 adventum
1431 2355 1686 2406 expectaret,

137 2426 232 2469 libr.
259 2427 388 2478 XIV,
426 2427 502 2476 22,
545 2441 654 2482 quae
690 2425 870 2482 epistola
904 2425 1004 2468 Kal.
1044 2423 1370 2481 Septembribus
1413 2423 1572 2478 scripta
1609 2429 1687 2472 est,

138 2499 361 2542 Brundisii
397 2514 442 2541 se
477 2497 730 2541 commorari
761 2498 839 2547 ait,
877 2506 919 2540 at
948 2497 1142 2541 eiusdem
1171 2497 1269 2539 libri
1301 2495 1423 2551 epist.
1450 2494 1504 2536 20
1533 2493 1690 2549 scripta

138 2571 238 2614 Kal.
266 2569 443 2613 Octobr.
474 2584 519 2612 se
545 2570 629 2611 iarn
656 2569 702 2611 in
728 2569 951 2613 Venusino
979 2585 1058 2612 suo
1083 2583 1178 2612 esse
1206 2574 1359 2610 narrat.
1411 2566 1528 2608 Hinc
1554 2565 1690 2621 igitur

141 2640 371 2685 Caesarem
421 2656 567 2684 mense
603 2639 846 2697 Septembri
879 2642 1113 2684 Tarentum
1155 2638 1400 2682 escendisse
1438 2652 1519 2680 nec
1554 2636 1689 2678 multo

140 2721 239 2770 post
268 2715 314 2756 in
340 2714 493 2757 urbem
519 2713 770 2771 pervenisse
797 2714 1020 2764 discimus,
1047 2714 1123 2756 ubi
1153 2727 1250 2755 cum
1269 2709 1577 2767 rempublicam
1599 2709 1689 2751 sine

144 2785 392 2829 consulibus
434 2786 686 2842 reperisset,
728 2787 938 2843 imprimis
977 2786 1059 2828 hoc
1099 2783 1344 2827 faciendum
1386 2788 1498 2832 erat,
1542 2788 1590 2823 ut
1634 2780 1688 2822 de

146 2858 372 2900 consulatu
399 2857 480 2900 sibi
505 2858 589 2914 ipsi
613 2858 754 2901 oblato
778 2858 1038 2902 decerneret.
1082 2857 1148 2899 Ita
1164 2856 1259 2914 ipsa
1275 2853 1534 2912 reipublicae
1552 2852 1689 2910 qualis
