1846 3100
504 151 558 183 De
582 150 714 192 legibus
741 148 1000 191 municipalibus
1026 147 1232 190 Hispanicis.
1563 143 1639 188 321

96 261 333 304 Domitiani
380 260 518 303 edicto
567 259 780 301 civitatem
823 257 1062 299 Romanam
1110 249 1477 312 consequebatur,
1525 257 1646 299 alteri

97 332 256 389 quibus
274 332 530 390 Vespasiani
561 331 751 374 edictum
776 329 1052 372 Latinitatem
1087 327 1278 379 dederat,
1310 344 1363 371 ex
1390 329 1486 385 lege
1504 329 1645 370 muni-

98 405 247 462 cipali,
292 406 328 447 si
367 405 422 448 ad
463 404 647 446 honores
687 401 969 458 municipales
1007 401 1294 457 pervenirent,
1337 401 1438 443 item
1476 401 1646 443 civitate

98 478 239 520 ornari
260 483 465 533 poterant.
503 475 676 519 Etenim
698 474 772 530 qui
802 488 952 516 recens
977 473 1121 516 Latini
1152 473 1252 516 facti
1279 481 1411 525 erant,
1441 481 1489 516 ut
1517 474 1646 517 liber-

95 556 226 593 tatem
258 564 359 592 cum
384 564 498 592 novo
524 548 618 591 iure
649 547 921 590 coniunctam
940 546 1057 602 (nam
1081 560 1227 588 omnes
1250 545 1429 588 Latinae
1452 546 1644 588 civitates

97 623 296 666 liberiore
326 623 420 664 iure
450 619 651 675 utuntur)
679 619 934 675 acciperent,
969 625 1011 660 et
1042 618 1097 660 ad
1128 618 1298 661 comitia
1322 619 1644 674 magistratibus

99 695 293 738 creandis
323 693 500 737 admissi
528 701 570 735 et
598 693 641 734 in
673 691 867 733 ordinem
894 690 1172 733 decurionum
1206 691 1365 747 recepti
1396 699 1508 733 sunt.
1549 691 1646 734 Hac

96 767 260 810 ratione
297 766 403 808 nihil
431 766 474 808 in
506 780 602 808 aere
631 764 898 820 Salpensano
928 770 1002 804 aut
1027 762 1285 805 Malacitano
1314 770 1392 813 est,
1424 763 1540 819 quod
1561 778 1665 805 nonv

98 840 348 896 explicetur,
379 838 497 888 nihil,
528 837 644 894 quod
670 835 723 879 ab
752 836 846 878 aliis
875 835 1156 895 scriptoribus
1182 842 1256 877 aut
1276 835 1370 877 aliis
1392 851 1646 878 monumen-

98 912 153 954 tis
179 911 385 962 tradatur,
416 911 519 967 quin
547 909 821 953 confirmetur
850 915 977 964 atque
1005 908 1256 958 illustretur,
1285 909 1495 951 neminem
1525 909 1645 950 deni-

99 999 183 1040 que
210 999 414 1041 peccasse
446 983 688 1032 statuimus,
718 988 766 1023 ut
798 987 944 1022 nostra
970 981 1178 1037 sapientia
1203 988 1297 1023 stet.
1336 981 1485 1036 Neque
1503 981 1646 1023 hercle

99 1057 181 1099 hoc
211 1056 335 1099 nobis
364 1056 494 1099 debet
530 1055 671 1105 obiici,
708 1054 753 1095 in
783 1053 1044 1109 quibusdam
1073 1054 1218 1104 rebus,
1250 1069 1359 1109 quae
1390 1054 1646 1110 scriptorum

98 1129 353 1172 testimoniis
385 1144 536 1186 parum
565 1128 848 1177 illustrantur,
891 1126 1136 1169 coniectura
1175 1141 1254 1169 nos
1293 1142 1388 1169 esse
1420 1141 1524 1168 usos
1557 1141 1646 1167 ma-

100 1203 254 1258 gisque
291 1202 408 1258 quod
449 1201 671 1258 probabile
711 1215 840 1256 quam
874 1199 990 1255 quod
1021 1214 1170 1246 verum
1203 1200 1255 1241 sit
1289 1199 1533 1255 protulisse.
1593 1198 1646 1240 Id

98 1275 378 1330 intelligimus
415 1274 498 1330 ipsi
540 1280 667 1329 atque
701 1273 823 1314 initio
860 1272 1161 1328 disputationis
1192 1279 1362 1314 nostrae
1391 1286 1647 1313 commemo-

99 1348 314 1397 ravimus3
357 1346 432 1389 sed
467 1361 618 1402 parum
657 1345 926 1402 proficiamus
966 1345 1010 1386 in
1048 1345 1206 1387 nostris
1241 1344 1415 1395 litteris,
1456 1344 1491 1386 si
1532 1344 1650 1386 nulla

100 1420 345 1463 coniectura
384 1419 633 1461 admittatur
684 1418 1160 1474 mathematicorumque
1197 1432 1314 1460 more
1361 1417 1522 1472 ubique
1571 1416 1647 1458 de—

100 1492 350 1535 monstratio
395 1491 647 1548 postuletur.
706 1489 915 1533 Sufficere
954 1491 1065 1534 enim
1104 1490 1232 1533 debet
1266 1504 1391 1546 saepe
1426 1489 1470 1530 in
1502 1488 1647 1530 multis

99 1565 230 1608 rebus
273 1564 565 1621 probabilitas,
612 1579 721 1620 quae
768 1563 1046 1606 similitudine
1090 1562 1442 1620 argumentisque
1489 1576 1542 1602 ex
1584 1561 1646 1602 rei

100 1644 252 1680 natura
289 1637 638 1693 antiquitatisque
678 1636 989 1679 consuetudine
1025 1635 1215 1692 repetitis
1254 1634 1525 1683 conficiatur,
1566 1631 1645 1674 im-

100 1710 248 1766 primis
279 1709 355 1752 ubi
380 1725 466 1752 non
494 1710 785 1765 impugnetur,
813 1709 929 1764 quod
956 1708 1158 1751 traditum
1179 1714 1256 1757 est,
1278 1707 1353 1749 sed
1375 1706 1650 1748 confirmetur

100 1789 227 1838 atque
256 1782 504 1839 explicetur.
561 1779 706 1836 Atque
745 1781 826 1823 hoc
860 1781 1202 1824 coniecturarum
1235 1794 1390 1836 genere
1432 1778 1557 1820 etiam
1594 1777 1648 1819 ad

101 1855 205 1897 alias
242 1862 383 1911 partes
429 1855 582 1896 horum
626 1861 996 1896 monumentorum
1035 1852 1495 1909 praestantissimorum
1535 1857 1648 1891 recte

101 1927 400 1982 intelligendas
432 1942 541 1983 opus
578 1941 672 1969 esse
709 1941 947 1969 censemus.
1002 1926 1196 1968 Plurima
1226 1924 1337 1966 enim
1372 1924 1414 1965 in
1451 1922 1502 1964 iis
1535 1929 1647 1971 sunt,

102 2014 210 2054 quae
241 1999 463 2042 doctorum
494 2000 683 2041 virorum
710 2000 852 2042 studia
882 1999 1064 2041 excitent
1096 1998 1376 2052 dolemusque
1413 2009 1558 2051 prope,
1595 1993 1649 2035 ab

102 2071 223 2114 initio
253 2072 377 2115 nobis
407 2087 541 2114 unum
569 2072 684 2114 hunc
716 2072 770 2113 de
796 2071 1125 2127 municipiorum
1155 2070 1316 2112 ratione
1346 2070 1501 2117 locum,
1522 2082 1650 2122 quem

104 2159 129 2186 a
147 2158 354 2186 novarum
378 2144 623 2201 opinionum
641 2144 798 2186 iniuria
818 2151 1049 2193 tueremur,
1066 2157 1160 2185 esse
1180 2141 1459 2199 propositum.
1486 2140 1650 2193 Quam-

104 2231 231 2271 quam
261 2232 370 2272 quae
408 2217 462 2259 de
499 2217 734 2259 honoribus
765 2215 1097 2271 municipalibus
1135 2230 1185 2256 ac
1220 2211 1525 2255 decurionibus
1564 2219 1650 2253 tra-

105 2288 280 2338 duntur,
323 2305 374 2331 ea
418 2289 477 2332 ita
516 2305 541 2331 a
580 2288 705 2331 nobis
748 2289 791 2329 in
833 2287 1236 2330 commentationum
1276 2284 1650 2341 epigraphicarum

106 2361 320 2403 volumine
346 2362 484 2417 primo
514 2361 709 2418 exposita
737 2368 849 2410 sunt,
881 2367 928 2401 ut
956 2359 1062 2400 nihil
1090 2360 1179 2400 fere
1210 2357 1462 2399 mutandum
1492 2371 1542 2398 ac
1579 2356 1651 2398 vix

106 2433 336 2488 quicquam
369 2433 656 2490 supplendum
687 2433 753 2476 sit.
802 2432 890 2474 Sed
923 2430 976 2472 de
1005 2430 1184 2473 comitiis
1214 2429 1543 2485 municipiorum
1569 2428 1651 2469 Hi-

108 2505 378 2561 spanicorum
407 2509 523 2558 (nam
545 2505 791 2548 Italicorum
811 2519 915 2546 num
934 2504 1082 2545 eadem
1115 2503 1218 2544 ratio
1247 2501 1377 2543 fuerit
1394 2515 1652 2557 magnopere

107 2577 346 2632 quaeritur)
385 2584 426 2619 et
456 2577 510 2619 de
541 2578 685 2627 curiis,
715 2592 825 2632 quae
855 2591 939 2617 non
971 2576 1099 2617 modo
1128 2574 1170 2615 in
1203 2574 1270 2615 his
1301 2573 1457 2615 tabulis
1487 2580 1528 2614 et
1557 2573 1652 2627 qui-

108 2648 292 2692 busdam
334 2649 683 2705 inscriptionibus
728 2648 959 2698 Africanis,
996 2663 1145 2702 verum
1185 2646 1309 2688 etiam
1346 2645 1389 2686 in
1430 2645 1653 2700 municipii

110 2721 439 2778 Aciniponensis
480 2736 611 2778 prope
656 2721 865 2763 Malacam
903 2721 972 2762 siti
1009 2719 1133 2761 titulo
1173 2717 1288 2774 apud
1332 2715 1490 2759 Caecil.
1521 2715 1652 2758 Garc.

110 2793 164 2835 de
199 2794 241 2836 la
279 2793 402 2835 Leiia
436 2793 628 2848 antiquit.
661 2793 850 2835 Malacit.
886 2792 1098 2849 (Malacae
1139 2790 1263 2844 1789)
1302 2788 1424 2831 Tom.
1450 2789 1494 2830 II
1524 2804 1567 2844 p.
1600 2788 1652 2830 54

1330 2877 1380 2920 21
