1846 3100
560 143 614 175 De
641 142 888 184 propagatione
913 140 1057 172 civitat-is
1081 140 1267 172 Romanae.
1601 135 1673 177 331

245 254 339 297 Iam
375 253 421 296 hi
459 251 675 309 principes
709 249 814 305 quid
855 248 1086 305 petebant?
1142 251 1210 289 lus
1246 249 1602 301 adt'pzzwendorum
1636 249 1683 287 in

135 327 233 368 urbe
275 329 475 368 honorum
517 323 695 366 Tacitus
735 321 931 378 appellat,
970 321 997 362 i.
1029 335 1064 362 e.
1102 326 1151 361 ut
1190 320 1352 362 Romae
1393 326 1681 375 quaesturam,

135 398 408 448 aedilitatem,
445 404 713 454 praeturam,
750 394 1019 436 consulatum
1053 400 1197 448 petere
1234 393 1378 448 itaque
1407 392 1462 434 ad
1490 391 1682 448 imperia,

134 472 189 514 ad
236 470 554 528 provinciarum
596 467 996 516 administrationes,
1039 465 1094 508 ad
1135 465 1374 521 triumphos
1414 464 1573 519 quique
1612 463 1683 506 alii

135 543 291 586 summi
330 550 431 584 sunt
465 542 510 583 in
549 539 772 596 republica
807 539 1011 587 honores,
1046 537 1270 594 pervenire
1302 537 1471 588 liceret,
1499 536 1683 578 maxime

135 624 292 666 autem,
315 614 516 670 quoniam
547 613 621 654 illa
650 627 727 668 per
756 611 819 653 rei
844 611 981 667 ipsius
1012 617 1208 652 naturam
1236 625 1320 651 non
1338 609 1482 651 multis
1503 615 1684 665 possunt

135 688 396 744 contingere,
426 694 475 728 ut
505 685 580 745 qui
615 699 748 727 censu
780 683 1039 732 sufficerent,
1071 683 1116 724 in
1152 690 1346 724 senatum
1378 682 1683 738 reciperentur.

133 760 187 803 Id
218 760 331 803 enim
367 759 460 816 ipse
491 757 668 814 Tacitus
702 755 928 812 significat,
961 755 1146 811 primum
1185 755 1228 796 in
1260 762 1410 797 senatu
1443 754 1683 810 supplendo

134 839 265 875 totam
293 832 541 888 petitionem
571 838 706 872 ortam
737 843 831 871 esse
861 843 1052 877 narrans,
1084 835 1174 870 tum
1207 828 1260 869 de
1289 834 1439 870 senatu
1469 826 1566 869 urbi
1596 827 1684 869 Ro-

134 920 227 948 mae
258 903 570 961 suppeditando
608 910 648 944 et
679 901 732 943 de
758 901 938 943 Venetis
969 899 1313 956 Insubribusque
1345 900 1389 941 in
1417 900 1580 942 curiam
1607 899 1684 942 ad-

133 977 276 1020 missis
318 984 361 1019 et
397 976 452 1019 de
494 974 761 1018 senatoribus
799 989 852 1015 ex
883 973 1010 1014 Latio
1042 980 1083 1015 et
1116 973 1251 1015 multa
1285 973 1457 1014 omnino
1489 972 1684 1014 similiter

134 1051 298 1100 dicens,
328 1056 390 1099 ut,
421 1049 621 1104 quoniam
651 1047 778 1090 etiam
810 1045 1019 1089 senatoria
1047 1045 1234 1101 dignitas
1264 1045 1578 1100 quodammodo
1608 1059 1684 1100 pro

132 1122 292 1165 honore
319 1130 397 1172 est,
428 1122 616 1165 breviter
645 1124 708 1162 ius
730 1121 930 1160 honorum
964 1119 1177 1175 appellare
1199 1117 1430 1174 possimus.
1470 1117 1685 1172 Equester

134 1195 269 1251 igitur
310 1194 497 1251 dignitas
542 1191 809 1249 principibus
850 1190 934 1232 illis
978 1191 1161 1246 patebat,
1201 1189 1563 1245 quemadmodum
1601 1189 1684 1245 ipsi

134 1267 333 1310 Arminio
375 1282 467 1310 eam
501 1266 643 1308 datam
684 1279 778 1306 esse
812 1263 1005 1306 Velleius
1035 1263 1063 1305 l.
1090 1263 1118 1304 l.
1151 1263 1312 1312 scribit,
1351 1261 1553 1319 patebant
1584 1277 1684 1317 pro-

135 1340 376 1382 curationes
423 1339 648 1394 omniaque
695 1338 1012 1393 praefectorum
1060 1351 1258 1386 munera,
1305 1350 1414 1390 quae
1456 1334 1686 1390 imperat-or

133 1428 219 1454 non
248 1412 376 1454 modo
405 1411 564 1461 liberis,
595 1425 746 1452 verum
776 1424 1082 1464 nonnunquam
1113 1408 1239 1449 etiam
1266 1408 1474 1450 libertinis
1502 1407 1685 1450 homini-

133 1483 216 1527 bus
248 1484 489 1527 deferebat:
534 1484 613 1525 soli
647 1483 708 1524 illi
741 1483 924 1524 honores
959 1482 1130 1524 curules
1160 1490 1418 1536 senatusque
1448 1497 1533 1523 non
1564 1489 1685 1537 pate-

134 1556 249 1600 bant.
299 1557 438 1612 quue
465 1556 622 1599 illustri
651 1556 859 1611 exemplo,
898 1554 1015 1610 quod
1055 1554 1232 1596 Tacitus
1263 1562 1576 1604 commemorat,
1609 1553 1684 1596 de-

135 1635 406 1672 monstratur.
467 1630 511 1691 ls
548 1629 660 1670 enim
691 1627 772 1670 Cn.
802 1627 961 1670 Iulium
992 1626 1241 1683 Agricolam
1281 1626 1418 1677 illum,
1452 1626 1526 1681 qui
1565 1641 1687 1668 socer

136 1702 229 1744 eius
260 1710 363 1751 erat,
395 1716 447 1743 ex
473 1700 838 1743 Foroiuliensium
866 1701 1034 1742 colonia
1064 1707 1207 1741 ortum
1230 1699 1365 1741 fuisse
1389 1698 1537 1740 scribit
1561 1706 1687 1754 atque

135 1789 265 1816 avum
295 1773 387 1816 eius
416 1780 647 1828 utrumque
677 1772 865 1828 equestri
897 1772 1106 1828 dignitate
1137 1778 1544 1827 procuratoremque
1577 1768 1686 1813 Cae-

136 1846 242 1888 saris
273 1846 432 1888 fuisse:
469 1852 632 1901 patrem
664 1844 825 1886 Iulium
855 1844 1132 1893 Graecinum,
1170 1859 1267 1886 cum
1295 1843 1495 1885 senatorii
1525 1842 1686 1885 ordinis

136 1924 250 1960 esset
278 1927 405 1973 atque
435 1917 677 1973 eloquentia
705 1918 943 1964 excelleret,
981 1916 1034 1959 ab
1064 1914 1114 1958 C.
1132 1915 1332 1971 Caligula
1358 1930 1453 1957 esse
1483 1916 1686 1959 occisum.

137 1990 309 2044 Quodsi
323 1990 553 2047 Agricolae
570 2005 707 2046 genus
722 1990 776 2032 ab
790 1990 1014 2032 remotiore
1029 1996 1164 2031 aetate
1180 1989 1248 2031 vel
1266 1989 1454 2044 equestri
1465 1988 1686 2044 dignitate,

137 2063 421 2120 praestitisset
439 2070 580 2118 atque,
606 2062 641 2104 si
659 2077 745 2104 non
766 2062 1017 2111 honoribus,
1037 2062 1286 2117 antiquitate
1306 2061 1688 2111 commendaretur,

139 2144 251 2178 certe
273 2135 466 2185 Tacitus,
498 2142 546 2176 ut
576 2135 711 2177 soceri
744 2135 811 2176 sui
840 2134 1021 2190 gloriam
1048 2134 1282 2184 extolleret,
1308 2141 1544 2175 narrasset:
1573 2148 1688 2175 nunc

141 2223 241 2250 eum
262 2207 550 2263 intelligemus
571 2206 624 2248 de
641 2206 872 2263 Agricolae
889 2206 1137 2255 maioribus,
1163 2205 1237 2261 qui
1256 2206 1369 2247 ultra
1385 2220 1512 2247 avum
1531 2212 1686 2255 essent,

140 2279 209 2321 vel
248 2279 353 2320 nihil
393 2279 462 2321 vel
505 2294 555 2321 ea
593 2294 703 2334 quae
745 2279 889 2328 nollet,
932 2278 1098 2320 tradere
1138 2278 1343 2333 potuisse.
1403 2277 1550 2331 Quare
1590 2292 1688 2319 cum

138 2366 246 2394 avus
279 2351 471 2407 Augusti
499 2352 588 2393 fere
623 2359 758 2394 aetate
789 2351 959 2400 vixerit,
991 2349 1209 2406 probabile
1240 2357 1305 2392 est
1339 2365 1451 2400 eum,
1488 2364 1586 2391 cum
1617 2364 1687 2391 co-

137 2423 251 2465 lonia
294 2423 456 2465 Forum
504 2423 664 2465 Iulium
710 2423 967 2465 conderetur
1013 2423 1087 2477 (cf.
1127 2420 1366 2464 Comment.
1409 2421 1629 2477 epigraph.
1665 2422 1688 2464 I

139 2511 180 2552 p.
208 2496 324 2550 315),
361 2511 414 2551 ex
446 2494 585 2538 Gallis
617 2496 896 2552 popularibus
937 2510 1031 2537 esse
1062 2494 1257 2543 ascitum,
1288 2494 1458 2536 civitate
1485 2493 1687 2535 donatum

135 2568 485 2624 appellatumque
520 2565 570 2609 C.
588 2568 762 2618 Iulium,
794 2576 886 2610 tum
915 2567 1129 2608 industria
1157 2566 1212 2607 ad
1241 2566 1557 2622 procurationes
1589 2580 1687 2620 per-

139 2639 325 2682 venisse.
380 2639 508 2681 Pater
548 2646 689 2681 autem
733 2639 974 2683 Graecinus
1019 2638 1220 2694 quoniam
1255 2653 1362 2679 avus
1400 2637 1485 2679 iam
1523 2644 1687 2678 tantum

140 2711 322 2767 adeptus
363 2719 465 2760 erat,
507 2713 703 2766 quamvis
743 2711 1103 2754 Foroiuliensium
1144 2709 1309 2751 colonia
1346 2710 1439 2751 iure
1477 2708 1688 2750 honorum

141 2789 315 2832 careret,
363 2781 608 2837 singillatim
648 2783 701 2825 ab
735 2783 910 2826 Tiberio
951 2784 994 2824 in
1038 2789 1231 2824 senatum
1270 2776 1447 2823 allectus
1480 2788 1544 2822 est
1582 2781 1685 2823 faci-

143 2854 316 2910 lemque
342 2854 572 2912 Agricolae
603 2855 691 2897 filio
723 2871 985 2898 summorum
1016 2855 1226 2897 honorum
1254 2868 1426 2896 cursum
1453 2852 1637 2909 reliquit.
