1846 3100
568 149 621 181 De
647 149 817 182 dictatoris
843 149 1000 183 Caesaris
1025 150 1222 184 honoribus.
1583 151 1664 195 225

119 257 164 298 in
195 256 451 313 Hispaniam
481 256 777 314 proficiscens)
818 258 885 298 καὶ
921 259 1071 303 ὕπατος
1106 259 1183 315 ὀψέ
1214 275 1311 302 ποτε
1341 262 1407 303 καὶ
1438 261 1504 302 ἐπ’
1536 263 1665 319 ἐξόδῳ

119 333 190 371 τοῦ
227 328 343 375 ἔτους
377 330 603 385 ἀπεδείχθη
646 333 716 370 τοῦ
750 330 926 370 Λεπίδου
970 330 1010 370 ἐν
1049 334 1100 385 τῇ
1137 332 1334 387 ἱππαρχίᾳ
1364 335 1430 375 τὸν
1463 336 1591 389 δῆμον
1625 336 1666 380 ἐς

119 404 237 442 τοῦτο
272 401 590 456 συναγαγόντοςτ
623 402 816 458 profecto
846 402 930 444 iam
957 400 1142 444 Caesare
1175 418 1274 445 cum
1302 404 1408 446 nulli
1435 405 1479 447 in
1507 422 1666 449 annum

117 472 419 528 insequentum
442 473 718 529 magistratus
747 474 918 516 curules
943 474 1044 516 facti
1065 482 1221 525 essent,
1247 475 1442 532 Lepidus
1465 479 1664 522 extremis

118 545 272 588 diebus
300 546 488 601 reliquos
518 546 692 601 quidem
723 547 999 602 magistratus
1035 561 1118 588 non
1158 548 1317 589 creavit
1355 550 1514 606 (nullos
1553 552 1665 593 enim

117 624 218 659 tunc
252 618 388 660 factos
428 633 523 660 esse
559 618 759 660 novimus
797 618 971 674 Dioque
1006 619 1096 675 ipse
1133 616 1331 662 Caesaris
1370 621 1500 678 unius
1537 639 1666 666 causa

118 690 323 746 populum
355 697 637 733 convocatum
668 706 763 733 esse
794 691 894 746 ait),
938 692 1014 733 sed
1048 707 1183 733 unum
1214 699 1379 734 tantum
1409 694 1528 735 illum
1562 710 1663 738 con-

118 762 255 804 sulem
296 762 552 818 designavit.
611 763 786 806 Poterat
814 764 947 819 igitur
978 762 1138 806 Caesar
1168 764 1274 820 ipsis
1309 765 1408 807 Kal.
1440 767 1529 808 Ian.
1562 782 1664 809 con-

118 834 282 876 sulatus
321 835 509 891 insignia
551 851 742 885 sumere,
788 836 864 878 sed
907 843 1131 877 contentus
1175 835 1387 879 dictatura
1429 838 1663 890 decennali,

116 920 224 961 quae
261 907 479 963 superiore
517 923 627 950 anno
666 907 838 950 decreta
873 916 981 958 erat,
1021 908 1158 949 noluit
1194 923 1376 951 sumere.
1440 911 1492 952 Id
1520 919 1662 968 aperte

115 979 348 1021 ostendunt
378 980 475 1021 fasti
507 979 751 1036 Capitolini,
782 980 824 1021 in
850 980 1007 1036 quibus
1035 988 1213 1035 quartus
1237 982 1484 1025 consulatus
1512 984 1662 1026 eodem

115 1066 225 1093 anno
253 1052 486 1094 collocatur
517 1067 613 1094 cum
645 1053 766 1095 tertia
796 1052 1028 1102 dictatura,
1065 1067 1173 1108 quae
1204 1069 1302 1095 cum
1331 1069 1414 1096 non
1445 1055 1544 1097 Kal.
1572 1056 1662 1098 Ian.

115 1131 315 1180 suscepta
355 1125 432 1175 sit,
477 1125 725 1167 consulatus
764 1133 860 1181 post
896 1126 995 1167 Kal.
1027 1126 1115 1167 lan.
1158 1134 1354 1181 sumptus
1394 1127 1448 1169 sit
1483 1136 1662 1183 oportet,

115 1196 419 1252 confirmatque
447 1197 655 1239 fastorum
686 1197 1041 1254 significationem
1065 1197 1351 1240 certissimum
1370 1199 1523 1242 Dionis
1542 1201 1662 1242 testi-

116 1269 321 1310 monium.
393 1269 567 1311 Etenim
604 1270 701 1312 libr.
736 1270 919 1320 XLIII,
962 1270 1013 1312 45
1052 1277 1215 1320 narrat,
1256 1279 1483 1326 postquam
1525 1272 1662 1328 pridie

116 1341 274 1384 Parilia
283 1341 463 1384 Romam
476 1342 653 1384 nuntius
668 1342 721 1384 de
737 1343 912 1384 victoria
923 1342 1160 1384 Mundensi
1173 1342 1325 1385 allatus
1339 1350 1416 1394 est,
1432 1342 1662 1386 Caesarem

115 1415 336 1456 consulem
370 1415 414 1456 in
454 1415 603 1456 decem
641 1429 773 1456 annos
804 1429 898 1456 esse
929 1421 1117 1456 creatum
1151 1416 1236 1467 (καὶ
1265 1416 1414 1457 ὕπατον
1437 1417 1566 1458 αὐτὸν
1597 1417 1662 1458 ἐπὶ

116 1486 215 1527 δέκα
247 1485 332 1541 ἔτη,
365 1488 469 1527 ὥστε
498 1488 564 1527 καὶ
596 1489 820 1541 δικτάτωρα
851 1486 1063 1542 πρότερον,
1095 1488 1471 1542 προεχειρίσαντο),
1506 1488 1661 1531 deinde

115 1573 150 1600 c.
178 1558 231 1601 46
262 1558 368 1600 haec
404 1558 545 1601 addit:
591 1560 659 1612 τὴν
690 1559 724 1599 δ’
755 1557 824 1598 οὖν
858 1559 987 1613 ἀρχὴν
1020 1559 1089 1613 τὴν
1125 1559 1275 1599 ὕπατον
1306 1564 1560 1615 παραχρῆμα
1590 1562 1660 1615 μὲν

113 1632 180 1671 καὶ
204 1632 293 1685 πρὶν
325 1632 366 1675 ἐς
387 1632 456 1685 τὴν
484 1630 600 1671 πόλιν
626 1630 804 1674 ἐςελθεῖν
834 1629 1047 1686 ἀνέλαβεν,
1080 1631 1128 1672 οὐ
1160 1630 1294 1685 μέντοι
1326 1632 1392 1672 καὶ
1425 1632 1491 1672 διὰ
1519 1632 1663 1676 τέλους

115 1701 261 1757 ἔσχεν,
308 1702 399 1742 ἀλλ’
443 1702 483 1742 ἐν
523 1705 574 1757 τῇ
600 1700 748 1756 Ῥώμῃ
789 1701 1007 1755 γενόμενος
1046 1704 1194 1744 ἀπεῖπε
1233 1718 1274 1743 τε
1313 1703 1436 1758 αὐτὴν
1477 1704 1543 1744 καὶ
1582 1710 1661 1746 cet.

114 1773 260 1815 Huius
287 1773 421 1829 igitur
450 1774 549 1815 anni
575 1773 682 1816 ratio
715 1788 798 1814 non
829 1772 1036 1815 absimilis
1071 1781 1133 1816 est
1164 1774 1218 1817 ab
1250 1790 1360 1818 anno
1392 1775 1458 1825 47,
1492 1775 1546 1817 de
1575 1791 1661 1831 quo

115 1846 327 1888 diximus:
367 1846 566 1888 decretus
595 1853 684 1888 erat
713 1845 976 1895 consulatus,
1008 1860 1136 1900 quem
1166 1862 1251 1888 non
1280 1847 1453 1903 recepit,
1486 1847 1562 1889 sed
1593 1862 1661 1890 re-

115 1918 228 1974 cepit
254 1933 307 1960 ex
338 1918 421 1960 alia
447 1918 566 1973 lege:
611 1933 690 1960 nec
719 1918 909 1968 mirarer,
942 1918 977 1960 si
1008 1917 1090 1960 hoc
1119 1934 1289 1974 quoque
1322 1920 1530 1962 fastorum
1563 1934 1661 1961 cum

73 1987 76 1991 ’
114 1990 299 2032 nummis
325 1990 503 2045 aliisque
532 1989 779 2032 auctoribus
810 1989 1096 2046 discrepantia
1123 1991 1324 2033 existeret
1349 2006 1488 2047 neque
1518 1991 1660 2047 suspi-

115 2062 280 2105 cionem
317 2062 448 2104 ullam
487 2077 725 2112 moverem,
771 2062 806 2104 si
846 2062 890 2103 in
927 2062 1114 2104 nummis
1156 2063 1424 2106 consulatum
1462 2070 1660 2118 quartum

115 2149 213 2177 oum
239 2134 450 2176 dictatura
477 2133 602 2176 tertia
629 2135 832 2190 coniungi
860 2134 1118 2190 omninoque
1137 2135 1310 2177 ineunte
1330 2151 1441 2178 anno
1464 2136 1513 2178 45
1543 2151 1659 2178 com-

115 2206 338 2249 memorari
368 2206 572 2248 viderem.
640 2204 729 2248 Sed
758 2206 865 2248 nulli
895 2207 1000 2249 tales
1031 2207 1324 2261 reperiuntur,
1357 2223 1469 2258 eam,
1497 2209 1659 2263 opinor,

115 2278 170 2320 ob
190 2293 376 2328 causam,
405 2278 522 2334 quod
548 2293 621 2333 per
642 2278 945 2321 brevissimum
964 2286 1133 2334 tempus
1152 2278 1222 2320 hic
1240 2279 1486 2321 consulatus
1510 2287 1659 2335 gestus

116 2358 191 2392 est.
254 2349 470 2402 Quattuor
499 2351 611 2392 enim
641 2350 729 2392 fere
761 2350 830 2393 vel
867 2350 1056 2406 quinque
1089 2365 1258 2392 menses
1292 2348 1521 2392 Caesarem
1558 2366 1659 2392 con—

116 2423 252 2465 sulem
278 2422 344 2465 IV
374 2422 509 2464 fuisse
542 2421 736 2472 invenio,
778 2422 812 2464 si
840 2422 1071 2478 plurimum
1100 2437 1332 2464 sumamus.
1391 2422 1501 2464 Nam
1530 2423 1659 2465 facia-

116 2509 211 2536 mus
241 2494 404 2536 Romae
437 2493 578 2535 statim
608 2501 705 2549 post
734 2495 933 2536 nuntium
962 2493 1162 2535 victoriae
1202 2494 1472 2536 consulatum
1510 2494 1660 2536 decem

115 2582 323 2610 annorum
345 2565 384 2608 ei
403 2565 637 2615 decretum,
665 2563 978 2621 Caesaremque
1008 2565 1149 2608 statim
1170 2572 1267 2621 post
1283 2565 1480 2607 nuntium
1499 2566 1660 2608 decreti

114 2638 292 2680 relatum
323 2637 510 2692 insignia
540 2637 787 2680 consulatus
822 2639 1080 2695 sumpsisse,
1114 2638 1288 2679 ineunte
1316 2637 1406 2679 fere
1432 2637 1551 2679 Maio
1576 2638 1659 2679 ini-

117 2709 224 2751 tium
251 2710 498 2752 consulatus
529 2709 668 2764 quarti
695 2709 978 2752 constituetur
987 2727 998 2761 3
1027 2710 1156 2752 finem
1176 2716 1319 2751 autem
1336 2709 1471 2751 fuisse
1495 2717 1660 2751 constat

117 2778 364 2832 Octobrem,
395 2796 480 2837 quo
507 2796 604 2824 eum
631 2781 812 2823 Romam
842 2783 1070 2826 revertisse
1096 2781 1289 2824 Velleius
1307 2781 1365 2830 ΙΙ,
1392 2781 1446 2823 56
1470 2781 1547 2831 ait;
1582 2781 1660 2826 sed

116 2866 196 2894 nec
224 2854 364 2895 statim
397 2854 451 2897 de
483 2854 709 2897 consulatu
739 2852 888 2896 decem
918 2870 1125 2898 annorum
1153 2853 1371 2896 decretum
1406 2869 1486 2896 nec
1518 2854 1660 2897 statim

1341 2925 1390 2967 15
