1846 3100
192 153 275 197 278
600 157 655 188 De
682 156 817 198 legibus
843 158 1106 199 municipalibus
1131 158 1337 201 Hispanicis.

188 267 344 316 lentur,
374 272 540 309 tantum
570 265 863 316 Latinitatem,
889 280 1126 322 verumque
1153 266 1221 318 sit,
1248 269 1365 324 quod
1390 270 1499 314 falso
1527 273 1741 324 statuitur,

187 338 422 395 municipia
450 353 545 381 esse
574 352 701 394 posse
718 337 864 380 Latini
889 338 1018 380 iuris:
1054 345 1168 381 certe
1192 350 1445 397 acceperant
1463 343 1740 388 Latinitatem

185 426 297 454 anno
325 412 375 455 71
409 427 451 468 p.
481 409 607 461 Chr.,
639 425 725 466 quo
755 410 1002 453 universam
1031 411 1288 468 Hispaniam
1318 413 1370 456 ab
1400 414 1667 472 Vespasiano
1696 418 1741 460 in

185 484 302 526 Latii
331 484 400 526 ius
431 484 669 527 traductam
698 497 793 526 esse
820 490 1004 525 constat:
1040 500 1064 526 a
1085 499 1171 540 quo
1202 500 1312 527 anno
1337 501 1476 543 usque
1504 488 1559 532 ad
1581 503 1740 532 annum

185 557 252 607 83,
283 571 369 612 quo
401 556 480 598 hae
506 555 677 599 tabulae
700 556 883 612 scriptae
908 564 1028 606 sunt,
1065 557 1371 613 praeterierant
1397 560 1600 603 undecim
1623 562 1737 604 anni.

183 629 339 671 Nonne
377 628 532 686 igitur,
576 643 675 671 cum
713 628 803 672 bini
844 630 1072 684 quotannis
1110 629 1260 680 IIviri‚
1305 630 1394 673 bini
1423 633 1606 684 aediles,
1650 633 1739 676 bini

184 708 434 758 quaestores
463 701 627 751 fierent,
654 708 767 743 certe
796 700 974 757 triginta
998 700 1182 743 familiae
1209 702 1254 744 in
1271 703 1487 747 civitatem
1502 704 1739 749 Romanam

183 774 268 816 iam
306 773 590 816 transierant?
646 772 747 827 Qua
782 773 826 815 in
864 773 1202 830 computatione,
1241 790 1295 817 ne
1326 777 1430 831 quid
1462 778 1579 832 quod
1611 780 1738 836 paulo

182 846 389 889 incertius
419 853 533 888 esset
564 852 865 896 statueremus,
897 861 983 888 non
1015 846 1368 900 existimavimus,
1401 865 1498 892 cum
1528 850 1737 895 Latinitas

182 919 358 975 reliquis
375 919 563 969 daretur,
582 918 708 960 simul
725 917 1006 960 nobilioribus
1024 918 1284 974 quibusdam
1300 922 1471 964 familiis
1488 923 1630 966 datam
1643 939 1737 968 esse

183 992 412 1034 civitatem.
452 991 507 1034 Id
536 991 650 1033 enim
675 990 766 1033 fieri
797 990 960 1033 solebat
985 1006 1077 1033 eam
1104 993 1256 1049 ipsam,
1286 994 1450 1050 opinor,
1476 995 1532 1038 ob
1550 1011 1736 1047 causam,

181 1071 230 1107 ut
259 1070 427 1115 essent,
469 1079 523 1107 ex
552 1063 711 1120 quibus
742 1063 834 1105 sine
865 1063 1050 1106 civitatis
1080 1065 1307 1121 largitione
1338 1067 1615 1122 magistratus
1644 1083 1736 1112 cre-

182 1144 370 1186 arentur,
399 1137 679 1193 exemploque
706 1141 846 1192 potest
872 1150 967 1178 esse
985 1135 1376 1181 Novocomensium
1402 1139 1580 1190 colonia,
1607 1155 1735 1196 quam

183 1208 345 1252 Caesar
370 1209 552 1251 dictator
577 1224 675 1251 cum
703 1208 919 1258 conderet,
948 1208 1195 1265 quingentis
1220 1211 1394 1253 familiis
1406 1211 1600 1263 Graecis,
1627 1228 1734 1269 quas

183 1281 448 1332 deducebat,
489 1282 704 1324 civitatem
736 1281 979 1338 impertisse
1011 1281 1170 1323 dicitur
1211 1280 1470 1334 (Comment.
1498 1285 1521 1327 I
1551 1301 1591 1342 p.
1620 1285 1734 1341 308).

182 1355 354 1396 Fecerit
382 1354 429 1396 id
458 1354 530 1396 ille
562 1354 786 1397 ambitiose
817 1361 858 1396 et
890 1354 1004 1396 ultra
1032 1354 1343 1412 praescriptum
1384 1356 1468 1410 (sic
1499 1357 1611 1400 enim
1641 1357 1734 1401 eius

179 1427 338 1469 inimici
363 1425 742 1481 criminabantur):
770 1424 1030 1481 quibusdam
1058 1442 1156 1468 eum
1183 1427 1396 1471 civitatem
1419 1429 1567 1486 largiri
1592 1438 1633 1472 et
1658 1430 1734 1480 de-

178 1499 327 1541 buisse
359 1506 399 1540 et
429 1499 620 1555 potuisse
653 1505 832 1541 constat.
890 1497 1037 1552 Quare
1070 1499 1161 1542 sive
1186 1499 1331 1543 Latini
1361 1501 1468 1544 iuris
1498 1509 1618 1545 erant
1637 1500 1733 1546 Sal-

179 1587 311 1628 pensa
342 1571 597 1628 Malacaque
634 1572 724 1614 sive
764 1572 935 1614 civitate
964 1571 1158 1614 Romana
1192 1573 1429 1628 praeditae,
1471 1589 1567 1617 esse
1605 1575 1650 1618 in
1679 1576 1732 1619 iis

178 1642 400 1701 oportebat
419 1644 535 1687 cives
554 1644 786 1695 Romanos,
814 1643 973 1700 quibus
988 1643 1160 1700 legibus
1179 1645 1525 1702 municipalibus,
1551 1662 1733 1703 quarum

176 1717 419 1773 fragmenta
448 1724 694 1773 supersunt,
726 1715 1102 1772 praescriberetur.
1162 1717 1284 1771 Quas
1314 1719 1350 1760 si
1382 1718 1636 1763 haberemus
1665 1721 1732 1764 in-

177 1796 336 1847 tegras,
367 1789 437 1832 vel
466 1789 502 1831 si
530 1788 654 1831 initia
685 1795 799 1831 certe
825 1788 973 1845 legum
1005 1789 1060 1831 ad
1086 1804 1166 1832 nos
1197 1791 1506 1846 pervenissent,
1537 1799 1652 1836 certa
1665 1793 1731 1836 in-

176 1862 425 1904 venirentur
463 1861 730 1911 testimonia,
768 1876 877 1917 quae
913 1861 1029 1904 cives
1058 1861 1271 1905 Romanos
1300 1863 1343 1905 in
1372 1863 1458 1906 illis
1487 1866 1730 1923 municipiis

175 1934 311 1976 fuisse
348 1934 640 1984 ostenderent3
686 1948 803 1975 nunc
840 1933 1008 1976 nullum
1045 1942 1123 1976 est.
1186 1935 1295 1978 Nam
1332 1936 1376 1977 in
1407 1937 1517 1979 aeris
1550 1937 1729 1995 Salpen-

177 2007 269 2049 sani
299 2021 391 2063 cap,
419 2006 566 2049 XXII
596 2013 637 2048 et
662 2006 830 2048 XXIII
849 2007 914 2049 -de
945 2007 998 2049 iis
1030 2014 1215 2058 tantum,
1256 2009 1329 2064 qui
1357 2010 1576 2052 consecuti
1605 2018 1730 2054 erunt

175 2079 412 2128 civitatem,
443 2094 531 2121 non
559 2078 613 2121 de
641 2078 719 2128 iis,
750 2079 824 2135 qui
852 2079 937 2122 iam
967 2080 1183 2122 consecuti
1214 2088 1334 2132 sunt,
1368 2081 1582 2124 scribitur.
1639 2082 1728 2126 Ve-

174 2158 401 2194 runtamen
433 2151 469 2193 si
499 2151 656 2194 Latina
691 2151 849 2208 oppida
883 2167 969 2194 non
1004 2153 1147 2194 minus
1175 2167 1303 2208 quam
1333 2154 1503 2197 civitate
1534 2154 1730 2200 Romana

174 2224 369 2281 praedita
393 2223 607 2267 habebant
633 2231 675 2266 et
707 2224 823 2267 cives
853 2225 1068 2268 Romanos
1095 2232 1136 2267 et
1162 2225 1340 2268 Latinos
1369 2226 1581 2278 homines,
1611 2228 1727 2271 unde

175 2296 363 2347 tandem,
395 2296 535 2338 utrius
563 2296 733 2353 generis
765 2312 960 2353 quaeque
989 2297 1139 2340 civitas
1168 2298 1299 2340 fuerit
1325 2298 1544 2342 discetur?
1590 2301 1726 2344 Nimi-

174 2384 269 2411 rum
297 2384 350 2411 ex
379 2369 552 2418 maiore,
580 2375 629 2410 ut
651 2368 863 2420 videatur,
893 2369 1114 2412 hominum
1140 2376 1274 2425 parte,
1300 2385 1409 2426 quae
1430 2370 1505 2414 ubi
1523 2372 1725 2416 Latinum

172 2441 242 2483 ius
273 2440 441 2491 habeat,
472 2440 676 2483 Latinum
708 2441 763 2483 sit
793 2442 1013 2498 oppidum,
1044 2442 1119 2485 ubi
1150 2442 1320 2485 civitate
1348 2443 1539 2487 Romana
1566 2453 1725 2497 utatur,

171 2513 218 2555 id
257 2513 487 2563 habeatur,
528 2514 646 2569 quod
685 2514 827 2556 adhuc
859 2514 1122 2557 credidimus
1154 2530 1248 2558 esse
1283 2516 1578 2573 municipium.
1632 2518 1725 2561 Iam
1783 2532 1788 2537 ·

171 2586 216 2627 in
244 2586 353 2628 aeris
382 2585 638 2643 Salpensani
667 2601 757 2643 cap.
783 2586 994 2629 XXVIII
1023 2586 1126 2629 haec
1157 2595 1275 2629 sunt:
1322 2591 1372 2630 Si
1397 2592 1487 2642 quis
1516 2593 1724 2644 municeps

172 2661 379 2711 municipi
416 2661 540 2700 Flavi
571 2661 824 2713 Salpensaui
865 2662 937 2714 qui
973 2661 1157 2700 Latinus
1194 2663 1276 2701 erit
1312 2663 1429 2714 apud
1467 2663 1614 2703 IIviros
1652 2665 1726 2716 qui

171 2733 263 2771 iure
298 2731 477 2772 dicundo
511 2738 742 2785 praeerunt
775 2734 861 2772 eius
898 2733 1120 2785 municipi,
1172 2747 1325 2774 servom
1363 2748 1476 2774 suom
1518 2748 1723 2776 servamve

170 2817 288 2844 suam
317 2818 369 2843 ex
397 2805 590 2844 servitute
617 2806 663 2844 iu
691 2803 903 2855 libertate(
900 2818 940 2843 m
936 2807 963 2856 )
993 2807 1281 2846 manumz'serz‘t
1310 2805 1480 2847 liberum
1505 2805 1722 2848 lz'beramne

171 2889 250 2915 esse
279 2877 445 2916 iusserit
469 2899 520 2906 --
554 2878 628 2930 qui
654 2878 715 2916 ita
743 2878 1018 2916 manumissus
1048 2876 1196 2918 liber-ve
1223 2891 1302 2917 esse
1328 2879 1460 2918 iussus
1487 2881 1587 2928 erit,
1620 2879 1720 2920 liber
