1846 3100
197 144 278 188 354
617 146 672 178 De
698 147 945 189 propagatione
969 147 1113 180 civitatis
1139 147 1327 180 Romanae.

196 256 415 298 vissimam
453 260 639 297 mutatae
667 253 913 296 Latinitatis
943 253 1230 310 suspicionem
1265 253 1350 304 dat,
1388 268 1438 296 ac
1477 269 1562 296 non
1590 268 1744 311 perpe-

195 336 316 370 tuum
345 326 453 370 illud
481 326 727 369 Latinitatis
754 325 823 384 ius
851 325 986 368 fuisse
1009 325 1256 382 significat?
1300 325 1639 381 Quamquamin
1663 326 1745 369 hoo

197 414 355 456 genere
394 399 475 441 alia
512 413 651 455 nuper
689 398 883 453 quaestio
913 405 1028 440 mota
1058 404 1137 447 est,
1175 413 1308 454 parva
1345 398 1418 440 illa
1447 398 1636 454 quidem,
1669 398 1745 440 sed

194 471 378 528 insignis
409 478 564 521 tamen,
594 485 703 526 quae
733 470 816 512 hoc
839 471 934 513 loco
952 485 1037 512 non
1056 477 1146 512 erat
1165 470 1552 527 praetermittenda.
1587 470 1745 513 Utrum

195 545 307 586 enim
337 544 412 600 qui
440 544 738 599 magistratum
769 542 988 599 gerebant,
1021 558 1118 584 cum
1148 543 1243 599 ipso
1261 542 1512 597 magistratu
1531 542 1745 585 civitatem

194 616 431 659 Romanam
465 615 851 670 consequebantur,
890 630 943 657 an
983 622 1105 671 gesto
1147 614 1321 656 demum
1365 613 1648 670 magistratu?
1696 613 1745 656 ld

194 688 289 731 leve
321 694 398 738 est,
435 694 483 729 ut
510 687 734 737 diximus,
755 687 831 729 sed
867 686 1027 743 pendet
1064 686 1166 728 inde
1197 686 1542 743 supplementum
1575 685 1746 728 tabulae

197 759 486 816 Salpensanae
510 774 649 815 nuper
674 759 719 801 in
749 759 960 816 Hispania
988 766 1192 815 repertae.
1239 757 1379 801 Cuius
1405 758 1591 815 primum
1619 765 1747 814 caput

199 847 298 875 cum
329 831 383 874 ab
413 832 534 874 initio
559 846 757 874 mancum
791 832 860 881 sit,
890 832 950 874 ita
976 831 1173 887 expletur
1201 847 1226 873 a
1255 831 1336 873 Th.
1353 830 1652 880 Mommsenio,
1672 830 1746 885 qui

195 905 360 961 primus
391 904 434 946 in
457 903 688 946 Germania
718 903 854 945 edidit
884 911 926 945 et
952 903 1253 950 commentario
1277 903 1501 945 instruxit:
1533 905 1616 950 Qui
1643 906 1747 944 Ilvir

196 978 340 1018 aedilis
369 982 557 1031 quaestor
583 992 633 1017 ex
662 978 740 1017 lmc
765 978 852 1029 lege
872 981 1022 1029 factus
1053 980 1145 1024 erit,
1172 979 1276 1017 cives
1295 977 1478 1017 Romani
1493 982 1626 1026 sunto,
1652 990 1744 1016 cum
1802 1008 1804 1011 >

191 1056 285 1102 post
313 1064 473 1089 annum
506 1049 786 1102 magistratu]
814 1048 1004 1097 abierint,
1035 1062 1127 1088 cum
1164 1047 1404 1102 parentibus
1432 1048 1748 1101 coniugibusque

178 1136 246 1167 ,με
273 1122 420 1171 liberis,
446 1123 519 1173 qui
542 1122 751 1173 legitumis
780 1122 938 1174 nuptiis
964 1123 1140 1174 quaesiti
1168 1123 1214 1161 in
1238 1126 1480 1173 potestatem
1505 1122 1745 1173 parentium

183 1194 318 1246 fuer(
319 1196 415 1244 z')nt‚
444 1196 540 1233 item
569 1191 779 1245 nepotibus
808 1208 858 1234 ac
885 1192 1071 1246 neptibus
1088 1194 1185 1243 filio
1215 1196 1315 1242 nat(
1315 1194 1348 1232 is
1343 1196 1384 1244 ),
1409 1194 1483 1244 qui
1505 1205 1683 1244 quaeque
1701 1194 1746 1231 in

190 1271 389 1318 potestate
430 1267 671 1318 parentium
710 1263 890 1314 fuerint,
925 1266 1076 1305 dumne
1106 1266 1249 1317 plures
1286 1266 1388 1304 cives
1431 1265 1614 1304 Romani
1648 1266 1743 1312 sint,

196 1342 365 1390 qua(m)
394 1338 503 1391 quod
536 1351 587 1376 ea:
612 1338 691 1377 lmc
727 1339 813 1389 lege
847 1340 1120 1389 magistratus
1148 1351 1288 1376 creare
1325 1341 1492 1388 oportet,
1541 1334 1747 1377 Movebat

196 1409 335 1450 virum
363 1408 671 1456 doctissimum,
701 1415 749 1449 ut
778 1408 942 1464 opinor,
974 1408 1157 1450 maxime
1191 1406 1380 1450 abeundi
1411 1405 1605 1456 verbum,
1630 1406 1746 1462 quod

197 1495 283 1536 qua
317 1480 400 1522 alia
431 1480 595 1522 ratione
631 1479 836 1535 explicari
871 1486 1032 1535 posset,
1070 1479 1299 1522 nesciebat.
1354 1478 1446 1520 Nec
1482 1486 1620 1520 tamen
1653 1478 1746 1535 ipse

195 1559 378 1609 quantae
411 1553 456 1594 in
491 1552 558 1594 his
597 1551 906 1608 supplementis
946 1551 1221 1594 difficultates
1248 1557 1404 1600 essent,
1436 1549 1746 1593 dissimulabat.

195 1624 259 1666 Ne
278 1625 391 1667 enim
414 1624 468 1666 de
483 1625 578 1680 ipsa
601 1624 674 1666 illa
689 1623 933 1666 coniectura
953 1623 1107 1674 dicam,
1123 1638 1208 1678 qua
1228 1623 1475 1679 perfunctos
1494 1622 1745 1678 magistratu

194 1697 374 1740 Latinos
395 1697 450 1739 ad
467 1697 682 1739 civitatem
696 1696 932 1738 Romanam
957 1695 1205 1752 pervenisse
1223 1701 1357 1751 putat,
1378 1709 1487 1749 quae
1505 1693 1748 1736 coniectura

194 1769 314 1812 nullo
331 1777 406 1811 aut
424 1775 675 1825 argumento
699 1777 772 1809 aut
787 1767 1030 1809 testimonio
1052 1767 1293 1810 confirmari
1317 1773 1469 1823 potest,
1490 1773 1602 1808 certe
1622 1765 1745 1816 illud,

193 1842 310 1898 quod
341 1842 463 1884 addit
488 1849 581 1895 post
610 1856 785 1890 annum,
813 1847 887 1882 aut
910 1840 1060 1882 inutile
1094 1847 1159 1882 est
1182 1847 1256 1882 aut
1284 1839 1454 1882 falsum.
1499 1838 1601 1880 Alio
1633 1837 1745 1880 enim

197 1915 334 1971 capite
362 1915 473 1970 legis
502 1912 773 1969 municipalis
810 1912 863 1954 de
896 1919 1082 1968 tempore
1110 1911 1438 1967 magistratuum
1469 1909 1745 1966 comprehen-

196 1986 326 2036 ditur,
357 1994 405 2028 ut
435 1986 511 2042 qui
549 1985 678 2027 creati
716 1984 813 2034 sint,
852 1991 926 2026 aut
961 1998 1118 2025 annum
1151 1990 1226 2025 aut
1256 1983 1292 2025 si
1326 1983 1370 2025 in
1399 1982 1574 2025 alterius
1603 1982 1744 2024 locum

196 2058 324 2100 creati
361 2057 459 2108 sint,
484 2057 650 2112 reliqua
677 2064 797 2112 parte
823 2056 917 2098 eius
945 2056 1045 2097 anni
1074 2055 1118 2096 in
1149 2055 1403 2110 magistratu
1425 2055 1510 2096 sint
1532 2053 1641 2108 (vid.
1657 2053 1745 2109 leg.

194 2130 384 2172 Malacit.
418 2144 511 2186 cap.
542 2129 663 2184 LII),
705 2129 835 2184 idque
878 2128 980 2170 satis
1018 2135 1108 2170 erat
1140 2141 1280 2182 neque
1316 2126 1494 2168 ferenda
1521 2132 1636 2168 tanta
1662 2124 1745 2167 ini-

196 2202 362 2258 quitas,
397 2202 433 2244 si
469 2201 567 2258 quis
606 2201 705 2242 Kal.
737 2200 827 2242 Ian.
857 2200 1021 2250 inisset,
1058 2206 1107 2240 ut
1138 2198 1254 2241 civis*
1273 2199 1494 2240 Romanus
1532 2197 1666 2247 fieret,
1707 2195 1743 2239 si

195 2275 293 2330 quis
312 2289 390 2331 per
414 2288 560 2317 casum
584 2273 769 2329 aliquem
793 2271 945 2313 Idibus
966 2271 1070 2322 Ian„
1095 2271 1132 2312 is
1157 2286 1242 2312 non
1265 2271 1398 2313 fieret.
1435 2270 1606 2312 Deinde
1628 2268 1746 2325 quod

195 2361 280 2388 non
316 2347 435 2402 ipsos
465 2345 607 2395 modo,
638 2345 710 2400 qui
747 2345 1023 2400 magistratus
1055 2351 1296 2399 gesserunt,
1327 2343 1403 2384 sed
1429 2341 1588 2384 liberos
1618 2341 1745 2384 etiam

197 2418 367 2460 civitate
405 2418 465 2460 ita
500 2418 679 2460 donatos
718 2432 812 2459 esse
856 2417 961 2466 vult,
1004 2424 1117 2458 certe
1159 2430 1335 2471 prorsus
1377 2428 1744 2471 supervacaneum

199 2499 288 2532 erat
321 2490 489 2540 sanciri,
530 2489 630 2545 quia
668 2496 788 2545 patre
829 2489 874 2530 in
913 2488 1128 2531 civitatem
1165 2494 1411 2530 transeunte
1451 2487 1608 2530 liberos
1643 2487 1744 2528 item

195 2562 374 2604 transire
408 2569 559 2618 sponte
589 2561 862 2617 intelligitur:
905 2560 1021 2615 quod
1050 2575 1152 2602 vero
1186 2567 1383 2616 parentes
1415 2560 1542 2602 etiam
1574 2558 1744 2601 civitate

194 2634 388 2677 Romana
416 2634 566 2690 augeri
596 2633 712 2683 facit,
742 2633 802 2675 ita
832 2647 927 2674 cum
958 2646 1072 2674 more
1098 2632 1291 2674 Romano
1311 2639 1487 2688 pugnat,
1513 2639 1561 2673 ut
1577 2631 1744 2673 nullum

197 2707 333 2749 simile
371 2706 612 2762 exemplum
651 2705 793 2747 afferri
829 2705 978 2760 possit.
1031 2704 1230 2759 Denique
1261 2718 1371 2758 quae
1410 2709 1598 2746 extrema
1629 2710 1742 2753 sunt,

195 2794 248 2820 ne
279 2779 425 2835 plures
453 2779 569 2820 cives
602 2777 783 2820 Romani
816 2777 900 2818 sint
928 2791 1055 2831 quam
1085 2776 1361 2832 magistratus
1400 2782 1610 2825 creentur,
1638 2774 1743 2816 ridi-

197 2851 294 2893 cula
319 2865 452 2907 prope
479 2856 580 2893 sunt
606 2864 744 2905 neque
774 2848 966 2905 expediri
994 2863 1123 2905 posse
1149 2848 1229 2891 hac
1257 2849 1419 2891 ratione
1445 2848 1537 2904 ipse
1556 2848 1743 2890 Momm-
