1846 3100
0 1916 14 2301 Ι

0 2309 20 2841 l

497 127 550 159 De
577 127 690 160 Gallia
712 128 946 162 Romanorum
974 130 1146 171 provincia
1173 132 1370 173 appendix*
1621 131 1691 175 161

267 233 328 277 At
354 235 488 278 Dioni
517 236 672 278 erroris
702 250 830 290 quern
857 236 1054 292 opinatur
1080 237 1134 279 de
1158 237 1337 294 imperio
1362 237 1560 283 Caesaris
1590 242 1698 285 duas

154 305 289 349 fuisse
319 322 472 350 causas
502 308 732 351 arbitratur
757 307 1031 350 Hofmannus
1061 324 1102 365 p.
1134 310 1196 352 ¹12.
1248 310 1361 361 Una,
1393 312 1544 368 inquit,
1573 314 1617 355 in
1649 330 1699 356 eo

152 380 293 434 posita
319 387 403 430 est,
437 380 552 436 quod
579 380 839 437 persuadere
870 380 952 422 sibi
977 396 1061 422 non
1091 381 1241 436 potuit,
1267 383 1440 426 Vatinia
1464 385 1561 442 lege
1588 384 1698 429 Cae-

154 451 260 502 sari,
293 451 366 507 qui
395 459 491 494 ante
524 467 679 495 annum
713 453 766 495 58
797 452 1062 508 provinciam
1095 468 1180 495 non
1211 455 1444 510 attigisset,
1486 457 1698 500 deceden-

152 522 257 565 dum
295 524 376 566 iam
417 524 554 567 fuisse
591 539 702 567 anno
734 524 808 575 54,
851 524 880 566 i.
911 540 947 566 e.
989 532 1190 580 quattuor
1228 542 1311 569 non
1353 529 1536 584 amplius
1576 532 1698 573 annis

152 595 337 638 exactis:
384 611 470 652 quo
497 597 658 639 factum
686 604 764 646 est,
794 603 843 638 ut
870 612 1006 638 unum
1035 613 1195 640 annum
1223 614 1350 654 quem
1376 595 1543 643 addidit
1572 603 1698 658 quin-

151 667 337 723 quennio
373 668 525 725 priori,
564 669 618 711 de
655 669 787 711 altero
825 666 1069 712 necessario
1107 671 1360 714 detraheret.
1418 672 1590 716 Scilicet
1619 690 1697 717 nos

150 739 294 781 Dione
323 739 449 796 longe
483 756 631 783 sumus
662 756 806 783 rerum
830 741 1120 784 Romanarum
1147 744 1391 799 peritiores,
1432 746 1561 802 longe
1598 746 1697 788 dili-

151 812 381 868 gentiores,
410 813 539 868 longe
568 812 817 855 melioribus
846 813 1095 856 auctoribus
1123 815 1342 867 instructi,
1375 817 1696 874 explicaturque

150 885 364 940 praeclare
394 900 507 927 unus
534 885 626 927 eius
657 901 775 928 error
803 886 1029 928 statuendo
1058 887 1204 929 altero.
1257 886 1408 931 Altera
1435 890 1488 932 de
1514 890 1696 932 triennio

148 957 354 1012 peccandi
393 972 521 1000 causa
558 958 640 1000 fuit
667 959 710 1000 in
740 958 863 1001 tertio
894 959 985 1002 eius
1019 975 1174 1002 errore.
1231 959 1342 1003 Nam
1370 961 1466 1006 libr.
1493 961 1607 1012 XL,
1643 962 1695 1005 59

149 1028 204 1071 de
231 1044 342 1072 anno
363 1029 413 1072 51
445 1030 507 1073 sic
536 1030 701 1073 scribit:
745 1030 915 1086 ἔπραττε
948 1019 979 1073 3³
1015 1034 1054 1085 (ὁ
1085 1032 1316 1088 Πομπήϊος)
1349 1032 1473 1084 ὅπως,
1507 1034 1600 1074 ὅταν
1628 1036 1694 1075 τὸν

149 1101 369 1156 δεδομένον
411 1104 450 1143 οἱ
485 1102 632 1158 χρόνον
671 1102 875 1160 (Καῖσαρ)
918 1105 1058 1160 ὃιάρξῃ
1098 1107 1234 1157 (τοῦτο
1270 1104 1315 1145 δὲ
1348 1104 1422 1146 οὐκ
1452 1105 1492 1150 ἐς
1524 1105 1695 1161 μακρὰν,

150 1173 242 1214 ἀλλ’
283 1173 406 1219 εὐθὺς
442 1174 482 1215 ἐν
522 1179 579 1231 τῷ
622 1175 776 1231 ὑστέρῳ
815 1176 895 1217 ἔτει
932 1177 1176 1232 γενήσεσθαι
1215 1176 1383 1232 ἔμελλε)
1425 1178 1474 1218 τά
1511 1193 1554 1218 τε
1589 1177 1695 1218 ὅπλα

149 1246 377 1300 κατάθηται
411 1247 477 1288 καὶ
511 1247 754 1289 ἰδιωτεύσων
787 1247 927 1290 οἴκαδε
961 1248 1182 1304 ἐπανέλθῃ.
1238 1249 1347 1291 Item
1377 1246 1550 1291 Caelius
1580 1249 1696 1306 apud

150 1314 305 1360 Cicero
343 1319 465 1374 epist.
491 1319 624 1370 VIII,
664 1320 711 1370 8,
747 1320 772 1363 9
809 1336 920 1363 anno
953 1321 1002 1363 51
1044 1328 1211 1363 narrat:
1261 1323 1339 1362 Illa
1372 1329 1584 1375 praeterea
1625 1324 1697 1365 Cn.

149 1391 335 1443 Pompeii
359 1397 457 1431 sunt
483 1394 771 1432 animadversa
785 1425 794 1443 ‚
824 1408 927 1446 quae
948 1397 1129 1435 maxime
1146 1395 1439 1445 confidentiam
1463 1397 1699 1435 attulerunt

147 1462 395 1510 hominibus,
432 1469 483 1503 ut
521 1465 672 1504 diceret
705 1479 747 1504 se
783 1471 880 1505 ante
921 1466 1008 1507 Cal.
1041 1468 1173 1506 Mart.
1213 1465 1331 1520 (anni
1361 1465 1435 1519 50)
1469 1482 1554 1507 non
1580 1481 1697 1519 posse

147 1535 233 1573 sine
271 1537 431 1574 iniuria
468 1537 515 1576 de
542 1538 768 1588 provinciis
799 1538 985 1579 Caesaris
1013 1544 1215 1586 statuere,
1250 1544 1344 1590 post
1370 1538 1454 1579 Cal.
1488 1541 1618 1580 Mart.
1657 1555 1697 1579 se

148 1620 232 1645 non
261 1606 559 1648 dubitaturum.
623 1608 692 1649 Ex
731 1607 798 1649 his
834 1607 1004 1650 duobus
1038 1608 1144 1650 locis
1174 1608 1284 1650 inter
1318 1624 1362 1650 se
1394 1609 1557 1652 collatis
1583 1610 1695 1652 Hof-

149 1691 330 1718 mannus
360 1692 401 1733 p.
435 1678 485 1720 12
513 1678 664 1728 efficit,
694 1687 743 1721 ut
772 1680 924 1722 Dionis
957 1681 1164 1722 sententia
1195 1681 1347 1732 fuerit,
1388 1679 1585 1724 Caesaris
1614 1682 1695 1724 im-

147 1748 316 1804 perium
355 1763 466 1791 anno
496 1750 549 1792 50
592 1751 732 1793 exisse
773 1760 814 1794 et
842 1752 1018 1807 quidem
1047 1753 1168 1794 initio
1199 1752 1292 1795 eius
1321 1753 1434 1794 anni.
1484 1753 1547 1795 At
1576 1753 1695 1809 quid,

148 1820 335 1875 quaeso?
385 1820 501 1863 Num
547 1821 600 1864 de
637 1822 786 1866 eadem
829 1839 875 1865 re
916 1824 1058 1865 dicere
1097 1824 1390 1867 existimamus
1428 1825 1616 1867 Dionem
1655 1833 1694 1868 et

150 1889 376 1934 Caelium?
423 1893 501 1935 Ille
529 1894 582 1936 de
611 1895 729 1937 exitu
758 1895 927 1951 imperii
954 1904 1110 1946 narrat,
1138 1896 1208 1938 hic
1234 1897 1423 1939 voluisse
1440 1897 1695 1953 Pompeium

148 1971 244 2020 post
271 1962 364 2007 Cal.
392 1965 520 2008 Mart.
549 1966 603 2009 de
632 1963 786 2009 Galliis
818 1975 1026 2018 statuere,
1067 1976 1193 2024 atque
1221 1969 1489 2019 Hofmanno,
1528 1969 1564 2012 si
1593 1984 1694 2027 cau-

149 2051 239 2078 sam
283 2052 404 2079 suam
445 2038 626 2094 probare
666 2039 814 2090 vellet,
860 2040 1069 2095 imprimis
1113 2040 1194 2082 hoc
1233 2041 1450 2096 agendum
1493 2049 1603 2090 erat,
1647 2049 1695 2083 ut

147 2107 321 2150 doceret
359 2124 444 2151 non
483 2110 675 2165 potuisse
718 2111 847 2153 statui
889 2111 943 2153 de
986 2112 1243 2167 provinciis,
1286 2120 1515 2168 antequam
1553 2119 1696 2154 essent

147 2195 331 2231 vacuae,
373 2196 452 2223 nec
486 2182 679 2238 potuisse
712 2183 827 2233 fieri,
866 2190 915 2225 ut
943 2184 1070 2226 etiam
1101 2198 1199 2226 cum
1230 2184 1339 2226 alius
1370 2185 1547 2240 imperio
1576 2192 1694 2227 tene-

147 2259 315 2302 rentur,
354 2260 498 2295 utrum
532 2269 603 2296 eas
634 2256 881 2298 consulares
911 2255 956 2298 in
983 2256 1226 2311 proximum
1256 2270 1415 2297 annum
1444 2271 1497 2298 an
1527 2264 1693 2312 praeto-

147 2324 232 2366 rias
271 2339 365 2367 esse
404 2332 638 2380 oporteret,
678 2327 999 2370 deliberaretur.
1063 2327 1356 2370 Veruntamen
1391 2327 1474 2370 hoc
1507 2343 1586 2370 nec
1618 2328 1693 2370 de-

147 2396 397 2438 monstravit
415 2397 689 2441 Hofmannus
712 2415 791 2442 nec
818 2399 984 2456 poterit,
1011 2399 1176 2455 opinor,
1205 2400 1509 2442 demonstrare.
1548 2399 1695 2453 Quare

150 2467 369 2511 subtiliore
400 2469 745 2525 interpretatione
777 2471 970 2514 adhibita
1003 2486 1100 2513 cum
1132 2471 1423 2526 intelligamus
1455 2471 1508 2513 de
1538 2472 1621 2514 alia
1649 2487 1695 2514 re

142 2538 291 2593 dicere
323 2538 532 2591 Caelium,
565 2541 618 2583 de
647 2542 731 2585 alia
758 2543 959 2594 Dionem,
987 2543 1116 2585 huius
1149 2543 1202 2585 de
1232 2542 1409 2598 imperio
1436 2541 1693 2585 Caesariano

148 2611 438 2654 testimonium
465 2613 574 2655 illud
599 2628 693 2655 esse
719 2614 978 2670 colligimus,
1005 2621 1054 2656 ut
1073 2615 1119 2656 id
1144 2629 1254 2657 anno
1275 2614 1327 2656 50
1351 2614 1491 2656 exisse
1514 2614 1671 2656 dixerit
1680 2630 1691 2664 ;

149 2683 203 2725 de
229 2683 350 2726 initio
380 2684 471 2726 eius
497 2685 597 2727 anni
626 2699 676 2727 ac
702 2683 795 2728 Cal.
815 2685 984 2729 Martiis
1013 2686 1119 2728 nihil
1147 2686 1410 2735 invenimus3
1445 2701 1543 2728 nam
1571 2686 1693 2731 εὐθὺς

152 2755 192 2796 ἐν
223 2760 282 2811 τῷ
313 2756 468 2812 ὑστέρῳ
495 2755 576 2798 ἔτει
601 2766 665 2800 est
690 2759 884 2814 proximo
914 2758 1153 2814 insequenti
1183 2773 1307 2800 anno.
1359 2756 1421 2800 At
1447 2757 1574 2800 etiam
1596 2757 1692 2814 Ap-

149 2827 302 2883 pianus
343 2843 454 2870 anno
487 2829 541 2870 50
579 2826 777 2872 Caesaris
816 2831 1041 2886 imperium
1083 2846 1134 2871 ex
1172 2830 1268 2885 lege
1308 2829 1514 2885 Pompeia
1552 2829 1692 2872 exisse

1373 2901 1419 2942 11
