1846 3100
532 146 587 178 De
611 145 858 188 propagatione
884 144 1028 176 civitatis
1050 144 1238 176 Romanae.
1579 139 1660 182 329

112 257 239 301 batur
265 256 587 312 rectissimeque
604 251 864 311 primoribus
890 251 950 294 ita
979 251 1136 293 donata
1161 264 1256 293 esse
1275 250 1447 301 dicitur,
1473 256 1522 292 ut
1539 250 1660 306 plebs

113 345 163 374 ea
197 338 372 374 careret.
433 328 572 372 Vetus
603 326 715 369 enim
744 325 1037 367 Romanorum
1070 323 1339 366 consuetudo
1376 330 1478 373 erat,
1512 330 1560 366 ut
1589 338 1661 366 eo-

112 417 208 445 rum
250 416 360 458 quos
403 399 678 456 subegissent
717 397 970 454 populorum
1012 396 1296 453 principibus,
1333 411 1419 452 quo
1456 396 1662 439 maiorem

113 474 375 532 reipublicae
406 473 624 515 Romanae
654 485 840 514 amorem
871 469 1108 519 iniicerent,
1138 469 1354 512 civitatem
1383 468 1662 525 impertirent.

113 547 227 589 Hinc
252 553 398 589 natum
434 552 499 587 est
527 543 649 594 illud,
683 543 799 599 quod
826 542 927 584 olim
960 539 1276 598 Campanorum
1308 540 1574 598 principibus
1603 542 1663 584 ci-

113 619 289 662 vitatem
333 617 560 666 dederant,
600 616 721 666 hinc,
759 615 874 671 quod
912 615 956 656 in
994 614 1164 657 Latinis
1207 613 1377 671 oppidis
1417 614 1663 669 quicunque

114 691 412 748 magistratum
451 696 697 746 gesserant,
738 688 855 730 cives
893 687 1074 730 Romani
1110 686 1292 737 fiebant,
1330 686 1431 728 hinc
1464 685 1663 742 denique,

117 764 232 820 quod
261 763 335 819 qui
364 777 490 819 reges
517 761 777 817 quibusdam
806 759 978 816 populis
1004 759 1348 815 imponebantur,
1377 759 1466 800 fere
1495 758 1665 801 civitate

115 836 260 878 donati
291 842 333 878 et
362 850 461 878 cum
484 850 530 877 re
549 834 742 876 Romana
769 832 1140 889 coniungebantur
1167 839 1209 874 et
1234 831 1553 881 coercebantur,
1580 847 1666 887 qua

115 909 170 952 de
201 923 247 951 re
274 923 413 965 pauca
444 907 616 964 collegit
647 906 804 948 Marin.
831 905 929 947 Act.
956 905 1052 947 frat.
1085 903 1193 947 Arv.
1222 919 1264 961 p.
1282 905 1378 948 725.
1426 903 1664 947 Germano-

115 997 213 1024 rum
246 987 389 1024 autem
419 988 460 1023 et
496 979 722 1023 Gallorum
753 978 900 1035 populi
941 992 1038 1019 eum
1072 977 1126 1020 ad
1158 976 1384 1033 imperium
1422 978 1665 1021 Romanum

115 1053 381 1104 accederent,
420 1068 506 1095 non
545 1067 671 1108 saepe
702 1051 879 1108 regibus
909 1050 1129 1106 parebant,
1158 1050 1350 1106 plerique
1391 1066 1489 1093 cum
1519 1051 1665 1094 multis

116 1126 459 1170 dissensionibus
485 1124 733 1168 domesticis
762 1123 821 1165 ita
851 1130 971 1166 erant
994 1122 1130 1172 liberi,
1161 1130 1209 1163 ut
1230 1130 1370 1165 tamen
1395 1124 1438 1165 in
1456 1131 1666 1180 potestate

117 1199 325 1242 nobilium
353 1214 402 1241 ac
431 1198 672 1255 principum
705 1204 861 1246 essent,
890 1195 1050 1252 quibus
1071 1193 1232 1237 Caesar
1251 1203 1292 1238 et
1310 1195 1543 1252 Augustus
1570 1197 1666 1253 ipso

114 1273 201 1323 illo,
222 1287 308 1328 quo
327 1270 574 1328 provinciae
590 1271 771 1312 formam
789 1269 1115 1317 constituerunt,
1134 1275 1324 1324 tempore
1345 1268 1558 1311 civitatem
1577 1269 1665 1311 Ro-

115 1360 282 1388 manam
310 1343 566 1386 tribuerunt.
613 1342 728 1384 Hinc
757 1342 895 1384 extitit
920 1341 1074 1397 ingens
1100 1355 1306 1383 numerus
1337 1341 1563 1392 Iuliorum,
1593 1342 1667 1397 qui

115 1417 252 1474 primo
268 1432 309 1473 p.
328 1414 431 1458 Chr.
449 1415 620 1458 saeculo
639 1415 681 1456 in
703 1414 840 1457 Gallis
861 1420 902 1455 et
921 1412 1151 1455 Germanis
1173 1421 1571 1464 commemorantur,
1588 1429 1667 1457 nee

114 1491 204 1532 fere
243 1489 471 1545 quisquam
511 1487 667 1529 nobilis
705 1494 778 1529 aut
816 1485 972 1529 Gallus
1012 1493 1086 1528 aut
1122 1485 1367 1529 Germanus
1410 1487 1668 1537 nominatur,

116 1578 244 1620 quem
274 1577 359 1605 non
398 1576 448 1604 eo
478 1561 648 1603 nomino
676 1575 805 1602 usum
835 1568 961 1614 atque
996 1558 1050 1600 ab
1093 1559 1297 1601 alterutro
1331 1558 1502 1601 illorum
1533 1560 1668 1617 impe-

117 1643 305 1678 ratorum
339 1634 509 1676 civitate
549 1633 755 1675 donatum
798 1646 893 1673 esse
928 1638 1002 1673 aut
1040 1638 1203 1673 certum
1241 1638 1314 1674 aut
1343 1632 1564 1688 probabile
1603 1633 1669 1674 sit.

119 1707 188 1751 Cf.
218 1723 327 1764 quae
365 1722 414 1748 ea
456 1705 509 1747 de
542 1720 587 1746 re
617 1705 661 1746 in
696 1711 921 1746 comment.
954 1703 1173 1759 epigraph.
1202 1704 1223 1745 Ι
1260 1719 1302 1759 p.
1332 1704 1408 1746 441
1453 1703 1670 1760 significa-

120 1780 275 1823 vimus.
330 1777 541 1834 Exemplo
572 1783 686 1826 sunt,
712 1790 896 1830 quorum
927 1775 1085 1817 montio
1116 1776 1231 1831 apud
1252 1776 1451 1819 Tacitum
1478 1776 1538 1817 fit.
1581 1775 1669 1818 Ve-

118 1853 183 1895 lut
215 1853 330 1895 Ann.
360 1850 443 1900 ΙΙΙ,
478 1849 529 1892 4ss
565 1849 627 1891 sic
660 1848 737 1890 ait:
783 1849 930 1888 Eodem
971 1863 1083 1888 anno
1125 1851 1361 1891 Gallim-um
1400 1852 1584 1890 civitates
1623 1848 1669 1889 ob

120 1925 451 1978 magnitudinem
482 1925 589 1963 aeris
618 1923 750 1962 alieni
776 1921 1029 1960 rebellionem
1070 1928 1313 1974 coeptavere,
1344 1924 1462 1962 cuius
1496 1924 1670 1962 extimu-

120 2000 230 2040 lator
261 2000 488 2038 acerrimus
516 1999 625 2037 inter
651 1997 843 2035 Treveros
871 1995 1003 2033 Julius
1034 1995 1192 2044 Florus,
1220 1996 1335 2048 apud
1356 1995 1513 2035 Aeduos
1538 1995 1672 2034 Julius

119 2073 326 2112 Sacrovir.
376 2070 575 2110 Nobilitas
618 2068 807 2108 ambobus
846 2072 884 2105 et
915 2068 1118 2106 maiorum
1150 2067 1254 2107 bona
1278 2068 1412 2120 facta
1442 2081 1563 2119 eoque
1593 2068 1670 2106 Ro-

119 2157 247 2184 mana
278 2144 374 2182 olim
406 2144 551 2182 civitas
579 2142 692 2190 data,
723 2155 814 2180 cum
847 2140 893 2179 id
920 2153 1066 2179 rarum
1098 2154 1172 2179 nec
1201 2141 1286 2179 nisi
1312 2141 1463 2179 virtuti
1486 2140 1669 2191 pretium

119 2221 228 2255 esset.
283 2213 354 2254 En
391 2213 478 2255 duo
514 2211 740 2269 principes,
771 2211 877 2253 alter
913 2225 966 2252 ex
1005 2209 1140 2252 libero
1173 2210 1334 2266 populo
1367 2210 1669 2261 Treverorum,

121 2286 227 2328 alter
267 2300 320 2328 ex
361 2285 581 2327 foederato
622 2283 905 2331 Aeduorum,
947 2296 1131 2337 quorum
1167 2282 1352 2324 familiae
1390 2282 1444 2325 ab
1484 2281 1670 2325 Caesare

122 2358 191 2400 vel
225 2355 430 2414 Augusto
471 2356 684 2399 civitatem
723 2355 962 2397 Romanam
1001 2353 1227 2396 habebant.
1284 2355 1393 2396 Item
1427 2355 1566 2397 Iulius
1596 2356 1670 2398 In-

122 2430 205 2473 dus
243 2446 297 2472 ex
336 2430 539 2472 Treveris
579 2429 701 2483 (Tac.
732 2426 849 2471 Ann.
882 2427 964 2477 ΙΙΙ,
992 2427 1063 2479 42)
1101 2442 1241 2469 nonne
1279 2427 1323 2468 in
1361 2427 1511 2469 eadem
1542 2443 1672 2470 causa

122 2503 232 2544 fuit?
295 2503 387 2545 Nec
425 2502 567 2544 minus
607 2503 933 2546 certe.fuerunt
971 2499 1108 2541 Iulius
1146 2498 1380 2542 Africanus
1413 2514 1436 2540 e
1469 2499 1670 2541 Santonis

123 2575 247 2631 (·Tac.
278 2574 394 2616 Ann.
422 2574 500 2624 VI,
522 2575 582 2630 7),
613 2574 751 2616 Iulius
782 2573 984 2629 Alpinus,
1011 2571 1210 2628 princeps
1229 2571 1528 2613 Helvetiorum
1547 2570 1670 2625 (Tac.

122 2646 238 2688 Hist.
268 2645 304 2695 I,
335 2645 424 2701 68),
454 2646 591 2688 Iulius
625 2646 798 2688 Atticus
832 2645 1073 2702 speculator
1103 2644 1226 2701 (Tac.
1256 2643 1372 2685 Hist.
1402 2643 1437 2693 I,
1469 2643 1555 2696 35),
1594 2642 1671 2684 sed

126 2724 240 2760 certe
277 2710 463 2760 'barbara
502 2717 668 2774 origine
709 2732 789 2760 nec
826 2716 1028 2773 ignobilis
1068 2716 1202 2770 (Plut.
1241 2714 1367 2757 Galb.
1405 2715 1509 2769 26),
1531 2714 1671 2756 Iulius

125 2790 308 2845 Auspex
346 2804 370 2831 e
410 2789 667 2846 primoribus
713 2789 947 2832 Remorum
984 2788 1105 2844 (Tac.
1136 2787 1251 2829 Hist.
1283 2787 1361 2837 IV,
1399 2787 1487 2842 69),
1531 2786 1670 2828 Iulius

130 2860 421 2918 Briganticus,
464 2862 661 2918 princeps
698 2861 959 2906 Batavorum
998 2859 1122 2917 (Tac.
1153 2859 1265 2902 Hist.
1296 2859 1374 2909 IV,
1408 2858 1496 2914 70),
1533 2857 1671 2902 Iulius
