1846 3100
163 145 242 187 150
604 150 658 182 De
683 149 799 183 Gallia
825 151 1056 184 Romanorum
1081 153 1265 194 provincia.

159 256 322 312 copias:
362 256 470 299 illud
497 265 609 300 certe
639 264 815 309 constat,
845 273 931 300 non
958 258 1122 302 Gallias
1150 268 1315 305 tantum
1343 263 1396 306 ab
1422 262 1584 307 Albino
1612 279 1706 307 esse

159 336 403 385 occupatas,
436 329 513 372 sed
545 329 671 372 etiam
700 330 936 386 Hispaniae
965 339 1128 387 partem
1161 334 1326 390 (Spart.
1358 334 1459 378 Sev.
1494 336 1586 390 12),
1626 351 1706 379 nec

159 402 248 444 veri
279 402 486 444 dissimile
517 409 595 451 est,
629 400 850 452 Candido,
881 404 955 459 qui
983 404 1027 446 in
1059 405 1210 448 ceteris
1241 405 1361 449 bellis
1393 407 1592 450 civilibus
1626 409 1706 450 Se-

159 489 309 517 verum
344 474 601 524 adiuvisset,
643 474 725 517 hoc
765 491 936 532 quoque
965 476 1252 533 Hispanicum
1291 494 1386 521 esse
1415 481 1705 524 commissum.

160 547 433 602 Quamquam
462 561 572 589 nova
600 547 706 589 haec
735 548 981 603 provinciae
1011 550 1250 592 coniunctio
1281 566 1366 593 non
1397 552 1472 594 diu
1503 554 1706 597 constitit.

159 619 331 662 Etenim
361 634 414 661 ex
443 619 566 661 titulo
596 634 734 675 nuper
760 627 929 675 reperto
957 621 1096 677 (apud
1123 620 1257 664 Orell.
1288 623 1418 679 6914)
1446 633 1626 676 constat,
1652 625 1706 668 ab

159 689 381 734 Caracallo
417 691 640 733 Asturiam
679 699 720 733 et
759 691 1021 736 Gallaeciam
1061 693 1113 736 ab
1149 695 1460 739 Tarraconensi
1494 697 1708 754 Hispania

159 778 253 806 esse
285 764 519 806 seiunctam
552 764 881 820 nominaturque
910 763 960 808 C.
988 766 1126 808 Iulius
1157 765 1348 810 Cerealis
1381 769 1467 825 leg.
1495 770 1612 827 Aug.
1643 786 1707 827 pr.

157 851 241 892 pr„
281 836 354 892 qui
389 836 553 892 primus
585 844 683 892 post
713 837 969 880 divisionem
995 838 1250 895 Hispaniam
1280 855 1436 883 novam
1469 842 1707 886 citeriorem

160 908 496 951 Antoninianam
525 909 694 951 rexerit.
750 910 802 952 In
829 925 913 965 quo
945 912 1066 954 titulo
1097 913 1415 969 interpretando
1446 929 1595 958 cavere
1630 915 1706 958 de-

160 981 372 1030 bebimus,
404 996 457 1023 ne
484 996 631 1023 eorum
663 982 907 1038 opinionem
935 984 1188 1040 probemus,
1220 987 1294 1041 qui
1322 987 1381 1029 ita
1409 1002 1585 1044 prorsus
1616 988 1706 1031 dis-

161 1061 335 1109 putant,
376 1053 499 1108 quasi
534 1061 630 1096 ante
669 1052 938 1099 Caracallum
977 1057 1156 1099 Asturia
1194 1073 1410 1113 nunquam
1451 1059 1506 1102 ab
1543 1060 1708 1116 reliqua

159 1125 471 1169 Tarraconensi
492 1126 621 1168 fuerit
640 1127 844 1170 seiuncta.
888 1130 1025 1172 Immo
1051 1131 1284 1172 seiunctam
1309 1131 1444 1174 fuisse
1471 1133 1706 1176 certissime

159 1198 413 1249 didicimus3
455 1198 531 1240 sed
563 1196 812 1243 Caracallus
851 1210 1075 1258 postquam
1108 1202 1189 1245 sub
1223 1202 1384 1246 Severo
1418 1219 1570 1247 rursus
1602 1219 1704 1247 con·

157 1271 302 1312 iuncta
331 1270 425 1320 fuit,
461 1270 551 1312 sine
580 1271 681 1314 belli
709 1273 962 1316 necessitate
990 1274 1033 1315 in
1066 1283 1319 1332 perpetuum
1347 1276 1504 1319 divisit.
1562 1277 1706 1332 Atque

155 1345 199 1384 in
237 1342 347 1385 hanc
386 1350 580 1385 aetatem*
605 1343 775 1399 plurimi
814 1345 1096 1389 iuridicorum
1141 1356 1182 1390 et
1225 1349 1464 1404 legatorum
1498 1347 1705 1406 Augusti,

156 1429 266 1470 quos
307 1415 553 1466 citavimus,
588 1415 810 1467 incidunt,
852 1433 1036 1473 quorum
1072 1421 1256 1463 rationes
1283 1421 1396 1463 ultra
1424 1423 1624 1478 persequi
1652 1421 1706 1465 ab

156 1487 236 1530 hoc
263 1489 357 1531 loco
390 1488 575 1530 alienum
608 1498 685 1531 est.

269 1559 543 1616 Quamquam
583 1561 710 1604 etiam
747 1563 932 1618 reliqua,
971 1579 1081 1619 quae
1113 1564 1167 1607 de
1195 1565 1257 1606 M.
1289 1565 1455 1608 Aurelii
1485 1574 1526 1608 et
1555 1565 1722 1608 Severi

157 1640 198 1675 et
233 1631 444 1676 Caracalli
482 1633 744 1689 temporibus
784 1635 1124 1692 disputavimus,
1166 1637 1307 1679 minus
1347 1637 1432 1679 huc
1469 1638 1704 1694 pertinent:

155 1720 264 1760 quae
296 1712 462 1747 tantum
491 1706 772 1761 praeparandi
802 1707 924 1761 quasi
957 1723 1087 1750 causa
1117 1709 1350 1751 attulimus.
1404 1710 1472 1752 De
1495 1707 1705 1752 Antonini

153 1778 222 1820 Pii
253 1784 389 1820 aetate
416 1777 648 1832 quaeritur,
680 1793 782 1820 num
811 1780 990 1822 Asturia
1018 1781 1277 1837 peculiarem
1305 1782 1571 1837 provinciam
1601 1782 1714 1824 effe-·

152 1851 268 1893 cerit.
327 1850 472 1905 Atque
503 1849 575 1890 illa
607 1858 961 1894 commemoratur
987 1851 1141 1895 Aelius
1169 1853 1444 1904 Marcianus,
1474 1855 1705 1910 proconsul

154 1923 377 1973 Baeticae,
416 1922 471 1964 ad
504 1937 631 1977 quem
658 1923 764 1965 Pius
802 1924 1025 1980 scripsisse
1061 1931 1258 1966 narratur
1294 1926 1338 1967 in
1369 1926 1472 1982 Dig.
1497 1926 1541 1977 Ι,
1571 1928 1596 1969 6
1628 1927 1704 1982 (de

153 1996 220 2038 his
251 1995 326 2051 qui
357 1995 424 2037 sui
450 1995 557 2036 iuris
586 1998 705 2049 sunt)
733 1995 772 2046 2,
808 2003 849 2038 et
878 1995 928 2038 C.
947 1997 1178 2039 Iavolenus
1199 1996 1406 2040 Calvinus
1434 1999 1549 2054 apud
1568 1997 1703 2042 Orell.

153 2084 194 2109 n.
212 2068 336 2117 2759,
365 2082 415 2109 ac
434 2066 748 2109 Tarraconensi
777 2068 1024 2123 provinciae
1052 2069 1279 2112 universae
1304 2070 1432 2126 paulo
1459 2078 1555 2114 ante
1583 2071 1703 2114 initio

153 2139 365 2182 Hadriani
404 2138 588 2194 praefuit
623 2138 690 2180 Ti.
733 2137 944 2182 Claudius
985 2140 1246 2195 Quartinus,
1288 2142 1411 2184 cuius
1448 2142 1599 2186 titulus
1638 2151 1704 2187 est

152 2211 268 2268 apud
304 2210 444 2253 Boiss.
479 2210 614 2253 Inscr.
656 2211 803 2267 Lugd.
849 2228 888 2267 p.
920 2213 1000 2255 284
1039 2214 1113 2270 (cf.
1149 2214 1259 2256 Noel
1299 2214 1375 2256 des
1413 2214 1618 2271 Vergers.
1657 2215 1702 2258 in

154 2283 312 2326 Athen.
341 2281 651 2325 Franco-Gall.
683 2283 783 2324 anni
818 2284 923 2327 1856
953 2299 994 2340 p.
1026 2285 1112 2338 22).
1174 2285 1277 2327 Fuit
1306 2285 1440 2341 igitur
1467 2286 1701 2342 imperante

153 2355 233 2398 Pio
260 2355 592 2411 Hispanicarum
630 2355 947 2410 provinciarum
986 2357 1297 2399 administratio
1333 2357 1597 2413 aliquamdiu
1629 2374 1700 2402 ea-

153 2428 274 2478 dem,
311 2443 420 2483 quae
460 2427 600 2469 fuerat
642 2425 694 2468 ab
725 2425 931 2482 Augusto
970 2428 1164 2471 instituta
1202 2444 1341 2485 neque
1379 2429 1468 2471 ulla
1495 2427 1700 2473 Asturiae

155 2500 380 2556 separatio.
439 2499 549 2542 Nam
579 2506 902 2555 procuratorum
929 2500 1065 2542 titulis
1098 2503 1167 2557 (ac
1196 2501 1281 2542 iam
1314 2499 1394 2543 sub
1419 2500 1564 2544 Nerva
1585 2516 1700 2555 proc.

145 2575 333 2624 provinc.
376 2574 604 2624 Hispaniae
644 2575 757 2614 citer.
796 2575 992 2612 Asturiae
1027 2579 1066 2612 et
1105 2574 1407 2614 Callaeciarum
1444 2587 1700 2616 commemo-

153 2650 271 2685 ratur
303 2643 420 2699 apud
449 2642 577 2685 Grut.
605 2659 647 2699 p.
679 2644 772 2693 193,
802 2643 847 2697 3)
877 2658 960 2685 non
989 2651 1099 2695 utor,
1130 2651 1357 2700 propterea
1385 2644 1500 2700 quod
1529 2645 1700 2687 illorum

155 2715 398 2771 provincias
428 2730 527 2757 cum
553 2715 620 2765 iis,
651 2729 757 2770 quas
785 2715 915 2770 legati
940 2715 1110 2766 habent,
1140 2730 1264 2770 saepe
1295 2732 1444 2773 parum
1472 2716 1698 2758 convenire

152 2787 357 2842 intelligo.
432 2786 521 2829 Sed
562 2786 642 2829 sub
685 2787 837 2829 eodem
874 2787 944 2829 Pii
981 2788 1159 2844 imperio
1198 2788 1384 2844 alioquin
1425 2788 1698 2844 pacatissimo

153 2858 288 2900 fuisse
314 2866 454 2901 tamen
485 2859 643 2901 scimus
670 2859 923 2902 Maurorum
953 2859 1218 2911 seditionem,
1247 2861 1300 2903 de
1326 2877 1412 2917 qua
1429 2858 1697 2917 Capitolinus
