1846 3100
583 147 638 179 De
665 147 838 179 dictatoris
866 145 1021 179 Caesaris
1048 145 1246 178 honoribus.
1608 141 1685 186 261

142 264 262 301 erant
287 258 471 307 comitia,
502 263 551 299 ut
579 256 623 298 in
647 270 813 297 summo
833 254 1085 311 magistratu
1112 253 1156 295 in
1179 259 1432 310 perpetuum
1457 254 1690 297 deferendo

140 330 260 373 nulla
285 330 377 372 eius
407 329 514 372 ratio
546 327 694 370 haberi
724 333 884 384 posset.
944 325 1130 368 Senatus
1160 326 1295 382 igitur
1329 326 1502 383 propria
1532 326 1691 368 fuerint

141 417 318 445 necesse
360 409 438 452 est,
479 416 589 457 quae
630 407 803 442 senatus
842 408 945 441 tunc
978 398 1141 440 tribuit.
1199 396 1382 455 Accepit
1422 406 1564 442 autem
1597 398 1691 441 Au-

143 482 298 531 gustus
327 489 489 517 novum
519 474 722 515 honorem
746 471 955 528 deposito,
986 477 1035 512 ut
1063 469 1266 521 diximus,
1297 471 1537 522 consulatu,
1563 486 1692 527 quem

143 562 197 590 ex
235 561 321 603 quo
351 545 564 590 IIIviratu
604 560 696 588 sese
734 543 963 593 abdicavit,
1000 542 1201 585 continuo
1243 551 1450 600 gesserat,
1484 551 1545 593 ut,
1582 559 1692 600 quae

142 619 186 662 in
215 618 438 676 republica
470 633 580 675 opus
621 632 715 660 esse
748 622 954 666 censeret,
987 629 1036 657 eo
1067 615 1234 658 facilius
1267 616 1519 673 corrigeret:
1561 632 1692 672 quare

144 698 317 734 senatus
358 691 398 733 ei
434 691 516 733 hoc
551 690 736 732 maxime
772 689 946 732 videtur
976 687 1179 730 debuisse
1216 688 1459 740 decernere,
1495 689 1612 745 quod
1652 696 1694 732 et

143 764 370 807 consulatu
411 763 607 820 deposito
647 762 845 804 amiserat
888 767 930 802 et
968 760 1023 803 ad
1058 761 1357 803 continendam
1387 762 1694 818 rempublicam

147 837 331 879 maxime
359 835 615 891 requirebat.
670 835 808 890 quue
839 834 933 890 ipse
964 833 1052 875 Dio
1084 832 1311 889 significat,
1343 834 1489 876 datum
1518 835 1557 877 ei
1585 849 1693 885 esse,

145 909 262 965 quod
298 908 424 952 etiam
460 923 558 951 cum
593 907 744 950 consul
777 921 862 949 non
894 912 1020 955 esset,
1058 904 1246 947 haberet.
1305 905 1437 948 Unde
1466 907 1590 949 facile
1617 922 1693 949 na·
1767 954 1770 957 Δ

148 988 292 1024 scatur
323 980 527 1037 suspicio,
554 980 599 1021 in
628 978 772 1022 verbis
800 978 970 1028 Dionis,
990 992 1099 1033 quae
1118 978 1357 1030 citavimus,
1377 979 1695 1036 seiungendum

146 1069 243 1096 esse
275 1053 537 1096 tribunatum
581 1058 836 1108 perpetuum
874 1050 927 1092 ab
963 1050 1057 1092 iure
1086 1051 1216 1092 unius
1247 1051 1479 1101 relationis,
1510 1066 1560 1094 ac
1593 1066 1695 1094 con-

149 1126 336 1168 sularem
372 1131 624 1181 potestatem
657 1123 743 1166 dici
779 1123 961 1166 delatam
1003 1138 1097 1165 esse
1130 1130 1249 1165 extra
1284 1123 1413 1165 illam.
1475 1122 1564 1167 Sed
1593 1139 1695 1166 con-

146 1198 331 1240 sularem
360 1204 613 1254 potestatem
642 1202 908 1253 perpetuam,
937 1201 985 1236 ut
1017 1210 1185 1251 semper
1214 1203 1256 1238 et
1284 1195 1445 1252 ubique
1466 1196 1696 1239 duodecim

145 1269 369 1312 lictoribus
408 1277 601 1312 uteretur
635 1268 864 1324 medioque
894 1268 1006 1310 inter
1045 1268 1243 1310 consules
1279 1268 1376 1311 loco
1417 1269 1521 1312 sella
1557 1269 1695 1311 curuli

150 1342 332 1393 sederet,
365 1350 515 1398 postea
543 1356 654 1384 anno
689 1341 738 1384 19
770 1357 806 1383 a.
828 1339 931 1383 Chr.
956 1340 1162 1397 Augusto
1189 1355 1437 1384 concessam
1467 1357 1562 1384 esse
1590 1342 1696 1385 scri-

147 1413 212 1456 bit
247 1414 335 1456 Dio
366 1413 487 1464 LIV,
529 1415 593 1464 10,
626 1428 766 1469 neque
796 1428 924 1468 quam
955 1413 1162 1456 rationem
1194 1414 1447 1457 tribuniciae
1475 1415 1696 1470 potestatis

149 1486 284 1529 fuisse
321 1486 524 1537 vidimus,
565 1493 614 1528 ut
652 1486 745 1528 eius
788 1500 876 1528 una
904 1493 1003 1542 post
1040 1487 1213 1529 alteram
1250 1502 1349 1542 pars
1381 1486 1696 1539 decerneretur,

148 1559 328 1602 eandem
357 1559 595 1602 consularis
615 1559 751 1600 fuisse
775 1557 1030 1600 debebimus
1054 1559 1309 1610 existimare,
1333 1566 1557 1616 propterea
1579 1559 1721 1615 quod*

147 1646 228 1674 nec
262 1631 350 1677 Dio
379 1631 648 1674 consularem
682 1637 933 1687 potestatem
961 1630 1007 1672 in
1035 1631 1129 1673 iure
1156 1632 1286 1674 unius
1313 1632 1531 1675 relationis
1561 1631 1697 1675 nomi-

147 1711 222 1747 nat
251 1703 545 1760 (tribuniciam
576 1710 718 1745 autem
748 1710 1015 1759 potestatem,
1046 1718 1327 1760 quaecunque
1360 1704 1452 1747 eius
1485 1719 1584 1761 pars
1621 1704 1697 1747 de-

148 1775 387 1827 ferebatur,
431 1791 598 1833 semper
638 1775 848 1831 nominat)
893 1783 935 1818 et
975 1775 1072 1831 plus
1115 1791 1242 1831 quam
1279 1792 1409 1820 unam
1449 1776 1697 1819 relationem

150 1849 376 1892 consulare
403 1849 473 1892 ius
503 1849 809 1905 complectitur.
856 1846 1069 1891 Consules
1099 1849 1211 1891 enim
1234 1849 1278 1891 in
1301 1856 1465 1900 senatu,
1484 1849 1555 1891 cui
1574 1863 1697 1906 prae-

153 1928 266 1972 sunt,
297 1929 339 1964 et
367 1937 625 1978 quacunque
655 1921 710 1964 de
738 1936 785 1963 re
822 1927 863 1962 et
893 1920 1089 1976 quotiens
1119 1922 1281 1972 volunt,
1312 1922 1472 1964 referre
1501 1927 1697 1977 possunt,

150 2007 290 2049 neque
329 2009 422 2036 eam
458 2001 710 2051 potestatem
741 2009 840 2036 cum
871 1994 1114 2049 imperatori
1148 1994 1336 2045 daretur,
1367 1995 1502 2037 minui
1529 2001 1699 2052 oporte-

152 2064 238 2108 bat.
293 2064 499 2121 Sequitur
528 2074 576 2107 ut
604 2066 673 2109 ius
699 2066 830 2108 unius
858 2066 1074 2109 relationis
1105 2081 1203 2109 cum
1232 2067 1462 2110 tribunicia
1489 2073 1698 2124 potestate

152 2137 429 2180 coniunctum
458 2138 601 2180 fuerit.
655 2137 745 2181 Sed
771 2138 908 2194 quid?
956 2138 1162 2181 Tribunis
1191 2139 1329 2195 plebis
1356 2154 1496 2182 nonne
1514 2139 1699 2195 antiqui-

151 2216 222 2252 tus
264 2209 309 2251 in
358 2218 506 2253 senatu
559 2219 600 2253 et
644 2211 893 2253 relationem
936 2217 978 2253 et
1015 2211 1300 2253 secessionem
1338 2211 1480 2254 facere
1515 2210 1700 2253 licebat?

153 2280 321 2324 Vocare
365 2282 473 2325 adeo
516 2291 712 2340 poterant
750 2283 881 2338 idque
915 2282 983 2325 ius
1013 2283 1139 2326 etiam
1171 2282 1253 2326 sub
1279 2283 1609 2339 imperatoribus
1636 2289 1700 2325 te-

152 2361 340 2396 nuerunt
369 2355 476 2411 (Dio
509 2353 633 2399 Cass.
663 2356 790 2407 LIX,
817 2356 892 2406 243
932 2355 1037 2406 LX,
1073 2356 1164 2410 16):
1192 2355 1345 2411 quidni
1370 2355 1506 2411 igitur
1533 2355 1602 2398 ius
1631 2370 1700 2397 re-

151 2425 321 2470 lationis
351 2428 586 2471 haberent?
629 2428 722 2471 Nec
751 2435 918 2471 tantum
947 2428 991 2469 in
1022 2427 1216 2470 libertate
1246 2428 1441 2485 exempla
1466 2442 1563 2471 cum
1583 2434 1700 2470 retu-

152 2498 293 2550 lerint,
333 2501 606 2557 reperiuntur
645 2499 760 2558 (Cic.
786 2501 898 2544 Phil.
926 2500 1028 2551 VII,
1066 2501 1109 2551 13
1143 2500 1199 2542 ad
1229 2499 1285 2554 Q.
1316 2501 1368 2542 fr.
1396 2500 1455 2551 II,
1489 2502 1535 2551 1;
1578 2500 1699 2556 epist.

153 2569 216 2622 X,
253 2572 320 2623 16;
353 2588 395 2629 p.
425 2573 536 2616 Sest.
567 2574 635 2625 32,
667 2574 874 2631 saepius),
906 2588 1057 2616 verum
1088 2572 1213 2614 etiam
1244 2571 1324 2614 sub
1355 2571 1699 2628 imperatoribus,

154 2643 274 2686 velut
311 2645 428 2701 apud
467 2645 570 2688 Tac.
609 2646 767 2689 Annal.
807 2646 895 2698 VI,
939 2646 1003 2697 12,
1043 2645 1215 2701 Dioque
1253 2643 1351 2695 LV,
1383 2645 1408 2686 3
1445 2644 1499 2687 iis
1529 2644 1701 2687 omnino

155 2714 237 2758 hoc
272 2717 340 2759 ius
368 2718 504 2760 fuisse
535 2718 652 2761 dicit.
712 2718 859 2772 Quare
890 2719 1122 2775 Augustus
1159 2717 1233 2774 qui
1275 2716 1442 2758 dudum
1472 2716 1703 2759 tribunicia

155 2794 363 2844 potestate
399 2795 604 2841 uteretur,
643 2797 756 2833 certe
783 2791 868 2833 iam
898 2798 995 2833 ante
1025 2791 1142 2832 hunc
1176 2804 1335 2832 annum
1365 2788 1418 2831 23
1453 2788 1702 2831 relationem

156 2859 202 2902 in
233 2867 382 2903 senatu
414 2861 611 2913 habebat,
641 2877 692 2905 ac
720 2863 935 2919 peculiare
966 2863 1129 2918 aliquid
1165 2868 1269 2904 tunc
1298 2861 1512 2904 adiectum
1541 2861 1596 2904 sit
1626 2875 1702 2904 ne·-
