1846 3100
187 117 266 160 120
624 120 679 153 De
707 120 820 153 Gallia
845 121 1080 154 Romanorum
1106 122 1290 164 provincia.

179 231 346 287 Ἀλβίαν
390 229 563 286 μηδενός
603 230 641 270 οἱ
686 228 994 284 ἐναντιουμένου
1035 230 1178 287 διαβὰς
1220 232 1354 287 φιλίαν
1395 248 1438 274 τε
1476 235 1559 278 τοῖς
1596 233 1728 288 ἐκείνῃ

185 303 404 359 βαρβάροις
439 302 638 343 συνέθετο
667 303 733 343 καὶ
764 302 903 358 βωμὸν
937 301 1000 342 ἐπ’
1035 302 1159 345 αὐτοῦ
1190 307 1248 359 τῷ
1276 303 1496 360 Αὐγούστῳ
1527 305 1730 361 ἱδρύσατο.

183 374 274 416 τότε
306 375 350 416 δὲ
383 374 483 430 πρός
510 390 552 415 τε
583 375 650 415 τὸν
672 372 821 429 Ῥῆνον
853 375 1060 429 μετελθὼν
1090 376 1157 417 καὶ
1182 375 1423 421 ἐκπεσόντας
1451 376 1559 422 τινὰς
1573 375 1728 432 Χερού-

186 463 290 489 σκων
320 449 559 501 καταγαγεῖν
589 445 640 487 δι’
668 445 817 501 ἑτέρων
836 445 1046 502 ἐθελήσας
1071 447 1321 503 ἐδυστύχησε
1341 449 1408 490 καὶ
1426 452 1732 504 καταφρονῆσαι

186 523 298 574 σφῶν
326 520 393 561 καὶ
420 519 513 563 τοὺς
540 518 690 563 ἄλλους
721 519 952 575 βαρβάρους
983 519 1186 575 ἐποίησεν.
1245 520 1373 563 Duae
1403 521 1446 562 in
1472 520 1539 563 his
1567 521 1730 564 discer-

182 598 343 633 nuntur
380 591 432 632 L.
461 590 642 632 Domitii
672 590 988 645 expeditiones,
1030 591 1141 635 duae
1172 592 1439 649 provinciae,
1474 608 1656 649 quarum
1686 593 1731 635 in

182 664 323 720 priore
361 679 459 706 cum
496 670 630 714 esset,
668 670 710 706 et
738 663 888 707 Albim
924 663 1090 707 transiit
1127 670 1168 706 et
1201 663 1382 707 feliciter
1415 665 1646 722 pugnavit,
1687 666 1731 708 in

182 736 312 779 altera
330 751 429 779 cum
446 733 768 778 Cheruscorum
793 736 940 779 exules
965 736 1171 779 reducere
1197 736 1337 787 vellet,
1363 737 1563 780 Rhenum
1587 745 1726 780 trans-

181 823 358 866 gressus
389 823 542 865 parum
566 823 769 865 prospere
796 824 885 852 rem
914 808 1062 865 gessit.
1099 808 1219 869 ‘Nam
1250 810 1380 852 unius
1410 816 1522 852 certe
1553 809 1726 866 provin-

183 882 271 924 ciae
302 896 396 924 esse
427 896 511 923 non
542 888 739 937 possunt,
768 896 877 937 quae
905 897 929 923 a
956 881 1098 923 Dione
1128 888 1367 932 narrantur,
1399 882 1474 938 qui
1500 897 1599 924 cum
1625 881 1731 924 dicit

182 969 280 996 eum
310 969 397 1011 quo
427 962 618 1011 tempore
646 954 819 1010 populis
844 954 900 995 ad
925 955 1087 997 Istrum
1114 954 1355 1009 imperaret,
1384 969 1483 997 cum
1508 954 1730 997 Hermun-

182 1027 302 1070 duris
335 1027 518 1070 feliciter
544 1041 777 1083 pugnasse,
809 1026 926 1069 haud
957 1026 1089 1069 dubie
1115 1027 1240 1069 aliam
1260 1041 1356 1069 esse
1375 1027 1589 1082 significat
1613 1027 1730 1069 illam
1784 1012 1787 1016 ¹

182 1101 459 1157 provinciam,
493 1115 602 1155 quae
632 1099 687 1141 ad
715 1099 877 1142 Istrum
908 1105 1017 1149 erat,
1050 1099 1188 1149 aliam,
1221 1114 1274 1141 ex
1303 1115 1389 1155 qua
1416 1098 1617 1142 Rhenum
1645 1107 1731 1142 tra-

180 1173 291 1216 iecit.
347 1171 636 1228 Triumphum
669 1178 811 1214 autem
848 1179 962 1214 certe
1002 1171 1055 1213 L.
1084 1172 1302 1214 Domitius
1345 1172 1387 1214 in
1428 1187 1479 1214 ea
1511 1171 1732 1228 provincia

181 1245 364 1302 adeptus
405 1252 488 1296 est,
534 1244 578 1286 in
608 1259 695 1300 qua
726 1243 835 1287 bene
864 1259 955 1286 rem
983 1251 1196 1301 gesserat,
1235 1243 1262 1286 i.
1292 1259 1328 1286 e.
1357 1243 1401 1286 in
1427 1243 1582 1300 priore.
1641 1242 1729 1286 Sed

181 1333 291 1374 quae
327 1318 499 1361 tandem
535 1316 656 1359 erat?
709 1315 819 1359 Tres
858 1316 1030 1358 omnino
1063 1323 1168 1359 tunc
1200 1324 1320 1358 erant
1355 1315 1409 1358 ad
1435 1316 1596 1358 Istrum
1630 1320 1730 1372 pro-

181 1390 362 1441 vinciae,
394 1389 582 1440 Moesia,
613 1389 856 1445 Illyricum,
887 1388 1200 1444 Lugdunensis
1230 1386 1387 1439 Gallia,
1418 1387 1524 1430 haec
1553 1388 1730 1444 quidem

182 1462 419 1505 secundum
450 1478 523 1513 ea,
555 1477 664 1518 quae
694 1477 825 1518 supra
851 1477 877 1504 a
900 1461 1024 1504 nobis
1053 1460 1247 1518 exposita
1273 1467 1385 1511 sunt,
1418 1475 1557 1516 nuper
1580 1460 1730 1503 admo-

181 1534 284 1577 dum
300 1534 452 1578 Raetia
479 1534 673 1577 subiecta
699 1542 785 1577 tam
815 1534 899 1577 late
925 1541 1171 1590 propagata.
1225 1533 1316 1576 Iam
1346 1532 1457 1575 duae
1488 1532 1585 1576 illae
1615 1540 1728 1576 certe

181 1607 266 1650 dici
308 1614 550 1662 nequeunt3
601 1622 654 1649 ex
693 1607 851 1663 quibus
891 1614 933 1649 et
962 1621 1038 1662 per
1065 1607 1234 1663 ignotas
1265 1620 1443 1662 prorsus
1473 1612 1623 1662 gentes
1650 1605 1731 1648 iter

180 1688 271 1723 erat
301 1680 356 1723 ad
385 1680 536 1722 Albim
565 1687 606 1721 et
635 1680 709 1736 qui
739 1682 959 1737 profectus
989 1686 1121 1729 esset,
1153 1678 1226 1721 vix
1257 1678 1472 1720 diceretur
1502 1676 1729 1721 Germani-

183 1769 280 1796 cum
323 1753 483 1796 bellum
522 1753 725 1809 gessisse.
791 1753 941 1808 Neque
971 1751 1113 1795 afferri
1144 1751 1273 1793 debet
1303 1750 1546 1807 exemplum
1578 1750 1728 1800 Drusi,

181 1841 310 1882 quem
327 1825 430 1867 Tac.
449 1824 606 1868 Annal.
623 1826 682 1876 II,
714 1826 766 1868 44
796 1825 840 1867 in
869 1825 1091 1881 Illyricum
1117 1823 1175 1865 ait
1201 1823 1381 1866 missum
1411 1837 1519 1873 esse,
1549 1829 1597 1865 ut
1617 1821 1729 1866 Sue-

182 1898 248 1941 vis
277 1913 403 1954 opem
429 1906 578 1941 contra
604 1896 850 1941 Cheruscos
874 1895 1191 1954 postulantibus
1217 1895 1424 1938 auxilium
1449 1896 1592 1937 ferret.
1641 1895 1729 1938 Ne-

181 1985 265 2026 que
295 1969 407 2012 enim
434 1970 591 2013 intrare
623 1970 900 2013 Germaniam
926 1969 1167 2020 iubebatur,
1200 1969 1276 2011 sed
1305 1967 1546 2024 provincias
1570 1967 1729 2010 Roma—

180 2059 272 2093 nas,
306 2043 342 2085 si
372 2057 500 2098 quem
530 2042 699 2085 barbari
730 2043 936 2098 impetum
968 2042 1171 2091 facerent,
1202 2040 1333 2089 tueri,
1371 2039 1445 2096 (cf.
1473 2038 1532 2089 II,
1561 2039 1615 2082 62
1643 2041 1728 2095 sq.)

182 2123 223 2158 et
261 2122 400 2157 tamen
432 2113 598 2157 Galliae
633 2115 778 2171 potius
815 2129 943 2170 quam
974 2113 1148 2169 Illyrico
1185 2120 1298 2155 esset
1336 2112 1603 2169 praefectus,
1645 2112 1728 2155 nisi

181 2186 398 2237 Tiberius,
430 2187 503 2242 qui
534 2185 840 2229 Germanicum
870 2186 998 2228 modo
1028 2201 1080 2227 ex
1111 2184 1265 2227 Galliis
1292 2190 1550 2234 revocasset,
1581 2199 1728 2227 earum

180 2258 501 2316 provinciarum
543 2259 731 2314 quietem
775 2258 877 2300 satis
918 2265 1052 2300 tutam
1095 2272 1189 2299 esse
1231 2256 1475 2322 significare
1507 2256 1728 2299 voluisset.

183 2330 328 2374 Ceteri
358 2338 501 2373 autem
530 2330 822 2373 Romanorum
851 2331 1142 2386 imperatores,
1174 2328 1248 2384 qui
1277 2328 1332 2370 ad
1357 2327 1505 2371 Albim
1534 2336 1728 2385 penetra-

181 2411 302 2454 runt,
344 2419 369 2446 a
400 2403 553 2446 Rheno
596 2418 743 2446 omnes
782 2402 962 2458 profecti
998 2408 1118 2451 sunt,
1160 2408 1208 2443 ut
1238 2401 1366 2457 paulo
1396 2407 1496 2457 post
1525 2401 1725 2444 Tiberius

181 2476 352 2533 (Vellei.
376 2476 435 2527 II,
466 2475 578 2531 106),
609 2483 657 2517 ut
683 2474 923 2517 Domitium
951 2488 1084 2515 unum
1114 2473 1167 2515 ab
1194 2474 1306 2516 Istro
1335 2474 1475 2516 exisse
1504 2473 1623 2516 credi
1652 2489 1727 2516 ne-

180 2556 320 2604 queat.
377 2548 654 2604 Relinquitur
681 2547 815 2604 igitur
844 2546 1154 2602 Lugdunensis
1187 2544 1348 2596 Gallia,
1389 2546 1458 2588 cui
1488 2546 1542 2588 L.
1572 2546 1726 2588 Domi-

180 2620 266 2663 tius
305 2620 561 2677 praefuerit,
602 2635 731 2676 quam
769 2619 843 2675 qui
880 2626 1039 2674 negant
1078 2633 1216 2674 usque
1251 2618 1306 2659 ad
1344 2618 1484 2660 fontes
1514 2617 1653 2660 Rheni
1684 2626 1726 2661 et

180 2691 431 2734 Danubium
459 2692 740 2748 pertinuisse,
778 2705 886 2746 quae
916 2690 1000 2732 Dio
1028 2690 1178 2740 tradit,
1206 2690 1325 2732 nullo
1355 2690 1482 2732 modo
1512 2689 1726 2746 explicare

179 2770 393 2820 poterunt.
444 2764 571 2807 Nunc
597 2764 766 2820 insigne
794 2762 895 2804 hinc
921 2762 1075 2805 existet
1104 2770 1418 2819 argumentum,
1446 2777 1532 2818 quo
1556 2769 1596 2804 et
1615 2776 1726 2817 quae

186 2833 342 2878 Strabo
379 2835 433 2879 de
462 2835 620 2879 finibus
652 2835 968 2893 provinciarum
991 2833 1255 2878 Gallicarum
1283 2835 1409 2878 docet
1435 2842 1477 2877 et
1504 2849 1613 2890 quae
1642 2833 1724 2890 ipsi
