1846 3100
579 154 632 186 De
657 153 788 194 legibus
812 152 1072 194 municipalibus
1097 150 1301 194 Hispanicis.
1633 149 1715 193 293

167 264 340 307 Poterat
374 270 487 306 certe
532 262 660 304 etiam
698 259 1021 317 praerogativae
1061 258 1324 302 sortitionem
1367 274 1716 312 commemorare,

166 336 244 379 sed
284 335 393 378 illud
428 343 618 392 tempore
657 334 783 377 etiam
814 333 936 390 prius
969 338 1070 374 erat.
1124 331 1416 376 Veruntamen
1445 334 1597 377 incolis
1627 333 1715 376 La-

165 408 266 450 tinis
309 408 345 450 si
383 408 545 451 Romae
575 407 731 450 licebat
770 406 814 448 in
851 419 936 447 una
967 402 1094 454 tribu,
1126 418 1235 459 quae
1270 412 1383 448 sorte
1415 405 1546 449 ducta
1587 415 1714 457 esset,

167 479 421 535 suffragium
454 481 580 529 ferre,
610 479 761 535 quidni
792 477 962 520 licuerit
999 476 1125 519 etiam
1155 476 1331 533 reliquis
1361 477 1542 530 Latinis,
1574 479 1648 535 qui
1680 480 1716 522 si

164 552 209 594 in
249 552 339 594 suis
381 551 553 608 oppidis
589 557 870 599 remanerent,
911 556 1102 592 carerent
1150 563 1200 590 eo
1235 543 1342 600 iure,
1384 551 1449 592 sin
1484 551 1528 592 in
1565 550 1715 593 urbem

165 624 396 674 venissent,
427 624 681 667 uterentur?
719 623 818 665 Hoc
847 629 888 664 et
915 637 967 664 ex
993 621 1228 664 incolarum
1251 621 1605 666 Malacitanorum
1622 623 1716 666 iure

167 703 211 739 et
241 711 293 739 ex
319 697 415 739 loco
444 696 639 747 Liviano,
671 696 745 752 qui
773 695 1009 751 explicatus
1042 700 1119 744 est,
1152 695 1440 750 consequitur,
1473 711 1552 738 nec
1574 702 1716 738 tamen

167 784 221 812 ex
259 769 353 812 aliis
383 769 636 825 scriptorum
667 767 936 816 testimoniis,
971 766 1053 808 nisi
1081 781 1132 808 ea
1158 766 1368 808 immerito
1400 774 1715 824 spernerentur,

171 841 375 898 cognosci
415 857 500 883 non
546 840 698 897 potuit.
760 839 930 882 Etenim
972 838 1025 880 de
1063 836 1114 880 C.
1149 837 1335 881 Gracchi
1372 840 1614 883 actionibus
1654 840 1716 883 sic

170 915 300 956 refert
337 914 522 971 Appian.
556 913 653 956 bell.
685 913 766 956 civ.
801 913 836 963 I,
874 912 947 954 ¹23:
998 913 1064 953 καὶ
1109 912 1203 956 τοὺς
1239 911 1433 957 Λατίνους
1476 913 1540 954 ἐπὶ
1587 914 1717 955 πάντα

170 987 306 1028 ἐκάλει
336 986 385 1027 τὰ
407 984 646 1041 Ῥωμαίων,
680 988 735 1030 ὡς
766 985 840 1025 οὐκ
863 984 1076 1039 εὐπρεπῶς
1105 983 1312 1037 συγγενέσι
1342 986 1411 1038 τῆς
1444 985 1594 1041 βουλῆς
1616 986 1715 1027 ἀντι-

170 1062 308 1113 στῆναι
340 1058 590 1113 δυναμένης·
622 1061 700 1099 τῶν
730 1074 772 1098 τε
804 1055 954 1112 ἑτέρων
985 1057 1227 1111 συμμάχων,
1260 1056 1319 1100 οἷς
1351 1056 1424 1097 οὐκ
1455 1057 1545 1111 ἐξῆν
1579 1060 1716 1113 ψῆφον

170 1131 211 1172 ἐν
251 1134 336 1175 ταῖς
365 1128 588 1185 Ῥωμαίων
631 1130 899 1186 χειροτονίαις
938 1129 1090 1184 φέρειν,
1132 1129 1268 1169 ἐδίδου
1302 1127 1438 1184 φέρειν
1472 1129 1550 1170 ἀπὸ
1582 1130 1717 1179 τοῦδε,

169 1203 233 1244 ἐπὶ
271 1207 330 1258 τῷ
371 1201 479 1257 ἔχειν
517 1204 583 1244 καὶ
622 1203 763 1246 τούςδε
803 1202 842 1241 ἐν
885 1204 972 1245 ταῖς
1009 1200 1276 1256 χειροτονίαις
1312 1203 1390 1242 τῶν
1431 1201 1566 1256 νόμων
1605 1200 1716 1257 αὐτῷ

171 1276 470 1319 συντελοῦντας.
543 1274 640 1316 Sint
682 1289 782 1316 sane
821 1273 863 1314 in
903 1272 971 1315 his
1009 1272 1260 1329 imperfecta
1303 1273 1441 1314 ἐκάλει
1483 1279 1525 1315 et
1565 1273 1717 1324 ἐδίδου,

173 1361 284 1402 quae
312 1345 366 1387 ab
390 1345 458 1394 iis,
489 1346 562 1400 qui
588 1346 756 1388 Latinis
787 1345 981 1401 suffragii
1007 1345 1076 1388 ius
1100 1345 1236 1388 fuisse
1263 1352 1436 1402 negant,
1454 1353 1716 1402 arguuntur:

171 1434 221 1461 ea
248 1417 381 1460 enim·
393 1417 634 1473 significant
669 1418 913 1475 rogationes
943 1417 1131 1460 Gracchi
1162 1433 1245 1460 non
1278 1433 1372 1460 esse
1401 1419 1607 1474 perlatas:
1641 1419 1718 1462 sed

171 1506 270 1533 cum
298 1488 526 1546 Appianus
556 1490 736 1533 Latinos
763 1491 817 1533 ad
849 1491 990 1533 omnia
1019 1490 1179 1533 civium
1218 1491 1506 1534 Romanorum
1537 1492 1596 1533 ait
1624 1492 1720 1535 iura

170 1570 348 1606 vocatos
380 1577 488 1613 esse,
518 1578 658 1605 nonne
685 1563 846 1606 indicat
877 1563 1019 1618 aliqua
1044 1563 1129 1605 iam
1165 1569 1260 1604 ante
1294 1578 1367 1606 eos
1406 1563 1639 1606 habuisse?
1679 1572 1720 1607 et

171 1651 270 1678 cum
307 1635 400 1677 aliis
438 1642 607 1692 praeter
634 1636 813 1678 Latinos
854 1636 980 1678 sociis
1008 1635 1113 1677 dicit
1144 1649 1229 1676 non
1255 1634 1432 1677 licuisse
1464 1636 1719 1693 suffragium

170 1709 214 1750 in
259 1709 546 1751 Romanorum
585 1708 765 1750 comitiis
805 1708 931 1757 ferre,
969 1722 1109 1749 nonne
1149 1721 1300 1749 rursus
1341 1715 1515 1764 apparet
1551 1708 1719 1751 Latinis

171 1780 345 1836 quidem
388 1779 582 1836 suffragii
620 1779 820 1822 lationem
854 1778 1018 1821 fuisse?
1080 1779 1201 1821 Haec
1239 1786 1325 1821 tam
1363 1781 1602 1836 perspicua,
1634 1787 1719 1823 tam

172 1859 330 1908 aperta,
367 1859 454 1894 tam
492 1851 615 1901 clara,
653 1858 701 1893 ut
739 1851 987 1908 Appianum
1020 1851 1074 1893 de
1105 1851 1360 1893 Latinorum
1396 1852 1490 1894 iure
1525 1852 1720 1909 suffragii

170 1924 338 1967 tradere
372 1939 591 1979 nunquam
623 1923 820 1966 debuerit
845 1924 1006 1977 negari.
1048 1923 1261 1965 Nimirum
1288 1924 1401 1980 fugit
1418 1924 1533 1966 viros
1555 1925 1719 1975 doctos,

174 2012 257 2039 non
286 2012 416 2039 unam
445 2012 540 2039 esse
568 1996 760 2053 suffragii
786 1995 953 2038 ferendi
980 1995 1187 2037 rationem
1214 1995 1423 2051 aliamque
1447 2011 1541 2038 esse
1560 1997 1720 2039 civium

170 2069 480 2119 Romanorum,
535 2069 661 2112 aliam
712 2068 986 2110 Latinorum:
1041 2067 1102 2110 illi
1151 2082 1272 2110 suam
1323 2068 1504 2124 quisque
1560 2069 1721 2112 tribum

173 2141 344 2190 habent,
366 2142 410 2183 in
433 2156 562 2197 quam
586 2141 766 2183 comitiis
790 2140 1051 2190 inseruntur,
1071 2140 1129 2190 hi,
1147 2140 1222 2182 ubi
1237 2140 1399 2183 Romae
1419 2141 1719 2192 consederunt,

173 2229 303 2256 unam
334 2222 447 2256 sorte
477 2214 705 2270 accipiunt,
740 2213 809 2255 cui
838 2220 1157 2255 accenseantur.
1214 2212 1346 2266 Quod
1380 2213 1415 2255 si
1444 2213 1503 2256 ita
1530 2207 1594 2256 est
1621 2216 1721 2269 (nec

175 2286 279 2341 quin
306 2286 366 2329 ita
396 2286 538 2336 fuerit,
577 2286 759 2341 amplius
791 2284 978 2327 dubitari
1013 2299 1139 2341 posse
1171 2285 1401 2339 existimo),
1431 2301 1571 2328 nonne
1605 2294 1719 2329 recte

174 2357 399 2401 Gracchus
431 2365 627 2401 narratur
661 2358 770 2400 hanc
799 2358 940 2414 legem
971 2357 1284 2413 promulgasse,
1312 2365 1360 2399 ut
1387 2364 1429 2399 et
1449 2357 1617 2401 Latinis
1635 2373 1720 2401 non

172 2431 217 2472 in
251 2446 347 2480 una,
381 2430 456 2473 sed
488 2446 563 2487 per
592 2445 739 2472 omnes
770 2429 908 2472 tribus
942 2430 1135 2486 suffragii
1159 2430 1226 2471 ius
1256 2435 1368 2471 esset
1389 2431 1506 2485 (nam
1531 2429 1584 2471 de
1610 2429 1719 2479 aliis,

173 2518 283 2558 quae
308 2503 409 2545 item
434 2502 748 2559 promulgabat,
776 2517 891 2544 nunc
910 2517 995 2544 non
1016 2502 1280 2557 disputatur)
1308 2508 1349 2543 et
1371 2501 1549 2556 reliquis
1578 2501 1720 2552 sociis,

136 2575 249 2631 *qui
288 2574 343 2616 ad
384 2574 429 2615 id
463 2582 631 2631 tempus
671 2575 785 2617 omni
821 2574 1017 2629 suffragii
1050 2573 1143 2615 iure
1187 2581 1424 2623 caruerant,
1454 2572 1563 2614 illud
1593 2580 1720 2623 certe,

174 2646 290 2702 quod
328 2646 473 2688 Latini
513 2653 636 2689 antea
669 2647 920 2697 habuerant,
960 2645 1297 2689 concederetur?
1361 2643 1481 2698 Quid
1518 2645 1603 2687 iam
1643 2645 1721 2687 ad-

176 2725 372 2761 versatur
406 2719 662 2761 Latinorum
691 2719 788 2769 iuri,
830 2718 947 2775 quod
982 2716 1210 2775 Appianus
1249 2715 1383 2766 addit,
1423 2731 1520 2759 cum
1552 2717 1722 2760 comitia

177 2789 231 2832 de
267 2790 364 2846 lege
405 2791 658 2847 Sempronia
690 2791 918 2841 instarent,
953 2789 1150 2834 consules
1189 2788 1398 2832 edixisset
1440 2787 1608 2844 Μηδένα
1641 2792 1719 2831 τῶν

177 2861 223 2902 οὐ
257 2862 463 2918 φερόντων
500 2866 637 2920 ψῆφον
681 2864 890 2919 ἐπιδημεῖν
934 2862 986 2919 τῇ
1017 2862 1135 2904 πόλει
1174 2862 1279 2917 μηδὲ
1317 2861 1607 2917 προς-πελάζειν
1640 2860 1719 2903 ἀπὸ
