1846 3100
529 140 583 172 De
610 140 742 181 legibus
770 140 1029 182 municipalibus
1055 140 1263 182 Hispanicis.
1585 139 1667 183 295

122 249 233 291 Mihi
271 250 445 305 quidem
488 265 585 292 cum
628 249 734 291 haec
773 248 997 291 considero
1035 249 1433 306 discordiarumque
1465 251 1669 301 civilium,

123 337 233 376 quae
269 338 322 364 ex
351 323 497 379 legum
528 323 616 364 fere
646 322 787 376 aliqua
814 320 937 376 quasi
966 321 1132 370 lacuna,
1171 321 1215 363 in
1245 337 1325 376 qua
1355 323 1672 379 interpretanda

123 394 294 449 utrique
331 410 479 436 verum
511 394 657 437 videre
700 393 780 436 sibi
818 393 1058 442 videantur,
1089 393 1290 443 existunt,
1331 396 1573 438 occasiones
1603 412 1671 439 re-

126 466 294 516 cordor,
327 466 388 509 sic
422 466 692 522 potissimum
722 465 858 507 videri
897 466 1015 514 solet,
1051 466 1094 506 in
1126 465 1222 521 lege
1253 466 1388 508 fuisse
1417 468 1470 510 de
1504 468 1671 511 Latinis

121 538 164 580 in
203 554 289 580 una
319 538 446 589 tribu,
475 553 584 593 quae
620 546 732 580 sorte
765 538 894 579 ducta
922 546 1048 587 esset,
1077 537 1133 579 ad
1161 538 1414 595 suffragium
1445 540 1672 583 admitten—

124 609 217 652 dis:
250 609 350 652 hinc
380 625 459 652 nec
489 610 523 651 si
559 610 633 665 qui
670 610 860 665 undique
891 609 1036 652 Latini
1068 610 1335 653 comitiorum
1365 618 1554 668 tempore
1583 613 1672 656 Ro-

123 698 236 724 mam
267 682 618 738 commigrabant,
649 682 790 738 legem
820 681 1048 732 violabant,
1079 689 1119 723 et
1143 683 1355 733 eonsules,
1379 684 1452 739 qui
1473 692 1672 728 externos

121 754 314 797 homines
356 754 462 797 urbe
502 754 775 810 expellerent,
816 762 1068 796 conservata
1097 754 1192 810 lege
1223 755 1421 811 publicae
1453 757 1672 800 securitati

122 826 451 883 prospiciebant.
512 826 782 881 Quamquam
817 827 898 868 hoc
937 827 1112 882 quidem
1140 828 1353 870 incertum
1382 836 1445 870 est
1473 836 1600 885 atque
1629 830 1673 871 in

123 914 200 941 sua
226 899 437 954 cuiusque
459 898 658 955 opinione
685 899 961 954 relinquitur3
998 899 1106 941 illud
1127 907 1269 942 autem
1290 900 1373 942 iam
1399 902 1674 944 statuendum

122 971 221 1020 erit,
260 971 427 1013 Latinis
470 971 619 1013 incolis
667 986 780 1021 eam,
821 986 948 1026 quam
985 971 1188 1021 diximus,
1233 972 1428 1029 suffragii
1468 973 1674 1017 Romanis

124 1043 305 1084 comitiis
348 1042 514 1085 ferendi
550 1050 805 1098 potestatem
835 1043 984 1085 fuisse.
1039 1044 1101 1085 At
1132 1043 1244 1085 enim
1280 1059 1406 1100 saepe
1443 1045 1587 1096 Latini
1622 1062 1675 1089 ex

121 1114 228 1156 urbe
256 1114 300 1156 in
333 1130 410 1157 sua
440 1115 599 1172 oppida
627 1116 788 1172 repulsi
811 1124 924 1165 sunt,
945 1131 1029 1157 non
1048 1123 1227 1166 tantum,
1247 1131 1345 1158 cum
1364 1117 1548 1168 comitia,
1567 1133 1675 1174 quae

122 1186 284 1229 turbari
334 1186 516 1237 nollent,
560 1187 781 1229 instarent.
847 1187 1060 1229 Nimirum
1107 1188 1215 1230 duas
1267 1203 1336 1230 res
1388 1189 1678 1246 sequebantur

121 1258 304 1301 Romani
326 1258 438 1301 inter
463 1274 508 1302 se
529 1274 757 1310 connexas,
784 1275 893 1315 quae
918 1275 1002 1302 non
1033 1261 1220 1316 antiquis
1250 1262 1378 1304 modo
1409 1263 1675 1320 temporibus

122 1330 393 1380 acciderunt,
437 1331 514 1373 sed
568 1331 697 1374 hodie
742 1332 868 1374 etiam
909 1347 994 1374 non
1037 1332 1179 1375 minus
1218 1333 1462 1390 principum
1504 1335 1678 1392 ingenia

124 1410 324 1444 exercent
366 1417 494 1458 quam
534 1404 634 1446 olim
674 1412 848 1446 senatus
894 1405 1090 1447 Romani.
1158 1405 1352 1448 Primum
1388 1407 1501 1449 enim
1538 1408 1678 1450 deseri

125 1474 326 1517 nolebant
356 1474 512 1531 oppida
537 1476 806 1527 Latinorum,
838 1492 948 1533 quae
979 1493 1076 1519 cum
1109 1477 1190 1520 alia
1218 1492 1348 1521 onera
1375 1479 1549 1530 ferrent,
1586 1488 1678 1523 tum

123 1547 178 1589 ad
211 1547 326 1590 bella
367 1557 529 1590 certum
565 1548 745 1591 militum
781 1565 1008 1592 numerum
1046 1548 1321 1606 praebebant.
1372 1551 1545 1595 Deinde
1575 1568 1678 1596 con-

127 1620 361 1662 fluentibus
389 1627 452 1661 tot
480 1620 671 1675 undique
698 1621 944 1664 hominibus
973 1622 1101 1664 nimis
1121 1637 1311 1665 crescere
1332 1622 1541 1679 putabant
1558 1624 1678 1669 urbis

124 1693 286 1735 Romae
325 1692 667 1748 magnitudinem
704 1708 882 1749 eamque
919 1693 1042 1749 copia
1079 1693 1256 1750 inopum
1298 1703 1425 1750 atque
1462 1696 1678 1740 inutilium

123 1765 282 1807 civium
333 1764 512 1807 onerari.
588 1764 684 1807 Hae
731 1780 884 1807 causae
943 1765 1181 1807 edictorum
1222 1766 1475 1822 legumque,
1517 1769 1676 1824 quibus

123 1837 268 1879 Latini
299 1836 469 1879 remissi
504 1844 626 1887 sunt,
656 1837 910 1888 extiterunt,
940 1837 1297 1893 nominanturque
1326 1838 1444 1880 haud
1479 1839 1675 1892 obscure,

125 1910 243 1951 velut
282 1925 308 1952 a
342 1909 473 1951 Livio
513 1909 749 1960 XXXIX,
780 1910 818 1952 3.
857 1908 926 1952 Cf.
965 1909 1091 1951 etiam
1121 1909 1248 1960 XLI,
1276 1910 1301 1952 8
1340 1918 1382 1952 et
1420 1910 1572 1963 XLII,
1611 1915 1675 1956 10.

123 1981 271 2037 Atque
308 1982 446 2037 ipsam
489 1981 615 2023 etiam
652 1983 768 2025 illam
806 1982 947 2038 legem
985 1981 1197 2024 Liciniam
1239 1988 1280 2023 et
1318 1981 1528 2034 Muciam,
1565 2000 1675 2040 quae

126 2053 311 2096 maxima
341 2053 443 2096 belli
473 2053 652 2096 Marsici
684 2070 813 2097 causa
839 2056 953 2096 facta
983 2061 1061 2103 est,
1089 2053 1199 2095 hanc
1228 2054 1457 2111 praecipue
1486 2057 1575 2098 vim
1599 2057 1675 2099 ha-

124 2125 284 2176 buisse,
324 2133 385 2175 ut,
420 2126 535 2168 unde
567 2127 750 2183 quisque
780 2126 988 2168 oriundus
1020 2133 1147 2176 esset,
1179 2140 1229 2168 eo
1261 2126 1400 2170 redire
1434 2137 1674 2184 cogeretur,

125 2198 271 2254 colligi
298 2198 398 2240 licet
426 2213 479 2240 ex
510 2199 563 2241 iis
593 2215 702 2256 quae
734 2197 826 2241 Cic.
858 2198 980 2240 Brut.
1009 2213 1044 2240 c.
1078 2198 1127 2240 16
1158 2197 1300 2241 habet.

237 2268 326 2312 Sed
363 2285 562 2313 veremur
589 2271 745 2319 hercle,
775 2286 828 2312 ne
858 2271 942 2312 iam
971 2269 1179 2312 excedere
1210 2269 1341 2312 huius
1373 2269 1673 2326 disputationis

122 2341 230 2384 fines
266 2342 509 2393 videamur,
548 2343 636 2399 qui,
668 2358 765 2385 cum
797 2343 851 2384 de
881 2341 1102 2397 municipii
1131 2341 1378 2383 Malacitani
1408 2342 1501 2385 iure
1531 2343 1673 2387 dicere

124 2414 418 2465 statuerimus,
468 2414 522 2457 ad
561 2415 850 2470 quaestionem
892 2414 1020 2469 longe
1062 2414 1287 2455 maximam
1326 2413 1380 2455 de
1421 2414 1591 2457 civitate
1632 2423 1674 2458 et

123 2485 353 2527 Latinitate
382 2485 707 2529 devenerimus:
736 2487 779 2528 in
812 2501 898 2542 qua
928 2486 964 2527 si
994 2491 1108 2528 recte
1135 2484 1297 2527 versari
1329 2485 1671 2542 multiplicesque

121 2558 196 2612 qui
236 2557 378 2599 omnia
414 2573 547 2615 prope
585 2573 698 2600 nunc
738 2559 931 2602 obtinent
969 2572 1134 2600 errores
1174 2559 1365 2599 minuere
1395 2558 1598 2609 velimus,
1631 2567 1672 2602 et

122 2629 205 2670 alte
229 2629 512 2684 repetendum
539 2639 581 2671 et
609 2631 744 2673 multa
765 2630 937 2673 omnino
960 2629 1217 2685 quaerenda,
1243 2629 1508 2685 explicanda,
1527 2645 1670 2672 emen-

123 2700 265 2743 danda
302 2702 398 2743 sint.
455 2702 546 2744 Nec
584 2711 723 2745 tamen
755 2704 944 2745 animum
976 2710 1170 2744 nostrum
1199 2701 1403 2744 inducere
1439 2702 1669 2757 potuimus,

122 2781 171 2813 ut
214 2787 300 2815 non
340 2782 381 2816 et
422 2782 625 2830 quantam
667 2775 893 2817 utilitatem
931 2776 1035 2818 haec
1064 2773 1321 2816 Malacitana
1356 2773 1591 2830 inscriptio,
1633 2775 1669 2817 si

123 2853 237 2886 recte
270 2846 569 2902 explicaretur,
600 2847 655 2889 ad
683 2847 927 2890 universam
954 2845 1261 2903 rempublicam
1278 2845 1515 2889 Romanam
1543 2846 1669 2890 intel·
