1846 3100
203 166 285 209 346
629 171 683 204 De
708 173 955 215 propagatione
980 175 1125 208 civitatis
1150 176 1337 209 Romanae.

202 280 408 336 explicat,
442 280 613 323 nomine
643 282 986 338 comprehendat.
1023 283 1124 339 Ipsa
1149 285 1256 327 adeo
1279 285 1385 329 haec
1410 286 1465 329 de
1486 285 1748 331 Samnitibus

201 352 481 408 Pelignisque
501 354 686 396 narratio
706 353 829 396 nobis
851 355 1025 410 quidem
1046 356 1168 398 aliter
1187 356 1360 399 videtur
1379 359 1547 402 docere.
1578 359 1689 404 Nam
1713 361 1748 404 si

201 423 268 474 iis,
288 431 336 466 ut
351 424 528 480 reliquis
544 426 685 477 sociis,
704 427 852 469 eadem
869 428 1069 471 facilitate
1086 444 1172 484 qua
1183 429 1351 472 Latinis
1366 430 1557 474 licuisset
1571 432 1749 476 Romam

201 496 428 552 migrando
460 497 674 541 civitatem
696 498 930 541 Romanam
957 500 1153 557 adipisci,
1178 516 1255 544 cur
1281 517 1365 544 non
1387 503 1463 558 qui
1492 519 1570 547 sua
1593 506 1750 562 oppida

201 568 440 624 relinquere
474 571 644 621 vellent,
674 571 855 615 Romam
889 573 1030 629 potius
1057 588 1184 628 quam
1212 574 1433 630 Fregellas
1459 577 1749 619 transierunt?

199 638 262 682 At
298 641 344 683 id
383 656 481 684 cum
517 643 634 685 nullo
675 644 802 686 modo
832 644 994 695 liceret,
1030 645 1200 688 interim
1238 646 1281 688 in
1312 647 1522 689 coloniam
1550 647 1762 690 Latinam-

201 713 426 767 migrando
455 715 607 758 melius
636 716 705 758 ius
731 717 936 772 consequi
963 717 1204 762 studebant.
1249 719 1395 772 Quare
1423 734 1520 762 cum
1538 719 1622 770 illa,
1640 735 1748 775 quae

201 785 255 827 de
290 784 557 829 Samnitibus
586 788 864 844 Pelignisque
904 797 1016 840 sunt,
1048 791 1172 846 quasi
1199 791 1465 846 parenthesis
1502 791 1642 834 locum
1671 792 1747 836 ob-

200 857 334 901 tinere
377 859 625 911 videantur,
665 861 908 903 necessario
945 863 1074 918 paulo
1111 870 1210 919 post
1247 864 1462 919 legemus:
1504 867 1595 905 Lex
1632 868 1748 906 sociis

200 934 379 972 nominis
418 934 577 982 Latini,
623 935 696 985 qm·
733 937 899 987 stirpem
943 950 994 975 ez·
1035 950 1113 975 sese
1153 937 1264 976 domi
1298 939 1567 990 reliquerant,
1611 937 1747 986 dabat,

199 1003 386 1059 itemque
425 1019 461 1046 c.
490 1003 529 1054 9,
559 1004 636 1047 ubi
665 1020 778 1048 nova
807 1006 877 1048 lex
906 1006 1087 1050 iniuriae
1119 1007 1492 1068 trollendaeucausa
1518 1007 1605 1050 lata
1632 1022 1748 1050 com-

199 1085 476 1119 memoratur:
513 1080 596 1124 Qui·
617 1081 719 1119 socii
743 1082 922 1120 nominis
953 1082 1106 1119 Latini
1132 1081 1214 1132 ipsi
1242 1083 1491 1133 maioresque
1520 1095 1658 1121 eorum
1689 1083 1746 1120 M.

203 1150 376 1191 Claudio
416 1152 463 1191 T.
495 1152 686 1197 Quinctio
714 1152 942 1192 censoribus
979 1158 1117 1204 postve
1154 1154 1269 1205 apud
1296 1155 1420 1192 socios
1456 1155 1635 1193 nominis
1664 1155 1748 1193 La-

201 1224 285 1262 tini
312 1224 423 1262 censi
456 1229 597 1271 essent,
634 1230 684 1264 ut
713 1238 848 1264 omnes
885 1227 930 1264 in
965 1239 1081 1264 suam
1113 1226 1280 1278 quisque
1308 1227 1514 1265 civitatem
1547 1231 1644 1266 ante
1674 1226 1746 1268 Ca—

198 1295 340 1335 lendas
369 1295 601 1335 Novembris
630 1297 824 1345 redirent,
854 1310 939 1337 non
968 1298 1084 1336 sociis
1112 1312 1162 1337 ccc
1194 1299 1372 1338 nominis
1405 1300 1574 1338 Latinis
1608 1305 1649 1339 et
1677 1301 1751 1351 qui

199 1368 301 1406 socii
330 1381 380 1407 ac
406 1370 586 1408 nominis
619 1370 780 1416 Latini,
811 1368 926 1422 quod
959 1367 1030 1409 edi
1058 1368 1176 1410 solet.
1234 1368 1303 1411 De
1333 1368 1600 1412 Samnitibus
1634 1368 1747 1412 Peli-

199 1439 382 1495 gnisque
411 1438 515 1495 quid
549 1447 722 1482 senatus
743 1439 939 1489 decrerit,
962 1440 1117 1483 Livius
1144 1455 1230 1482 non
1251 1448 1394 1484 narrat
1410 1456 1550 1498 neque
1575 1442 1621 1484 id
1637 1457 1746 1499 opus

198 1519 300 1553 erat.
355 1511 465 1554 Nam
502 1512 649 1568 dispar
679 1520 768 1554 erat
805 1527 934 1555 causa
969 1513 1224 1555 Latinorum
1261 1521 1303 1555 et
1339 1522 1576 1556 ceterorum
1608 1515 1746 1558 socio-

197 1599 306 1626 rum.
362 1584 444 1635 Illi,
486 1585 560 1640 qui
599 1585 654 1627 ad
694 1584 907 1628 civitatem
946 1587 1195 1642 pervenisse
1235 1586 1497 1637 viderentur,
1535 1587 1617 1630 nisi
1651 1588 1747 1643 lege

196 1656 280 1699 lata
322 1657 365 1698 in
411 1657 599 1699 colonias
637 1658 793 1699 remitti
831 1673 916 1700 non
954 1666 1163 1715 poterant,
1205 1673 1383 1714 eamque
1423 1659 1564 1715 legem
1605 1659 1746 1702 afferri

198 1729 445 1785 oportebat3
493 1729 646 1772 horum
687 1731 762 1785 qui
799 1730 843 1772 in
879 1731 1067 1773 colonias
1097 1730 1275 1773 Latinas
1314 1731 1581 1781 transierant,
1620 1731 1746 1774 etiam

199 1801 290 1844 sine
320 1802 691 1845 senatusconsulto
723 1803 776 1845 ab
808 1803 875 1850 iis,
907 1803 979 1858 qui
1009 1803 1157 1845 Italiae
1182 1810 1419 1859 praeerant,
1450 1803 1620 1859 oppidis
1656 1803 1745 1846 suis

197 1873 489 1916 reddebantur
528 1890 607 1917 nec
648 1875 835 1918 dubitari
877 1875 1026 1926 debet,
1070 1890 1167 1917 cum
1209 1882 1345 1917 totum
1384 1875 1565 1918 iniuriae
1606 1890 1745 1932 genus

200 1946 331 1988 semel
371 1947 544 2002 publice
579 1954 806 1990 tractatum
845 1958 973 1997 esset,
1017 1947 1120 2002 quin
1148 1948 1423 2003 magistratus
1453 1947 1636 1991 Romani
1668 1962 1747 1990 sua

199 2025 349 2074 sponte
382 2018 551 2061 obviam
579 2020 748 2062 iverint.

312 2091 401 2133 Sed
432 2092 558 2133 etiam
594 2092 676 2134 alia
709 2092 762 2134 de
792 2093 874 2134 hoc
906 2091 1150 2134 Latinitatis
1179 2091 1287 2141 iure,
1321 2091 1438 2146 quod
1477 2092 1744 2148 exponimus,

198 2162 343 2219 opinio
373 2163 608 2205 refellenda
637 2171 714 2206 est.
767 2164 864 2206 Non
890 2165 1043 2220 loquor
1073 2165 1126 2206 de
1146 2161 1369 2219 Savignio,
1403 2164 1476 2219 qui
1496 2164 1560 2218 (in
1579 2162 1744 2221 Opusc.

197 2251 286 2277 var.
314 2235 366 2276 T.
391 2235 460 2278 III
490 2251 532 2291 p.
563 2236 663 2292 299)
705 2236 813 2278 hanc
848 2236 1029 2279 civitatis
1071 2236 1372 2293 adipiscendae
1410 2237 1616 2279 rationem
1647 2236 1743 2293 lege

196 2308 308 2350 Iulia
340 2307 551 2350 sublatam
585 2315 712 2363 atque
741 2309 848 2351 illud
887 2324 964 2366 pro
998 2324 1048 2351 ea
1080 2309 1375 2350 introductum
1405 2323 1500 2351 esse
1529 2315 1662 2364 putat,
1695 2315 1744 2350 ut

197 2380 517 2436 magistratibus
550 2380 879 2436 municipalibus
918 2380 1118 2437 gerendis
1156 2380 1305 2422 civitas
1345 2379 1629 2430 obtineretur,
1659 2395 1744 2436 qua

198 2453 252 2494 de
281 2468 327 2494 re
366 2453 496 2509 paulo
537 2453 648 2495 infra
688 2469 827 2509 pauca
863 2452 1192 2509 disputabimus.
1245 2450 1334 2494 Sed
1364 2452 1458 2495 Nic.
1488 2452 1742 2508 Madvigius

196 2524 250 2566 de
286 2525 379 2566 iure
415 2525 551 2567 colon.
592 2525 656 2582 (in
687 2523 852 2581 Opusc.
881 2525 1018 2567 Acad.
1049 2526 1070 2567 Ι
1102 2541 1144 2581 p.
1175 2524 1275 2578 272)
1316 2531 1566 2580 perpetuam
1607 2524 1742 2567 fuisse

194 2597 335 2653 legem
372 2604 514 2652 negat,
554 2611 638 2651 qua
676 2596 832 2639 Livius
873 2597 1053 2647 Latinis,
1093 2597 1166 2652 qui
1203 2597 1248 2638 in
1291 2596 1441 2638 urbem
1472 2596 1741 2650 migrassent,

196 2669 412 2711 civitatem
455 2668 597 2710 datam
634 2684 729 2711 esse
771 2669 931 2718 scribit,
965 2684 1045 2710 nec
1083 2669 1253 2711 omnino
1283 2668 1456 2710 credere
1486 2669 1659 2711 videtur
1686 2667 1740 2710 de

195 2741 279 2791 illa,
313 2756 422 2797 quae
453 2741 621 2783 Latinis
663 2740 805 2790 fuerit,
837 2740 1020 2783 civitatis
1050 2741 1267 2783 Romanae
1302 2741 1587 2796 possessione,
1615 2739 1740 2782 euius

195 2828 301 2855 usus
342 2820 481 2855 certae
524 2812 706 2855 alicuius
746 2812 1018 2855 habitationis
1068 2813 1317 2855 condicione
1357 2812 1557 2854 astrictus
1596 2811 1738 2854 fuerit.

195 2885 287 2928 Nec
315 2895 428 2928 certe
458 2886 700 2942 promiscue
731 2884 898 2927 Latinis
928 2885 1108 2927 Romam
1137 2884 1444 2939 commigrandi
1474 2883 1740 2939 civitatisque
