1846 3100
180 136 234 181 48
613 144 668 176 De
697 142 810 176 Gallia
835 142 1068 176 Romanorum
1102 145 1286 186 provincia.

178 251 451 307 praesidibus
471 251 607 294 Roma
636 251 779 294 missis
807 250 1050 308 regebatur,
1079 252 1152 294 illa
1175 268 1260 296 non
1285 255 1427 298 minus
1452 255 1609 298 iisdem
1631 255 1728 312 qui-

178 322 261 366 bus
291 324 415 367 Italia
439 325 533 380 ipsa
560 324 748 380 parebat.
799 323 890 366 Nec
917 323 1059 366 hercle
1086 325 1263 381 reperiri
1288 333 1450 383 potest,
1480 343 1558 370 cur
1588 326 1728 371 Cisal-

178 395 303 452 pinae
329 397 505 452 quidem
535 396 643 439 ratio
674 403 837 438 mutata
867 410 962 438 esse
997 395 1208 439 videatur.
1268 397 1376 441 Nam
1415 399 1451 442 si
1483 400 1581 456 quis
1614 400 1729 443 dicat

181 466 303 511 Sulla
333 469 538 511 dictatore
570 467 918 511 constituendum
947 467 1096 518 fuisse,
1127 468 1160 510 si
1192 469 1296 524 quid
1317 479 1492 528 propter
1512 472 1727 515 civitatem

178 541 415 583 Romanam
431 541 579 584 Italiae
610 541 753 583 datam
780 539 824 581 in
853 538 1075 595 republica
1102 540 1395 598 imprimisque
1421 544 1465 586 in
1494 544 1728 602 provinciis

178 614 431 656 mutandum
464 621 590 664 esset,
624 620 736 656 certe
766 612 849 654 hoc
879 626 964 653 non
995 626 1045 653 eo
1074 613 1287 668 pertinere
1314 616 1466 671 potuit,
1507 624 1557 660 ut
1587 617 1730 662 Gallia

179 684 399 743 Cisalpina
426 686 480 729 ab
511 686 635 728 Italia
665 685 966 741 seiungeretur
991 685 1275 741 propriaeque
1304 689 1551 744 provinciae
1581 691 1650 733 ius
1677 706 1728 734 ac

178 759 358 800 formam
401 759 626 815 acciperet.
692 756 916 812 Numquid
965 756 1078 798 enim
1117 757 1242 800 Italia
1279 760 1451 803 excludi
1491 764 1726 819 oportebat,

178 831 383 886 quicquid
418 831 589 874 civitate
619 829 822 873 carebat?
866 829 927 871 At
957 834 1054 870 ante
1082 828 1224 885 legem
1240 831 1395 875 Iuliam
1423 834 1467 876 in
1496 835 1591 891 ipsa
1607 836 1729 879 Italia

178 911 217 945 et
234 903 466 959 municipia
484 903 760 959 coloniaeque
789 909 830 944 et
841 901 985 944 Latini
1003 907 1043 942 et
1063 901 1306 946 foederatae
1330 904 1523 949 civitates
1544 908 1726 960 fuerant,

177 975 328 1018 eadem
355 991 533 1032 prorsus
562 975 668 1017 iuris
700 973 961 1023 diversitate,
989 988 1118 1029 quam
1140 982 1238 1030 post
1255 976 1396 1032 legem
1410 978 1564 1022 Iuliam
1582 978 1724 1024 Gallia

180 1045 402 1104 Cisalpina
431 1047 671 1090 exhibebat.
730 1046 875 1102 Atque
909 1061 962 1087 ex
997 1046 1077 1088 hac
1114 1043 1221 1103 ipsa*
1236 1056 1399 1104 partem
1429 1057 1532 1093 tunc
1556 1060 1721 1096 constat

177 1135 302 1162 usam
334 1135 429 1162 esse
460 1120 643 1170 civitate,
673 1126 836 1176 partem
855 1118 1100 1169 Latinitate,
1130 1128 1294 1175 partem
1316 1128 1467 1165 neutra
1489 1124 1725 1180 praeditam

177 1192 391 1234 communi
423 1192 556 1234 fuisse
586 1191 797 1234 sociorum
830 1191 935 1241 iure,
965 1198 1014 1232 ut
1045 1191 1089 1232 in
1120 1206 1170 1233 ea
1197 1207 1305 1247 quae
1341 1200 1599 1238 statueretur
1625 1212 1725 1253 pro-

178 1264 319 1306 vincia
350 1264 493 1307 Gallia
523 1264 756 1320 Cisalpina,
789 1263 938 1305 eadem
965 1263 1230 1306 condicionis
1260 1265 1486 1309 diversitas
1517 1269 1724 1325 reperire-

112 1334 115 1338 ’
177 1343 268 1388 tur,
307 1353 417 1393 quae
441 1352 557 1380 nunc
586 1338 630 1379 in
661 1337 785 1378 Italia
822 1335 1050 1378 invenitur.
1108 1336 1398 1381 Veruntamen
1434 1347 1532 1395 post
1560 1338 1724 1384 Sullam

177 1412 294 1466 (nam
324 1410 378 1452 ab
410 1410 503 1466 ipso
533 1425 663 1452 unam
695 1408 824 1451 modo
841 1406 1037 1450 Ciliciam
1068 1423 1204 1451 novae
1231 1411 1473 1465 provinciae
1496 1411 1591 1455 iure
1621 1428 1724 1456 con-

177 1483 365 1525 stitutam
386 1498 480 1525 esse
503 1482 713 1538 diximus)
743 1496 827 1522 non
850 1495 1012 1537 paucae
1043 1480 1275 1523 extiterunt
1303 1497 1439 1525 novae
1464 1485 1722 1540 provinciae.

177 1555 340 1597 Earum
369 1555 506 1612 prima
526 1555 607 1597 fuit
626 1553 835 1611 Cyrenae,
866 1568 973 1609 quas
993 1568 1090 1595 cum
1118 1553 1381 1610 aliquamdiu
1406 1555 1599 1599 libertate
1618 1573 1724 1602 usae

175 1635 341 1678 essent,
379 1643 489 1670 anno
528 1628 582 1671 75
611 1628 662 1669 Ρ.
691 1625 878 1668 Lentulo
908 1626 1161 1669 Marcellino
1197 1628 1412 1681 quaestori
1449 1637 1723 1685 propraetore

175 1699 354 1742 traditas
393 1714 488 1742 esse
529 1700 738 1742 discimus
780 1713 832 1741 ex
860 1697 1121 1740 Sallustiano
1158 1699 1399 1755 fragmento
1435 1701 1551 1757 apud
1581 1701 1722 1745 Kritz.

174 1770 278 1814 Sall.
307 1771 459 1826 fragm.
488 1772 656 1816 I-n.47.
698 1771 848 1814 Altera
873 1769 954 1812 fuit
979 1769 1194 1826 Bithynia,
1225 1786 1334 1826 quae
1364 1778 1591 1830 postquam
1609 1790 1720 1818 anno

173 1844 227 1886 74
257 1843 506 1886 Nicomedis
533 1850 785 1887 testamento
816 1843 871 1885 ad
901 1842 1119 1885 Romanos
1147 1843 1362 1899 pervenit,
1398 1843 1442 1886 in
1474 1846 1720 1902 provinciae
1774 1839 1776 1841 ¹

173 1916 355 1957 formam
385 1916 559 1959 redacta
584 1923 649 1958 est
679 1915 732 1958 ab
759 1915 811 1957 L.
836 1915 963 1956 Iunio
998 1912 1158 1964 Silano,
1196 1915 1270 1970 qui
1297 1915 1412 1958 idem
1435 1915 1568 1960 Asiae
1595 1934 1720 1975 prae-

173 1995 284 2038 erat,
326 1989 636 2045 coniunctaque
676 1988 829 2030 mansit
868 2003 966 2030 cum
996 2002 1046 2029 ea
1074 1987 1295 2043 provincia
1324 1987 1404 2029 sub
1435 1988 1487 2030 L.
1520 1987 1718 2041 Octavio,

172 2067 264 2101 tum
297 2059 350 2101 L.
386 2060 574 2102 Lucullo
618 2067 660 2102 et
696 2059 759 2101 M.
793 2059 971 2101 Aurelio
1002 2057 1151 2109 Cotta,
1199 2059 1273 2114 qui
1314 2059 1472 2102 bellum
1511 2061 1720 2105 adversus

171 2131 468 2173 Mithridatem
499 2132 780 2174 communiter
805 2138 1046 2188 gesserunt,
1078 2132 1159 2173 sub
1190 2131 1266 2173 M.’
1297 2131 1440 2174 Acilio
1469 2131 1718 2185 Glabrione,

173 2203 253 2245 sub
296 2201 377 2245 Cn.
410 2204 637 2260 Pompeio,
686 2220 711 2246 a
748 2219 834 2259 qua
870 2211 1095 2259 postquam
1130 2204 1352 2259 provincia
1385 2205 1481 2261 lege
1516 2206 1722 2263 Pompeia

173 2275 304 2330 (Plin.
336 2276 457 2332 epist.
486 2277 549 2328 X,
578 2278 631 2320 83
657 2284 698 2318 et
728 2277 805 2318 113
836 2284 877 2318 et
912 2276 985 2317 115
1018 2283 1059 2317 et
1074 2274 1312 2318 Comment.
1342 2277 1563 2333 epigraph.
1581 2277 1678 2321 Vol.
1697 2278 1718 2321 I

171 2363 213 2403 p.
249 2350 322 2389 111
353 2355 395 2390 et
427 2350 504 2391 123
535 2356 574 2390 et
605 2349 796 2405 saepius)
827 2348 1055 2390 constituta
1078 2356 1155 2398 est,
1182 2348 1368 2403 primum
1388 2349 1607 2406 proprium
1637 2350 1719 2394 sibi

170 2427 379 2462 rectorem
405 2420 555 2463 habuit
582 2435 659 2476 per
690 2420 910 2463 biennium
938 2419 992 2462 ab
1021 2435 1131 2462 anno
1162 2420 1209 2463 61
1243 2436 1280 2462 a.
1299 2419 1402 2463 Chr.
1433 2419 1718 2478 C.Papirium

171 2490 415 2535 Carbonem
444 2492 643 2550 (Eckhel.
673 2493 824 2534 Doctr.
854 2508 1015 2534 numm.
1030 2492 1074 2534 II
1100 2508 1140 2548 p.
1158 2492 1274 2549 369).
1316 2493 1461 2535 Tertia
1479 2486 1573 2536 'fuit
1593 2494 1720 2550 Syria

171 2580 196 2607 a
226 2565 433 2621 Pompeio
470 2572 604 2622 capta,
632 2573 783 2622 quarta
813 2565 998 2620 denique
1030 2562 1172 2615 Creta,
1204 2565 1257 2607 de
1285 2581 1370 2621 qua
1399 2565 1716 2622 disputavimus

169 2638 214 2679 in
242 2635 482 2680 Comment.
520 2638 740 2694 epigraph.
775 2637 871 2680 Vol.
903 2637 949 2679 II
989 2653 1031 2693 p.
1061 2637 1155 2679 240.
1213 2636 1300 2680 Sed
1340 2637 1530 2680 omnium
1566 2638 1717 2681 harum

169 2710 490 2764 provinciarum
515 2710 621 2752 ratio
648 2710 821 2753 diversa
852 2716 953 2752 erat.
1001 2709 1127 2752 Duae
1157 2710 1268 2752 enim
1300 2725 1354 2752 ex
1381 2710 1434 2752 iis
1465 2717 1716 2753 testamento

169 2781 373 2825 Romanis
402 2782 573 2825 relictae
602 2790 734 2832 erant,
762 2782 873 2825 duae
900 2782 1028 2824 armis
1058 2789 1340 2838 expugnatae,
1379 2789 1427 2824 ut
1457 2797 1587 2824 causa
1615 2797 1716 2824 con-

171 2854 375 2897 stituendi
417 2862 630 2911 appareat.
695 2854 814 2896 Talis
851 2861 993 2897 autem
1033 2869 1131 2897 cum
1176 2855 1294 2898 nulla
1329 2855 1459 2898 fuerit
1490 2855 1534 2896 in
1574 2853 1717 2897 Gallia
