1846 3100
486 126 540 157 De
564 125 678 158 Gallia
703 126 932 158 Romanorum
961 125 1134 167 provincia
1160 125 1341 167 appendix.
1605 124 1678 167 171

141 236 349 293 deceptus
380 251 554 279 causam
583 234 694 291 legis
725 234 768 276 in
797 234 937 289 legem
969 232 1106 289 ipsam
1136 234 1275 276 vertit.
1334 232 1448 277 Sane
1475 234 1537 276 M.
1563 234 1682 277 Mar-

104 332 107 333 ⁷
141 308 277 350 cellus
307 323 418 351 anno
449 308 498 350 5¹1
533 308 678 350 retulit
707 306 762 349 ad
793 312 999 355 senatum,
1033 309 1226 359 quoniam
1255 306 1354 347 bello
1383 308 1570 356 confecto
1592 322 1683 360 pax

139 387 236 422 esset
284 396 336 422 ac
375 383 534 422 dimitti
567 380 718 421 deberet
749 381 879 420 victor
916 381 1117 419 exercitus
1158 376 1300 433 (Suet.
1343 377 1468 421 Caes.
1502 379 1591 434 28),
1635 385 1683 420 ut

143 450 306 496 Caesar
332 460 429 495 ante
457 459 626 508 tempus
651 457 944 499 revocaretur3
982 450 1058 491 sed
1084 450 1269 493 faciebat
1289 450 1336 492 id
1353 451 1540 493 invidiae
1566 451 1683 493 exci-

140 525 296 568 tandae
324 539 467 574 causa,
493 531 541 565 ut
559 523 642 580 ipsi
660 523 814 564 milites
833 520 1030 564 Caesaris
1056 522 1100 564 in
1126 522 1259 564 otium
1282 530 1324 564 et
1343 523 1518 565 domum
1542 523 1683 565 redire

141 604 360 654 cuperent,
395 596 565 639 volebat
595 596 774 638 fortasse
806 594 931 636 etiam
962 594 1015 636 de
1046 609 1095 636 ea
1121 609 1166 636 re
1197 609 1250 636 ex
1281 602 1453 637 senatus
1487 595 1682 637 consulto

140 670 243 713 ferri
262 670 318 713 ad
335 669 558 726 populum,
584 668 657 723 qui
676 674 723 708 ut
745 666 933 715 dederat,
961 666 1020 708 ita
1037 666 1225 709 adimere
1247 673 1411 723 poterat
1432 667 1681 724 imperium:

145 742 222 785 sed
249 742 406 785 licebat
431 741 476 783 id
506 741 644 790 etiam,
674 739 710 782 si
736 739 854 780 nulla
878 738 1088 780 eiusmodi
1111 754 1238 794 quam
1253 739 1529 783 Hofmannus
1547 747 1683 797 putat,

141 815 282 857 cautio
325 814 412 871 legi
449 813 634 869 ascripta
670 811 937 868 reperiretur.
1007 810 1153 852 Tertio
1189 811 1281 854 loco
1320 827 1428 867 quae
1466 829 1506 869 p.
1540 813 1592 856 27
1630 813 1684 855 de

140 887 499 944 Pompeianorum
527 885 695 928 insidiis
724 884 1009 939 disputantur,
1037 884 1180 939 qualia
1207 884 1304 935 sint,
1330 885 1442 927 infra
1467 886 1685 928 examina-

140 960 305 1003 bimus:
348 965 499 1015 quarto
526 958 621 1000 loco
650 973 690 1013 p.
718 955 790 1006 28,
823 971 918 998 cum
948 956 1106 1020 quibus
1133 972 1242 1012 quae
1273 973 1316 1013 p.
1344 958 1390 1000 31
1429 964 1551 1007 sunt,
1581 973 1684 1000 con-

140 1033 386 1089 iungemus,
416 1046 484 1074 res
508 1045 608 1073 sane
628 1046 780 1085 magna
798 1029 954 1085 agitur,
978 1044 1086 1084 quae
1106 1045 1204 1072 cum
1225 1030 1367 1072 verbis
1388 1029 1681 1073 Ciceronianis

140 1105 364 1154 efficiatur,
394 1118 545 1145 rursus
576 1118 627 1145 eo
653 1102 774 1153 redit,
804 1108 852 1143 ut
878 1101 1018 1144 minus
1039 1108 1155 1145 recta
1176 1102 1467 1159 interpretatio
1487 1102 1682 1145 adhiberi

139 1177 350 1221 videatur.
411 1174 488 1218 Ait
531 1175 643 1218 enim
678 1174 958 1230 Pompeianos
999 1174 1059 1216 ita
1096 1175 1315 1218 cavillatos
1358 1190 1476 1225 esse,
1517 1174 1684 1217 absenti

138 1249 267 1292 licere
285 1246 461 1291 Caesari
492 1255 635 1304 petere
662 1247 942 1296 consulatum,
970 1246 1168 1289 retinenti
1189 1248 1425 1289 exercitum
1443 1262 1526 1289 non
1544 1247 1685 1297 licere,

140 1321 360 1376 utiturque
394 1318 604 1362 Cicerone
645 1319 699 1361 ad
729 1317 819 1362 Att.
850 1319 949 1368 VII,
980 1319 1021 1369 7,
1061 1318 1137 1361 ubi
1164 1319 1236 1362 ille
1269 1335 1346 1376 per
1378 1320 1562 1376 speciem
1596 1335 1685 1362 ser-

140 1393 279 1435 monis
309 1407 408 1435 cum
429 1392 572 1434 Attico
599 1391 732 1433 habiti
759 1392 898 1433 nullos
925 1391 970 1432 in
994 1391 1215 1446 republica
1245 1392 1380 1434 bonos
1404 1407 1498 1434 esse
1522 1392 1685 1441 scribit,

140 1466 368 1522 plerosque
410 1480 463 1507 ne
501 1479 684 1520 regnum
720 1462 892 1519 quidem
928 1463 1095 1514 timere,
1141 1464 1376 1506 dummodo
1420 1464 1546 1507 otiosi
1589 1464 1685 1506 sint.

140 1538 256 1580 Tum
283 1538 477 1580 Atticus:
526 1538 636 1584 Quid
662 1551 756 1589 ergo
765 1539 787 1577 f>
834 1538 1071 1576 Exercitum
1105 1539 1321 1577 retinentis
1351 1552 1444 1578 cum
1474 1539 1574 1589 legis
1605 1538 1687 1577 dies

141 1613 366 1662 transierit,
396 1612 598 1650 rationem
628 1609 771 1649 haberi
788 1611 955 1660 placet?
1008 1605 1182 1650 Cicero:
1216 1610 1330 1650 Mihi
1353 1623 1445 1650 vero
1474 1624 1526 1649 ne
1550 1609 1686 1649 absen-

141 1686 192 1723 tis
220 1684 396 1736 quidem,
424 1683 494 1723 sed
518 1696 610 1722 cum
640 1682 687 1721 id
713 1682 853 1720 datum
877 1687 945 1729 est,
972 1682 1082 1722 illud
1099 1697 1185 1721 una
1204 1683 1346 1722 datum
1365 1687 1434 1721 est.
1488 1680 1684 1722 Atticus:

143 1758 358 1796 Annorum
397 1756 505 1794 enim
548 1754 678 1794 decem
716 1754 931 1805 imperium
971 1759 1008 1792 et
1038 1756 1098 1793 ita
1128 1756 1261 1794 latum
1286 1756 1453 1806 placet?
1508 1751 1684 1796 Cicero:

141 1829 284 1868 Placet
317 1828 449 1879 igilur
487 1827 609 1865 etiam
649 1839 712 1865 me
746 1826 958 1877 expulsum.
998 1831 1035 1865 et
1070 1841 1220 1878 agrum
1254 1827 1511 1879 Campanum
1536 1829 1688 1879 perisse

140 1906 180 1941 et
207 1901 450 1952 adoptatum
474 1900 704 1952 patricium
740 1912 765 1936 a
788 1896 964 1949 plebeio,
1001 1899 1255 1939 Gaditanmn
1293 1913 1319 1938 ιι
1350 1899 1619 1949 Alytilenaeo,
1649 1904 1690 1938 et

142 1972 320 2013 Labieni
356 1973 525 2012 divitiae
565 1976 604 2011 et
641 1973 885 2010 Mamurrae
911 1972 1076 2020 placent
1105 1977 1145 2010 et
1174 1970 1296 2011 Balbe·
1321 1972 1436 2010 horti
1461 1976 1501 2010 et
1532 1973 1686 2010 Tuscu-

141 2046 318 2085 lanum?
374 2042 475 2096 Quo
515 2041 570 2084 de
607 2042 701 2084 loco
738 2040 886 2097 quaeri
915 2041 973 2083 ait
995 2042 1289 2092 Hofmannus,
1335 2042 1440 2097 quid
1473 2042 1528 2084 sit
1556 2042 1687 2098 quod,

143 2131 239 2158 cum
268 2115 494 2171 plebiscito
526 2113 701 2157 Caesari
733 2114 882 2155 datum
914 2113 980 2163 sit,
1013 2120 1061 2155 ut
1086 2113 1255 2164 absens,
1287 2114 1395 2156 illud
1423 2130 1510 2157 una
1539 2115 1687 2156 datum

142 2202 237 2230 esse
262 2187 443 2236 dicatur,
470 2193 519 2228 ut
542 2187 729 2228 retinens
754 2184 987 2228 exercitum
1009 2186 1279 2228 consulatum
1302 2194 1477 2243 peteret.
1524 2188 1686 2243 Aperte

143 2266 285 2301 autem
322 2273 412 2301 rem
452 2274 478 2301 a
517 2257 725 2301 Cicerone
767 2257 1008 2313 significari.
1075 2257 1274 2300 Alterum
1313 2258 1426 2300 enim
1465 2275 1552 2301 una
1589 2273 1688 2301 cum

143 2331 275 2374 altero
313 2331 410 2373 ideo
451 2331 538 2374 dici
578 2331 725 2373 datum
755 2344 870 2380 esse,
908 2329 1024 2385 quod
1051 2329 1278 2386 imperium
1307 2329 1505 2373 Caesaris
1535 2331 1690 2373 fuisset

145 2403 295 2445 decem
333 2417 555 2445 annorum.
611 2403 762 2458 Neque
796 2402 841 2444 id
873 2417 999 2457 posse
1034 2401 1235 2458 intelligi,
1275 2403 1357 2445 nisi
1386 2411 1434 2444 ut
1463 2402 1688 2459 plebiscito

144 2482 319 2517 cautum
347 2489 442 2517 esse
471 2481 708 2517 statuamus
738 2489 822 2516 non
853 2475 1005 2524 solum,
1034 2482 1083 2516 ut
1112 2474 1266 2517 absens
1295 2473 1457 2517 Caesar
1491 2475 1689 2518 consula-

141 2554 236 2593 tum
270 2552 453 2602 peteret,
496 2546 573 2588 sed
612 2546 738 2588 etiam
775 2553 824 2588 ut
860 2553 1022 2602 peteret
1060 2553 1287 2602 antequam
1317 2547 1545 2602 imperium
1576 2554 1689 2590 esset

143 2619 324 2660 finitum.
381 2618 482 2660 Una
508 2617 589 2660 hac
616 2618 778 2660 ratione
809 2618 935 2668 effici,
964 2626 1012 2660 ut
1041 2620 1178 2660 absens
1198 2619 1314 2661 idem
1333 2618 1546 2675 significet
1571 2619 1689 2674 quod

143 2693 323 2731 retinens
354 2692 597 2739 exercituum
639 2689 752 2732 effici
788 2690 935 2741 etiam,
977 2699 1025 2732 ut
1056 2691 1203 2748 petitio
1233 2691 1480 2733 consulat-us
1513 2689 1689 2734 Caesari

144 2763 294 2805 ultimo
327 2761 495 2818 imperii
531 2777 641 2804 anno
669 2762 696 2804 i.
723 2777 760 2804 e.
801 2778 912 2805 anno
943 2764 996 2806 50
1034 2764 1133 2806 data
1170 2764 1235 2806 sit.
1305 2763 1459 2806 Omnis
1488 2763 1595 2806 haec
1619 2779 1688 2806 ra·-

147 2834 363 2877 tiocinatio
388 2833 441 2877 ab
463 2834 807 2892 interpretatione
827 2833 1047 2879 Ciceronis
1070 2836 1369 2894 proficiscitur.
1412 2835 1518 2878 Ideo
1541 2836 1689 2879 datum
