1846 3100
460 144 515 176 De
540 143 652 177 Gallia
676 144 909 178 Romanorum
932 145 1104 188 provincia
1130 146 1313 188 appendix.
1577 145 1655 188 157

111 253 310 296 videatur
339 253 392 296 ab
421 253 567 303 altera,
597 253 640 295 in
672 260 788 295 tanta
818 260 959 295 tamen
990 259 1031 295 et
1060 255 1301 309 argumenti
1334 255 1586 298 difficultate
1616 264 1658 299 et

112 326 299 367 virorum
332 326 523 382 ipsorum
553 324 802 367 auctoritate
832 332 873 366 et
898 325 1139 367 libellorum
1167 328 1404 371 eruditione
1437 329 1471 371 si
1500 329 1657 371 nostris

113 398 300 440 contenti
340 398 437 440 illos
481 398 844 454 neglexissemus,
890 397 1122 439 verendum
1161 414 1256 441 esse
1292 401 1561 457 putavimus,
1603 417 1657 443 ne

111 485 309 525 magnam
341 470 603 526 quaest-ionis
632 478 796 526 partem
821 470 1045 525 reliquisse
1075 486 1125 513 ac
1154 473 1268 526 quod
1299 472 1553 516 deberemus
1581 489 1656 530 pa-

111 558 208 590 rum
235 542 474 586 absolvisse
504 542 763 585 videremur.
819 542 1039 586 Transibit
1068 543 1193 586 etiam
1223 545 1354 587 oratio
1383 561 1453 596 eo,
1496 555 1544 588 ut
1571 561 1657 588 non

113 615 294 671 amplius
324 615 378 657 de
407 613 592 658 Caesare
624 621 666 657 et
692 615 911 670 Pompeio,
946 616 1022 658 sed
1049 623 1098 658 ut
1125 616 1178 658 de
1208 617 1412 660 universa
1439 618 1659 674 republica

112 688 304 730 Romana
342 694 496 743 agatur
530 687 731 742 quodque
767 686 822 729 ad
859 689 1000 731 omnia
1038 689 1205 745 imperii
1246 690 1426 732 Romani
1468 698 1658 747 tempora

112 760 341 816 pertineat,
382 759 436 802 ab
471 759 717 802 coniectura
754 775 902 815 parum
941 777 1042 804 vera
1078 762 1347 805 liberandum
1382 764 1448 805 sit.
1509 763 1658 818 Neque

114 848 217 875 vero
243 847 352 888 quae
379 832 686 888 scripseramus
712 840 876 875 mutare
901 833 1214 891 inserendaque
1242 837 1473 878 alienarum
1496 836 1658 892 opinio-

112 921 216 947 num
258 905 513 947 refutatione
549 913 741 960 nostram
785 905 1116 962 disputationem
1157 908 1407 964 perturbare
1451 908 1657 964 placebat.

113 977 259 1031 Quare
287 985 433 1020 nostra
461 992 570 1032 quae
602 993 732 1033 supra
756 978 982 1034 leguntur,
1015 981 1157 1035 qualia
1185 981 1507 1036 scripseramus,
1539 981 1658 1022 nullo

112 1050 244 1092 verbo
274 1057 348 1092 aut
375 1049 521 1091 addito
551 1057 623 1091 aut
652 1051 823 1106 dempto
853 1047 1011 1093 intacta
1042 1052 1306 1108 reliquimus,
1339 1054 1415 1094 sed
1443 1054 1552 1095 hanc
1583 1069 1657 1109 ap-

112 1122 337 1179 pendicem
375 1121 564 1164 criticam
605 1122 862 1172 adiecimus,
905 1139 989 1178 qua
1028 1125 1291 1180 superiorem
1326 1125 1657 1182 disputationem

111 1195 235 1251 quasi
264 1195 532 1252 exploremus
562 1210 758 1250 quaeque
786 1212 811 1238 a
839 1195 941 1238 viris
970 1196 1230 1240 doctissimis
1266 1206 1413 1241 contra
1442 1199 1657 1250 dicuntur,

115 1267 444 1324 diligentissime
474 1282 844 1323 persequeremur.

226 1339 415 1382 Habebit
431 1346 573 1381 autem
591 1339 824 1395 disputatio
838 1348 984 1384 nostra
1002 1350 1168 1398 praeter
1183 1350 1484 1398 argumentum
1501 1344 1657 1400 ipsum,

113 1412 167 1453 (le
198 1426 284 1467 quo
313 1411 477 1467 agitur,
516 1427 716 1467 magnam
749 1420 790 1454 et
817 1413 1040 1455 utilitatem
1073 1422 1114 1455 et
1142 1415 1432 1458 auctoritatem
1464 1417 1518 1458 ad
1549 1418 1658 1459 duas

111 1499 180 1527 res
211 1484 417 1526 maximas
449 1483 824 1534 demonstrandas,
859 1500 967 1539 quae
998 1500 1094 1527 cum
1126 1487 1289 1528 soleant
1318 1488 1360 1528 in
1390 1488 1473 1530 hoc
1502 1503 1658 1544 genere

111 1556 406 1612 quaestionum
435 1556 722 1598 commendari
749 1572 799 1599 ac
824 1557 1023 1613 praecipi,
1051 1558 1177 1600 nimis
1204 1566 1344 1601 tamen
1372 1561 1495 1602 facile
1521 1562 1658 1617 negli-

112 1636 286 1685 guntur.
351 1629 536 1678 Etenim,
570 1629 604 1671 si
630 1629 847 1672 veteribus
877 1629 1140 1685 temporibus
1169 1646 1277 1686 quae
1306 1640 1400 1674 acta
1432 1633 1528 1683 sint,
1559 1649 1658 1676 nar-

111 1708 272 1750 rentur,
303 1700 409 1756 quid
440 1701 576 1756 magis
604 1702 744 1743 caveri
773 1700 942 1751 iubent,
978 1717 1106 1757 quam
1139 1718 1192 1744 ne
1223 1703 1276 1745 ab
1307 1706 1554 1748 auctoribus
1585 1706 1658 1762 qui

114 1773 385 1814 tradiderunt
426 1773 673 1815 desciscas?
729 1773 919 1815 Difficile
963 1774 1074 1815 enim
1115 1776 1286 1818 omnino
1329 1778 1444 1819 factu
1484 1785 1570 1828 est,
1612 1785 1660 1819 ut

112 1844 287 1900 impune
329 1859 432 1900 prae
471 1851 546 1887 tua
585 1845 792 1901 sapientia
834 1853 998 1888 veteres
1039 1854 1235 1890 auctores
1268 1856 1534 1898 contemnas,
1574 1864 1658 1892 non

115 1923 280 1958 tantum
311 1915 460 1968 bonos,
491 1933 673 1973 quorum
705 1932 784 1959 nec
816 1917 924 1960 fides
957 1934 1037 1961 nec
1066 1920 1255 1970 scientia,
1286 1922 1369 1964 nisi
1400 1937 1658 1979 magnopere

111 1987 188 2030 tibi
217 1989 310 2045 ipse
338 1989 522 2045 placeas,
552 1989 640 2031 ullo
670 1990 797 2032 modo
827 1991 961 2046 possit
991 1991 1200 2043 incusari,
1234 2008 1383 2035 verum
1413 1995 1538 2036 etiam
1569 2010 1658 2037 me-

112 2060 293 2102 diocres.
348 2060 487 2104 Tanta
516 2069 581 2104 est
608 2069 852 2104 nostrorum
882 2078 1049 2105 morum
1080 2071 1206 2119 atque
1235 2065 1528 2108 institutorum
1561 2082 1658 2109 cum

112 2131 329 2175 veteribus
366 2132 674 2189 discrepantia,
712 2142 829 2176 tanta
861 2135 1142 2192 plurimorum
1182 2137 1256 2192 qui
1291 2138 1363 2180 illa
1394 2139 1660 2181 tradiderunt

112 2203 347 2260 diligentia.
405 2205 532 2247 Errat
577 2206 702 2248 etiam
742 2206 866 2248 facile
906 2207 1139 2258 iudicium,
1182 2216 1231 2249 ut
1270 2224 1368 2251 eum
1407 2226 1532 2266 quem
1573 2226 1658 2253 non

113 2275 272 2318 debeas
301 2277 658 2319 contemnendum
689 2293 784 2320 esse
812 2286 937 2334 putes
965 2294 1098 2334 eoque
1130 2281 1266 2337 magis
1295 2282 1330 2323 si
1354 2297 1448 2323 cum
1474 2283 1527 2325 iis
1550 2298 1659 2338 quae

111 2347 204 2404 ipse
248 2348 464 2391 inveneris
509 2365 701 2406 pugnare
747 2351 957 2393 videatur.
1028 2351 1173 2394 Veluti
1216 2352 1369 2394 horum
1412 2354 1456 2395 in
1501 2355 1659 2410 quibus

113 2420 346 2476 disputatio
374 2429 518 2464 nostra
543 2430 752 2473 versatur,
784 2431 1022 2479 temporum
1051 2425 1138 2466 duo
1166 2431 1330 2467 tantum
1360 2432 1503 2467 extant
1530 2428 1658 2483 paulo

113 2493 369 2548 copiosiores
401 2508 450 2536 ac
479 2496 673 2550 perpetui
704 2504 988 2548 enarratores,
1019 2497 1106 2539 Dio
1137 2496 1316 2540 Cassius
1348 2505 1389 2539 et
1416 2498 1657 2554 Appianus.

114 2563 312 2616 Quorum
357 2571 536 2620 uterque
581 2567 682 2621 quia
711 2567 877 2611 Graece
901 2569 1120 2625 scripsit,
1167 2570 1289 2624 quasi
1331 2569 1545 2612 Romanas
1588 2586 1658 2613 res

96 2635 334 2685 nescierit,
371 2651 396 2678 a
423 2636 680 2692 quibusdam
717 2641 1024 2691 contemnitur,
1064 2641 1313 2697 praesertim
1356 2642 1390 2682 si
1424 2657 1509 2697 qua
1537 2643 1581 2684 in
1612 2658 1658 2685 re

113 2706 165 2749 ab
198 2705 406 2750 Cicerone
443 2709 511 2751 vel
543 2707 727 2754 Caesare
765 2712 1046 2755 dissentiendi
1082 2714 1268 2769 speciem
1304 2714 1513 2769 praebeat.
1568 2714 1657 2757 Nos

114 2793 216 2821 vero
257 2794 342 2821 non
379 2780 507 2822 modo
535 2781 806 2838 Appianum,
851 2785 974 2827 cuius
1007 2785 1216 2827 bellorum
1252 2786 1442 2827 civilium
1482 2786 1658 2830 historia

53 2904 58 2912 .
114 2850 203 2892 fere
239 2850 405 2893 laudari
443 2852 569 2903 solet,
612 2869 760 2896 verum
797 2856 922 2898 etiam
953 2857 1140 2899 Dionem
1171 2857 1355 2899 fatemur
1384 2858 1426 2899 in
1458 2857 1657 2902 Caesaris
