1846 3100
390 882 450 931 A.
488 881 570 930 W.
602 880 943 930 ZUMPTIUS
979 879 1307 929 LECTURIS
1350 896 1386 929 s.
1420 896 1471 945 p.

161 1080 290 1157 Quas
329 1113 515 1154 virorum
554 1112 779 1154 doctorum
819 1099 1141 1154 benevolentiae
1179 1109 1518 1152 commendaturi
1559 1124 1708 1152 sumus

159 1184 214 1226 de
254 1184 422 1226 selectis
466 1185 765 1239 antiquitatum
802 1183 1091 1225 Romanarum
1133 1182 1345 1237 capitibus
1384 1181 1708 1238 disputationes,

158 1256 239 1298 etsi
270 1255 468 1298 videmus
507 1254 934 1298 commentationibus
966 1252 1266 1316 epigraphicis,
1298 1269 1481 1309 quarum
1515 1253 1602 1295 duo
1633 1267 1709 1295 vo-

158 1328 322 1370 lumina
350 1328 448 1370 olim
483 1328 713 1378 edidimus,
739 1327 1051 1384 propemodum
1083 1341 1178 1369 esse
1208 1326 1383 1376 similes,
1414 1341 1551 1382 pauca
1569 1333 1709 1367 tamen

159 1400 469 1456 praemittenda
509 1416 603 1443 esse
635 1400 895 1457 putavimus,
922 1414 1006 1441 non
1037 1406 1086 1440 ut
1115 1399 1322 1441 rationem
1351 1407 1540 1440 nostram
1578 1412 1709 1453 quae-

159 1472 281 1515 rendi
315 1488 640 1529 exponeremus,
674 1487 783 1527 quae
815 1472 850 1514 si
885 1471 939 1513 iis
975 1471 1050 1526 qui
1078 1471 1239 1535 harum!
1258 1471 1495 1513 litterarum
1525 1469 1709 1513 studiosi

161 1552 262 1586 sunt
299 1545 473 1601 placuit,
513 1543 793 1600 expositionis
834 1559 918 1586 non
958 1551 1069 1599 eget,
1111 1544 1146 1585 si
1184 1558 1269 1585 non
1305 1543 1480 1599 placuit,
1519 1542 1709 1584 oratione

159 1625 305 1659 nostra
342 1618 500 1673 gratior
532 1617 624 1659 fieri
659 1632 745 1659 non
779 1622 932 1672 potest,
963 1616 1040 1658 sed
1070 1623 1118 1658 ut
1145 1623 1187 1658 et
1217 1623 1404 1658 veterem
1436 1629 1597 1656 morem
1631 1612 1708 1655 ob-

161 1703 444 1739 servaremus,
481 1697 522 1731 et
560 1689 665 1744 quid
701 1690 743 1731 in
787 1703 955 1743 quaque
993 1687 1283 1744 disputatione
1322 1687 1457 1730 secuti
1500 1700 1708 1735 essemUS,

159 1761 347 1804 breviter
378 1761 730 1817 significaremus.
787 1759 1022 1817 Coepimus
1051 1760 1227 1816 quidem
1260 1760 1366 1802 haec
1398 1758 1583 1802 scribere
1612 1765 1709 1800 ante

159 1841 363 1889 quattuor
397 1835 485 1875 fere
526 1848 680 1876 annos:
721 1849 830 1889 quae
870 1849 967 1875 cum
1000 1840 1151 1889 postea
1180 1832 1554 1888 locupletaremus‚
1595 1844 1709 1872 com-

159 1920 430 1962 poneremus,
472 1906 792 1955 adornaoemus,
836 1920 963 1962 saepe
1004 1920 1080 1947 nos
1118 1919 1276 1960 magna
1313 1903 1523 1946 dubitatio
1565 1901 1709 1952 subiit,

161 1993 229 2028 an,
256 1993 365 2034 quae
396 1978 550 2020 Latine
584 1993 636 2019 ex
668 1978 979 2020 consuetudine
1007 1985 1154 2020 nostra
1188 1976 1488 2026 scriberemus,
1516 1974 1597 2017 hac
1626 1975 1709 2016 lin-

161 2064 248 2105 gua
273 2057 418 2092 nostra
444 2051 658 2092 communi
686 2049 943 2093 Germanice
972 2049 1133 2092 narrari
1162 2056 1409 2105 praestaret.
1467 2047 1578 2090 Nam
1607 2047 1708 2090 olim

159 2122 308 2178 lingua
340 2122 495 2165 Latina
522 2122 650 2164 huius
682 2122 851 2178 generis
884 2121 1207 2164 existimabatur
1235 2136 1329 2163 esse
1351 2120 1536 2177 propria,
1554 2126 1603 2161 ut
1622 2133 1708 2162 non

156 2194 234 2249 vqui
260 2208 309 2236 ea
333 2201 539 2244 uteretur,
563 2195 854 2244 excusatione,
880 2194 957 2242 sed
976 2194 1049 2250 qui
1068 2208 1152 2236 non
1172 2199 1378 2242 uteretur,
1397 2191 1708 2248 vituperatione

160 2266 320 2322 dignun
352 2281 447 2308 esse
482 2266 704 2309 videretur
731 2281 927 2322 quaeque
955 2265 1142 2321 antiquis
1172 2264 1439 2321 temporibus
1473 2271 1567 2307 acta
1596 2270 1708 2314 sunt,

163 2338 199 2380 si
243 2338 417 2393 antiquo
457 2353 652 2381 sermone
693 2344 1020 2394 exponerentur,
1062 2352 1112 2380 ea
1149 2352 1259 2392 quae
1297 2344 1550 2393 argumento
1585 2337 1709 2381 unice

162 2410 420 2459 conveniret,
461 2411 598 2452 forma
633 2410 768 2452 electa
803 2425 898 2452 esse
934 2417 1170 2466 putaretur.
1233 2409 1361 2452 Nunc
1391 2416 1552 2451 mutato
1591 2423 1709 2452 more

162 2481 334 2538 plurimi
365 2481 491 2523 etiam
522 2481 576 2523 de
608 2482 932 2536 antiquitatibus
971 2480 1146 2523 tradunt
1177 2481 1452 2524 Germanice:
1485 2481 1560 2536 qui
1587 2481 1709 2526 Lati-

125 2594 127 2599 .
162 2569 258 2596 nam
294 2553 532 2596 orationem
574 2562 758 2603 servant,
797 2569 847 2597 eo
889 2568 1020 2609 prope
1056 2553 1218 2598 redacti
1261 2560 1373 2603 sunt,
1411 2560 1460 2594 ut
1494 2568 1588 2596 eam
1624 2568 1708 2597 non

162 2625 359 2682 publicae
387 2625 595 2675 utilitatis,
627 2626 703 2667 sed
737 2625 804 2667 sui
832 2625 1059 2669 cuiusdam
1082 2625 1214 2669 studii
1234 2633 1308 2671 aut
1329 2625 1547 2667 doctrinae
1566 2632 1709 2669 osten·

163 2698 317 2743 tandae
360 2712 492 2739 causa
530 2697 712 2753 elegisse
753 2697 992 2740 videantur.
1047 2697 1193 2741 Habet
1232 2705 1372 2740 tamen
1411 2713 1490 2740 sua
1529 2703 1710 2752 utraque

163 2770 298 2813 oratio
338 2769 575 2811 commoda.
627 2769 736 2812 Nam
775 2769 930 2815 Latine
970 2770 1205 2814 scribentes
1238 2784 1497 2824 quamquam
1528 2768 1709 2812 dubium

163 2856 249 2885 non
290 2848 368 2892 est,
406 2841 509 2896 quin
547 2857 573 2883 a
602 2841 750 2896 paucis
781 2843 954 2887 omnino
992 2849 1256 2898 expetamur,
1287 2858 1312 2883 a
1340 2839 1614 2897 paucioribus
1644 2841 1710 2887 in-

1221 2920 1228 2926 ·
1384 2914 1440 2937 *ff
