<?xml version="1.0" encoding="UTF-8"?>
<!DOCTYPE html PUBLIC "-//W3C//DTD XHTML 1.0 Transitional//EN"
    "http://www.w3.org/TR/xhtml1/DTD/xhtml1-transitional.dtd">
<html xmlns="http://www.w3.org/1999/xhtml" xml:lang="en" lang="en">
 <head>
  <title>
</title>
<meta http-equiv="Content-Type" content="text/html;charset=utf-8" />
  <meta name='ocr-system' content='tesseract 3.04.00' />
  <meta name='ocr-capabilities' content='ocr_page ocr_carea ocr_par ocr_line ocrx_word'/>
</head>
<body>
  <div class='ocr_page' id='page_1' title='image "./studiaromanasive00zump_0050.png"; bbox 0 0 1846 3100; ppageno 0'>
   <div class='ocr_carea' id='block_1_1' title="bbox 142 148 1256 193">
    <p class='ocr_par' dir='ltr' id='par_1_1' title="bbox 142 148 1256 193">
     <span class='ocr_line' id='line_1_1' title="bbox 142 148 1256 193; baseline -0.004 -8"><span class='ocrx_word' id='word_1_1' title='bbox 142 148 195 191; x_wconf 83' lang='lat'><strong>38</strong></span> <span class='ocrx_word' id='word_1_2' title='bbox 586 150 640 182; x_wconf 92' lang='lat' dir='ltr'><strong>De</strong></span> <span class='ocrx_word' id='word_1_3' title='bbox 665 149 779 182; x_wconf 87' lang='lat' dir='ltr'><strong>Gallia</strong></span> <span class='ocrx_word' id='word_1_4' title='bbox 804 150 1037 182; x_wconf 76' lang='lat' dir='ltr'><strong>Romanorum</strong></span> <span class='ocrx_word' id='word_1_5' title='bbox 1071 151 1256 193; x_wconf 85' lang='lat' dir='ltr'><strong>provincia.</strong></span> 
     </span>
    </p>
   </div>
   <div class='ocr_carea' id='block_1_2' title="bbox 132 258 1693 2909">
    <p class='ocr_par' dir='ltr' id='par_1_2' title="bbox 132 258 1693 2909">
     <span class='ocr_line' id='line_1_2' title="bbox 140 258 1691 318; baseline 0.003 -17"><span class='ocrx_word' id='word_1_6' title='bbox 140 259 304 315; x_wconf 87' lang='lat' dir='ltr'><strong>aliquid</strong></span> <span class='ocrx_word' id='word_1_7' title='bbox 335 260 499 302; x_wconf 90' lang='lat' dir='ltr'><strong>sancire</strong></span> <span class='ocrx_word' id='word_1_8' title='bbox 530 265 708 316; x_wconf 88' lang='lat' dir='ltr'><strong>poterat.</strong></span> <span class='ocrx_word' id='word_1_9' title='bbox 751 258 923 300; x_wconf 79' lang='lat' dir='ltr'>Etenim</span> <span class='ocrx_word' id='word_1_10' title='bbox 944 258 1253 315; x_wconf 83' lang='lat' dir='ltr'>Transpadana</span> <span class='ocrx_word' id='word_1_11' title='bbox 1284 260 1440 312; x_wconf 84' lang='lat' dir='ltr'><strong>Gallia,</strong></span> <span class='ocrx_word' id='word_1_12' title='bbox 1467 277 1577 318; x_wconf 88' lang='lat' dir='ltr'><strong>quae</strong></span> <span class='ocrx_word' id='word_1_13' title='bbox 1604 262 1691 305; x_wconf 87' lang='lat' dir='ltr'><strong>dici</strong></span> 
     </span>
     <span class='ocr_line' id='line_1_3' title="bbox 142 330 1690 388; baseline 0.002 -14"><span class='ocrx_word' id='word_1_14' title='bbox 142 332 262 382; x_wconf 88' lang='lat' dir='ltr'><strong>solet,</strong></span> <span class='ocrx_word' id='word_1_15' title='bbox 295 332 400 387; x_wconf 91' lang='lat' dir='ltr'><strong>quid</strong></span> <span class='ocrx_word' id='word_1_16' title='bbox 433 331 604 374; x_wconf 91' lang='lat' dir='ltr'><strong>tandem</strong></span> <span class='ocrx_word' id='word_1_17' title='bbox 637 332 799 373; x_wconf 86' lang='lat' dir='ltr'><strong>factum</strong></span> <span class='ocrx_word' id='word_1_18' title='bbox 827 330 920 373; x_wconf 87' lang='lat' dir='ltr'><strong>est?</strong></span> <span class='ocrx_word' id='word_1_19' title='bbox 964 331 1019 373; x_wconf 85' lang='lat' dir='ltr'><strong>Ei</strong></span> <span class='ocrx_word' id='word_1_20' title='bbox 1049 339 1244 388; x_wconf 89' lang='lat' dir='ltr'><strong>potuerat</strong></span> <span class='ocrx_word' id='word_1_21' title='bbox 1272 340 1384 377; x_wconf 86' lang='lat' dir='ltr'><strong>certe</strong></span> <span class='ocrx_word' id='word_1_22' title='bbox 1413 334 1506 376; x_wconf 87' lang='lat' dir='ltr'><strong>dari</strong></span> <span class='ocrx_word' id='word_1_23' title='bbox 1540 334 1690 378; x_wconf 84' lang='lat' dir='ltr'><strong>civitas</strong></span> 
     </span>
     <span class='ocr_line' id='line_1_4' title="bbox 140 402 1691 460; baseline 0.003 -15"><span class='ocrx_word' id='word_1_24' title='bbox 140 418 227 446; x_wconf 92' lang='lat' dir='ltr'><strong>non</strong></span> <span class='ocrx_word' id='word_1_25' title='bbox 255 403 397 446; x_wconf 89' lang='lat' dir='ltr'><strong>minus</strong></span> <span class='ocrx_word' id='word_1_26' title='bbox 429 410 544 446; x_wconf 91' lang='lat' dir='ltr'><strong>recte</strong></span> <span class='ocrx_word' id='word_1_27' title='bbox 583 418 710 458; x_wconf 88' lang='lat' dir='ltr'><strong>quam</strong></span> <span class='ocrx_word' id='word_1_28' title='bbox 749 402 925 457; x_wconf 88' lang='lat' dir='ltr'><strong>reliquis</strong></span> <span class='ocrx_word' id='word_1_29' title='bbox 951 403 1096 454; x_wconf 85' lang='lat' dir='ltr'><strong>Italis3</strong></span> <span class='ocrx_word' id='word_1_30' title='bbox 1144 420 1363 460; x_wconf 91' lang='lat' dir='ltr'><strong>nunquam</strong></span> <span class='ocrx_word' id='word_1_31' title='bbox 1402 406 1515 448; x_wconf 92' lang='lat' dir='ltr'><strong>enim</strong></span> <span class='ocrx_word' id='word_1_32' title='bbox 1544 406 1691 450; x_wconf 88' lang='lat' dir='ltr'><strong>Padus</strong></span> 
     </span>
     <span class='ocr_line' id='line_1_5' title="bbox 138 464 1691 531; baseline 0.003 -14"><span class='ocrx_word' id='word_1_33' title='bbox 138 475 198 518; x_wconf 90' lang='lat' dir='ltr'><strong>ita</strong></span> <span class='ocrx_word' id='word_1_34' title='bbox 224 476 451 518; x_wconf 89' lang='lat' dir='ltr'><strong>terminum</strong></span> <span class='ocrx_word' id='word_1_35' title='bbox 481 475 695 531; x_wconf 87' lang='lat' dir='ltr'>quendam</span> <span class='ocrx_word' id='word_1_36' title='bbox 721 474 765 516; x_wconf 91' lang='lat' dir='ltr'><strong>in</strong></span> <span class='ocrx_word' id='word_1_37' title='bbox 795 474 918 516; x_wconf 88' lang='lat' dir='ltr'><strong>Italia</strong></span> <span class='ocrx_word' id='word_1_38' title='bbox 944 475 1098 525; x_wconf 88' lang='lat' dir='ltr'><strong>effecit,</strong></span> <span class='ocrx_word' id='word_1_39' title='bbox 1127 483 1176 518; x_wconf 91' lang='lat' dir='ltr'><strong>ut</strong></span> <span class='ocrx_word' id='word_1_40' title='bbox 1206 477 1280 531; x_wconf 91' lang='lat' dir='ltr'><strong>qui</strong></span> <span class='ocrx_word' id='word_1_41' title='bbox 1312 464 1540 520; x_wconf 54' lang='lat' dir='ltr'><strong>citra’eum</strong></span> <span class='ocrx_word' id='word_1_42' title='bbox 1569 478 1691 521; x_wconf 80' lang='lat' dir='ltr'><strong>habi-</strong></span> 
     </span>
     <span class='ocr_line' id='line_1_6' title="bbox 139 547 1692 607; baseline 0.003 -18"><span class='ocrx_word' id='word_1_43' title='bbox 139 555 291 598; x_wconf 83' lang='lat' dir='ltr'>tarent,</span> <span class='ocrx_word' id='word_1_44' title='bbox 324 548 511 598; x_wconf 90' lang='lat' dir='ltr'><strong>meliore,</strong></span> <span class='ocrx_word' id='word_1_45' title='bbox 541 548 615 603; x_wconf 92' lang='lat' dir='ltr'><strong>qui</strong></span> <span class='ocrx_word' id='word_1_46' title='bbox 630 547 754 597; x_wconf 90' lang='lat' dir='ltr'><strong>ultra,</strong></span> <span class='ocrx_word' id='word_1_47' title='bbox 788 547 999 590; x_wconf 83' lang='lat' dir='ltr'><strong>deteriore</strong></span> <span class='ocrx_word' id='word_1_48' title='bbox 1020 547 1114 589; x_wconf 89' lang='lat' dir='ltr'><strong>iure</strong></span> <span class='ocrx_word' id='word_1_49' title='bbox 1130 556 1366 591; x_wconf 88' lang='lat' dir='ltr'><strong>uterentur.</strong></span> <span class='ocrx_word' id='word_1_50' title='bbox 1397 549 1536 605; x_wconf 90' lang='lat' dir='ltr'><strong>quue</strong></span> <span class='ocrx_word' id='word_1_51' title='bbox 1558 551 1692 607; x_wconf 88' lang='lat' dir='ltr'><strong>vulgo</strong></span> 
     </span>
     <span class='ocr_line' id='line_1_7' title="bbox 140 618 1692 678; baseline 0.002 -16"><span class='ocrx_word' id='word_1_52' title='bbox 140 619 247 662; x_wconf 88' lang='lat' dir='ltr'><strong>adeo</strong></span> <span class='ocrx_word' id='word_1_53' title='bbox 278 620 495 662; x_wconf 88' lang='lat' dir='ltr'><strong>Romanos</strong></span> <span class='ocrx_word' id='word_1_54' title='bbox 533 619 799 662; x_wconf 80' lang='lat' dir='ltr'><strong>existimasse</strong></span> <span class='ocrx_word' id='word_1_55' title='bbox 844 619 970 662; x_wconf 92' lang='lat' dir='ltr'><strong>docet</strong></span> <span class='ocrx_word' id='word_1_56' title='bbox 1000 618 1154 662; x_wconf 84' lang='lat' dir='ltr'><strong>Cicero</strong></span> <span class='ocrx_word' id='word_1_57' title='bbox 1193 621 1247 663; x_wconf 92' lang='lat' dir='ltr'><strong>de</strong></span> <span class='ocrx_word' id='word_1_58' title='bbox 1285 621 1355 663; x_wconf 86' lang='lat' dir='ltr'><strong>off.</strong></span> <span class='ocrx_word' id='word_1_59' title='bbox 1382 622 1472 672; x_wconf 90' lang='grc' dir='ltr'><strong>ΙΠ,</strong></span> <span class='ocrx_word' id='word_1_60' title='bbox 1505 622 1579 672; x_wconf 81' lang='lat'><strong>22,</strong></span> <span class='ocrx_word' id='word_1_61' title='bbox 1618 623 1692 678; x_wconf 92' lang='lat' dir='ltr'><strong>qui</strong></span> 
     </span>
     <span class='ocr_line' id='line_1_8' title="bbox 140 687 1690 749; baseline 0.002 -15"><span class='ocrx_word' id='word_1_62' title='bbox 140 690 375 735; x_wconf 86' lang='lat' dir='ltr'><strong>Curionem</strong></span> <span class='ocrx_word' id='word_1_63' title='bbox 405 699 569 743; x_wconf 87' lang='lat' dir='ltr'><strong>narrat,</strong></span> <span class='ocrx_word' id='word_1_64' title='bbox 612 707 710 735; x_wconf 92' lang='lat' dir='ltr'><strong>cum</strong></span> <span class='ocrx_word' id='word_1_65' title='bbox 743 706 915 734; x_wconf 90' lang='lat' dir='ltr'><strong>causam</strong></span> <span class='ocrx_word' id='word_1_66' title='bbox 942 687 1348 748; x_wconf 87' lang='lat' dir='ltr'><strong>Transpadanorum</strong></span> <span class='ocrx_word' id='word_1_67' title='bbox 1387 709 1564 749; x_wconf 87' lang='lat' dir='ltr'><strong>aequam</strong></span> <span class='ocrx_word' id='word_1_68' title='bbox 1595 709 1690 738; x_wconf 86' lang='lat' dir='ltr'><strong>esse</strong></span> 
     </span>
     <span class='ocr_line' id='line_1_9' title="bbox 140 763 1692 822; baseline 0.002 -17"><span class='ocrx_word' id='word_1_69' title='bbox 140 763 313 814; x_wconf 89' lang='lat' dir='ltr'><strong>diceret,</strong></span> <span class='ocrx_word' id='word_1_70' title='bbox 340 779 507 821; x_wconf 86' lang='lat' dir='ltr'><strong>semper</strong></span> <span class='ocrx_word' id='word_1_71' title='bbox 521 764 758 814; x_wconf 85' lang='lat' dir='ltr'><strong>addidisse,</strong></span> <span class='ocrx_word' id='word_1_72' title='bbox 789 764 977 806; x_wconf 88' lang='lat' dir='ltr'><strong>vinceret</strong></span> <span class='ocrx_word' id='word_1_73' title='bbox 995 764 1157 807; x_wconf 88' lang='lat' dir='ltr'><strong>utilitas</strong></span> <span class='ocrx_word' id='word_1_74' title='bbox 1179 765 1452 821; x_wconf 88' lang='lat' dir='ltr'><strong>reipublicae.</strong></span> <span class='ocrx_word' id='word_1_75' title='bbox 1491 766 1692 822; x_wconf 89' lang='lat' dir='ltr'><strong>Aequum</strong></span> 
     </span>
     <span class='ocr_line' id='line_1_10' title="bbox 138 835 1692 894; baseline 0.002 -16"><span class='ocrx_word' id='word_1_76' title='bbox 138 835 274 892; x_wconf 86' lang='lat' dir='ltr'><strong>igitur</strong></span> <span class='ocrx_word' id='word_1_77' title='bbox 301 851 396 878; x_wconf 87' lang='lat' dir='ltr'><strong>esse</strong></span> <span class='ocrx_word' id='word_1_78' title='bbox 414 835 590 891; x_wconf 85' lang='lat' dir='ltr'><strong>putabat</strong></span> <span class='ocrx_word' id='word_1_79' title='bbox 606 836 951 893; x_wconf 84' lang='lat' dir='ltr'><strong>Transpadanos,</strong></span> <span class='ocrx_word' id='word_1_80' title='bbox 982 851 1162 891; x_wconf 90' lang='lat' dir='ltr'><strong>quorum</strong></span> <span class='ocrx_word' id='word_1_81' title='bbox 1185 851 1315 880; x_wconf 88' lang='lat' dir='ltr'><strong>causa</strong></span> <span class='ocrx_word' id='word_1_82' title='bbox 1337 853 1362 879; x_wconf 83' lang='lat' dir='ltr'><strong>a</strong></span> <span class='ocrx_word' id='word_1_83' title='bbox 1378 838 1556 894; x_wconf 89' lang='lat' dir='ltr'><strong>reliquis</strong></span> <span class='ocrx_word' id='word_1_84' title='bbox 1573 839 1692 881; x_wconf 83' lang='lat' dir='ltr'><strong>Italis</strong></span> 
     </span>
     <span class='ocr_line' id='line_1_11' title="bbox 139 908 1693 964; baseline 0.001 -14"><span class='ocrx_word' id='word_1_85' title='bbox 139 908 246 950; x_wconf 88' lang='lat' dir='ltr'><strong>nihil</strong></span> <span class='ocrx_word' id='word_1_86' title='bbox 273 908 556 964; x_wconf 79' lang='lat' dir='ltr'><strong>discrepabat,</strong></span> <span class='ocrx_word' id='word_1_87' title='bbox 585 908 756 951; x_wconf 84' lang='lat' dir='ltr'><strong>civitate</strong></span> <span class='ocrx_word' id='word_1_88' title='bbox 774 908 938 959; x_wconf 91' lang='lat' dir='ltr'><strong>donari,</strong></span> <span class='ocrx_word' id='word_1_89' title='bbox 969 908 1047 950; x_wconf 90' lang='lat' dir='ltr'><strong>sed</strong></span> <span class='ocrx_word' id='word_1_90' title='bbox 1074 908 1167 950; x_wconf 91' lang='lat' dir='ltr'><strong>fieri</strong></span> <span class='ocrx_word' id='word_1_91' title='bbox 1195 909 1241 950; x_wconf 91' lang='lat' dir='ltr'><strong>id</strong></span> <span class='ocrx_word' id='word_1_92' title='bbox 1267 909 1451 960; x_wconf 85' lang='lat' dir='ltr'><strong>nolebat,</strong></span> <span class='ocrx_word' id='word_1_93' title='bbox 1479 925 1532 952; x_wconf 88' lang='lat' dir='ltr'><strong>ne</strong></span> <span class='ocrx_word' id='word_1_94' title='bbox 1552 910 1693 952; x_wconf 89' lang='lat' dir='ltr'><strong>omnia</strong></span> 
     </span>
     <span class='ocr_line' id='line_1_12' title="bbox 139 979 1691 1040; baseline 0.003 -18"><span class='ocrx_word' id='word_1_95' title='bbox 139 979 402 1036; x_wconf 88' lang='lat' dir='ltr'><strong>reipublicae</strong></span> <span class='ocrx_word' id='word_1_96' title='bbox 429 979 636 1022; x_wconf 84' lang='lat' dir='ltr'><strong>beneficia</strong></span> <span class='ocrx_word' id='word_1_97' title='bbox 670 995 757 1022; x_wconf 92' lang='lat' dir='ltr'><strong>uno</strong></span> <span class='ocrx_word' id='word_1_98' title='bbox 794 987 983 1035; x_wconf 90' lang='lat' dir='ltr'><strong>tempore</strong></span> <span class='ocrx_word' id='word_1_99' title='bbox 1013 980 1349 1023; x_wconf 84' lang='lat' dir='ltr'><strong>effunderentur.</strong></span> <span class='ocrx_word' id='word_1_100' title='bbox 1403 983 1568 1025; x_wconf 85' lang='lat' dir='ltr'><strong>Eodem</strong></span> <span class='ocrx_word' id='word_1_101' title='bbox 1596 999 1691 1040; x_wconf 85' lang='lat' dir='ltr'><strong>per-</strong></span> 
     </span>
     <span class='ocr_line' id='line_1_13' title="bbox 138 1050 1691 1108; baseline 0.003 -14"><span class='ocrx_word' id='word_1_102' title='bbox 138 1052 245 1094; x_wconf 85' lang='lat' dir='ltr'><strong>tinet</strong></span> <span class='ocrx_word' id='word_1_103' title='bbox 275 1052 430 1094; x_wconf 80' lang='lat' dir='ltr'><strong>Dionis</strong></span> <span class='ocrx_word' id='word_1_104' title='bbox 461 1050 604 1094; x_wconf 86' lang='lat' dir='ltr'><strong>Cassii</strong></span> <span class='ocrx_word' id='word_1_105' title='bbox 632 1052 766 1103; x_wconf 91' lang='lat' dir='ltr'><strong>locus,</strong></span> <span class='ocrx_word' id='word_1_106' title='bbox 795 1051 868 1107; x_wconf 90' lang='lat' dir='ltr'><strong>qui</strong></span> <span class='ocrx_word' id='word_1_107' title='bbox 900 1067 1032 1108; x_wconf 89' lang='lat' dir='ltr'><strong>supra</strong></span> <span class='ocrx_word' id='word_1_108' title='bbox 1059 1053 1212 1095; x_wconf 89' lang='lat' dir='ltr'><strong>allatus</strong></span> <span class='ocrx_word' id='word_1_109' title='bbox 1242 1061 1328 1103; x_wconf 85' lang='lat' dir='ltr'><strong>est3</strong></span> <span class='ocrx_word' id='word_1_110' title='bbox 1366 1069 1463 1097; x_wconf 90' lang='lat' dir='ltr'><strong>nam</strong></span> <span class='ocrx_word' id='word_1_111' title='bbox 1492 1069 1691 1098; x_wconf 81' lang='lat' dir='ltr'><strong>censores</strong></span> 
     </span>
     <span class='ocr_line' id='line_1_14' title="bbox 139 1123 1692 1180; baseline 0.003 -15"><span class='ocrx_word' id='word_1_112' title='bbox 139 1124 239 1166; x_wconf 91' lang='lat' dir='ltr'><strong>anni</strong></span> <span class='ocrx_word' id='word_1_113' title='bbox 259 1124 312 1166; x_wconf 81' lang='lat'><strong>65</strong></span> <span class='ocrx_word' id='word_1_114' title='bbox 344 1123 381 1165; x_wconf 91' lang='lat' dir='ltr'><strong>si</strong></span> <span class='ocrx_word' id='word_1_115' title='bbox 410 1124 464 1166; x_wconf 90' lang='lat' dir='ltr'><strong>de</strong></span> <span class='ocrx_word' id='word_1_116' title='bbox 492 1124 663 1166; x_wconf 88' lang='lat' dir='ltr'><strong>civitate</strong></span> <span class='ocrx_word' id='word_1_117' title='bbox 676 1124 996 1180; x_wconf 82' lang='lat' dir='ltr'><strong>Transpadanis</strong></span> <span class='ocrx_word' id='word_1_118' title='bbox 1024 1124 1167 1167; x_wconf 84' lang='lat' dir='ltr'><strong>danda</strong></span> <span class='ocrx_word' id='word_1_119' title='bbox 1195 1126 1464 1168; x_wconf 86' lang='lat' dir='ltr'><strong>dissidebant</strong></span> <span class='ocrx_word' id='word_1_120' title='bbox 1489 1143 1566 1169; x_wconf 89' lang='lat' dir='ltr'><strong>nec</strong></span> <span class='ocrx_word' id='word_1_121' title='bbox 1594 1127 1692 1170; x_wconf 90' lang='lat' dir='ltr'><strong>ideo</strong></span> 
     </span>
     <span class='ocr_line' id='line_1_15' title="bbox 140 1195 1691 1253; baseline 0.003 -16"><span class='ocrx_word' id='word_1_122' title='bbox 140 1195 346 1252; x_wconf 89' lang='lat' dir='ltr'><strong>populum</strong></span> <span class='ocrx_word' id='word_1_123' title='bbox 373 1196 470 1252; x_wconf 86' lang='lat' dir='ltr'><strong>lege</strong></span> <span class='ocrx_word' id='word_1_124' title='bbox 498 1197 675 1239; x_wconf 88' lang='lat' dir='ltr'><strong>ferenda</strong></span> <span class='ocrx_word' id='word_1_125' title='bbox 703 1196 949 1239; x_wconf 86' lang='lat' dir='ltr'><strong>adeundum</strong></span> <span class='ocrx_word' id='word_1_126' title='bbox 979 1211 1075 1239; x_wconf 88' lang='lat' dir='ltr'><strong>esse</strong></span> <span class='ocrx_word' id='word_1_127' title='bbox 1103 1197 1323 1253; x_wconf 85' lang='lat' dir='ltr'><strong>putabant,</strong></span> <span class='ocrx_word' id='word_1_128' title='bbox 1353 1198 1469 1240; x_wconf 81' lang='lat' dir='ltr'><strong>haud</strong></span> <span class='ocrx_word' id='word_1_129' title='bbox 1489 1198 1622 1242; x_wconf 88' lang='lat' dir='ltr'><strong>dubia</strong></span> <span class='ocrx_word' id='word_1_130' title='bbox 1643 1215 1691 1242; x_wconf 83' lang='lat' dir='ltr'><strong>ea</strong></span> 
     </span>
     <span class='ocr_line' id='line_1_16' title="bbox 143 1267 1690 1324; baseline 0.003 -14"><span class='ocrx_word' id='word_1_131' title='bbox 143 1267 400 1324; x_wconf 85' lang='lat' dir='ltr'><strong>significatio</strong></span> <span class='ocrx_word' id='word_1_132' title='bbox 431 1275 518 1319; x_wconf 89' lang='lat' dir='ltr'><strong>est,</strong></span> <span class='ocrx_word' id='word_1_133' title='bbox 561 1268 733 1323; x_wconf 85' lang='lat' dir='ltr'><strong>legibus</strong></span> <span class='ocrx_word' id='word_1_134' title='bbox 767 1268 942 1323; x_wconf 89' lang='lat' dir='ltr'><strong>quidem</strong></span> <span class='ocrx_word' id='word_1_135' title='bbox 972 1284 1116 1311; x_wconf 87' lang='lat' dir='ltr'><strong>earum</strong></span> <span class='ocrx_word' id='word_1_136' title='bbox 1150 1284 1321 1312; x_wconf 87' lang='lat' dir='ltr'><strong>causam</strong></span> <span class='ocrx_word' id='word_1_137' title='bbox 1351 1270 1530 1312; x_wconf 86' lang='lat' dir='ltr'><strong>eandem</strong></span> <span class='ocrx_word' id='word_1_138' title='bbox 1554 1271 1690 1315; x_wconf 88' lang='lat' dir='ltr'><strong>fuisse</strong></span> 
     </span>
     <span class='ocr_line' id='line_1_17' title="bbox 140 1340 1691 1395; baseline 0.003 -13"><span class='ocrx_word' id='word_1_139' title='bbox 140 1355 188 1382; x_wconf 90' lang='lat' dir='ltr'><strong>ac</strong></span> <span class='ocrx_word' id='word_1_140' title='bbox 231 1340 419 1395; x_wconf 88' lang='lat' dir='ltr'><strong>reliquae</strong></span> <span class='ocrx_word' id='word_1_141' title='bbox 451 1340 610 1382; x_wconf 89' lang='lat' dir='ltr'><strong>Italiae.</strong></span> <span class='ocrx_word' id='word_1_142' title='bbox 675 1340 765 1382; x_wconf 79' lang='lat' dir='ltr'><strong>sed</strong></span> <span class='ocrx_word' id='word_1_143' title='bbox 810 1355 895 1382; x_wconf 90' lang='lat' dir='ltr'><strong>non</strong></span> <span class='ocrx_word' id='word_1_144' title='bbox 940 1356 1034 1382; x_wconf 90' lang='lat' dir='ltr'><strong>esse</strong></span> <span class='ocrx_word' id='word_1_145' title='bbox 1078 1341 1220 1382; x_wconf 87' lang='lat' dir='ltr'><strong>datam</strong></span> <span class='ocrx_word' id='word_1_146' title='bbox 1264 1342 1476 1385; x_wconf 81' lang='lat' dir='ltr'><strong>civitatem</strong></span> <span class='ocrx_word' id='word_1_147' title='bbox 1516 1350 1691 1394; x_wconf 86' lang='lat' dir='ltr'><strong>constat,</strong></span> 
     </span>
     <span class='ocr_line' id='line_1_18' title="bbox 140 1412 1691 1468; baseline 0.003 -14"><span class='ocrx_word' id='word_1_148' title='bbox 140 1419 252 1454; x_wconf 86' lang='lat' dir='ltr'><strong>certe</strong></span> <span class='ocrx_word' id='word_1_149' title='bbox 281 1428 364 1454; x_wconf 92' lang='lat' dir='ltr'><strong>non</strong></span> <span class='ocrx_word' id='word_1_150' title='bbox 396 1412 616 1462; x_wconf 85' lang='lat' dir='ltr'><strong>omnibus3</strong></span> <span class='ocrx_word' id='word_1_151' title='bbox 648 1428 746 1455; x_wconf 90' lang='lat' dir='ltr'><strong>nam</strong></span> <span class='ocrx_word' id='word_1_152' title='bbox 774 1413 969 1454; x_wconf 88' lang='lat' dir='ltr'><strong>nonnulli</strong></span> <span class='ocrx_word' id='word_1_153' title='bbox 999 1428 1052 1454; x_wconf 84' lang='lat' dir='ltr'><strong>ex</strong></span> <span class='ocrx_word' id='word_1_154' title='bbox 1079 1413 1133 1455; x_wconf 88' lang='lat' dir='ltr'><strong>iis</strong></span> <span class='ocrx_word' id='word_1_155' title='bbox 1163 1414 1266 1468; x_wconf 89' lang='lat' dir='ltr'><strong>quin</strong></span> <span class='ocrx_word' id='word_1_156' title='bbox 1284 1415 1353 1456; x_wconf 90' lang='lat' dir='ltr'><strong>vel</strong></span> <span class='ocrx_word' id='word_1_157' title='bbox 1374 1415 1602 1458; x_wconf 84' lang='lat' dir='ltr'><strong>habuerint</strong></span> <span class='ocrx_word' id='word_1_158' title='bbox 1622 1416 1691 1458; x_wconf 89' lang='lat' dir='ltr'><strong>vel</strong></span> 
     </span>
     <span class='ocr_line' id='line_1_19' title="bbox 138 1484 1692 1544; baseline 0.003 -19"><span class='ocrx_word' id='word_1_159' title='bbox 138 1484 378 1540; x_wconf 89' lang='lat' dir='ltr'><strong>acceperint</strong></span> <span class='ocrx_word' id='word_1_160' title='bbox 404 1484 511 1526; x_wconf 93' lang='lat' dir='ltr'><strong>nihil</strong></span> <span class='ocrx_word' id='word_1_161' title='bbox 536 1484 690 1527; x_wconf 86' lang='lat' dir='ltr'><strong>obstat.</strong></span> <span class='ocrx_word' id='word_1_162' title='bbox 749 1484 849 1538; x_wconf 83' lang='lat' dir='ltr'><strong>Quo</strong></span> <span class='ocrx_word' id='word_1_163' title='bbox 881 1491 1023 1527; x_wconf 88' lang='lat' dir='ltr'><strong>autem</strong></span> <span class='ocrx_word' id='word_1_164' title='bbox 1051 1485 1144 1527; x_wconf 90' lang='lat' dir='ltr'><strong>iure</strong></span> <span class='ocrx_word' id='word_1_165' title='bbox 1178 1486 1323 1527; x_wconf 85' lang='lat' dir='ltr'><strong>erant?</strong></span> <span class='ocrx_word' id='word_1_166' title='bbox 1360 1486 1514 1528; x_wconf 90' lang='lat' dir='ltr'><strong>Latino</strong></span> <span class='ocrx_word' id='word_1_167' title='bbox 1540 1494 1692 1544; x_wconf 87' lang='lat' dir='ltr'><strong>putant</strong></span> 
     </span>
     <span class='ocr_line' id='line_1_20' title="bbox 137 1555 1689 1613; baseline 0.003 -16"><span class='ocrx_word' id='word_1_168' title='bbox 137 1555 260 1597; x_wconf 90' lang='lat' dir='ltr'><strong>multi</strong></span> <span class='ocrx_word' id='word_1_169' title='bbox 289 1556 582 1612; x_wconf 81' lang='lat' dir='ltr'><strong>imprimisque</strong></span> <span class='ocrx_word' id='word_1_170' title='bbox 611 1555 846 1613; x_wconf 85' lang='lat' dir='ltr'><strong>Savignius</strong></span> <span class='ocrx_word' id='word_1_171' title='bbox 879 1557 933 1599; x_wconf 93' lang='lat' dir='ltr'><strong>de</strong></span> <span class='ocrx_word' id='word_1_172' title='bbox 965 1556 1110 1599; x_wconf 84' lang='lat' dir='ltr'><strong>tabula</strong></span> <span class='ocrx_word' id='word_1_173' title='bbox 1139 1557 1418 1601; x_wconf 84' lang='lat' dir='ltr'><strong>Heracleensi</strong></span> <span class='ocrx_word' id='word_1_174' title='bbox 1448 1559 1519 1613; x_wconf 91' lang='lat' dir='ltr'><strong>(in</strong></span> <span class='ocrx_word' id='word_1_175' title='bbox 1551 1559 1689 1602; x_wconf 83' lang='lat' dir='ltr'><strong>annal.</strong></span> 
     </span>
     <span class='ocr_line' id='line_1_21' title="bbox 139 1627 1690 1685; baseline 0.004 -17"><span class='ocrx_word' id='word_1_176' title='bbox 139 1627 375 1684; x_wconf 88' lang='lat' dir='ltr'><strong>iurisprud.</strong></span> <span class='ocrx_word' id='word_1_177' title='bbox 403 1628 502 1670; x_wconf 86' lang='lat' dir='ltr'><strong>hist.</strong></span> <span class='ocrx_word' id='word_1_178' title='bbox 528 1629 601 1671; x_wconf 93' lang='lat' dir='ltr'><strong>IX</strong></span> <span class='ocrx_word' id='word_1_179' title='bbox 632 1644 672 1685; x_wconf 93' lang='lat' dir='ltr'><strong>p.</strong></span> <span class='ocrx_word' id='word_1_180' title='bbox 704 1629 818 1685; x_wconf 80' lang='lat'><strong>312),</strong></span> <span class='ocrx_word' id='word_1_181' title='bbox 847 1628 920 1684; x_wconf 93' lang='lat' dir='ltr'><strong>qui</strong></span> <span class='ocrx_word' id='word_1_182' title='bbox 948 1643 1033 1684; x_wconf 90' lang='lat' dir='ltr'><strong>quo</strong></span> <span class='ocrx_word' id='word_1_183' title='bbox 1063 1636 1252 1685; x_wconf 89' lang='lat' dir='ltr'><strong>tempore</strong></span> <span class='ocrx_word' id='word_1_184' title='bbox 1279 1629 1431 1685; x_wconf 90' lang='lat' dir='ltr'><strong>reliqui</strong></span> <span class='ocrx_word' id='word_1_185' title='bbox 1457 1631 1555 1674; x_wconf 84' lang='lat' dir='ltr'><strong>Itali</strong></span> <span class='ocrx_word' id='word_1_186' title='bbox 1585 1631 1690 1674; x_wconf 85' lang='lat' dir='ltr'><strong>civi-</strong></span> 
     </span>
     <span class='ocr_line' id='line_1_22' title="bbox 138 1700 1689 1758; baseline 0.002 -17"><span class='ocrx_word' id='word_1_187' title='bbox 138 1706 268 1741; x_wconf 88' lang='lat' dir='ltr'><strong>tatem</strong></span> <span class='ocrx_word' id='word_1_188' title='bbox 298 1700 558 1756; x_wconf 85' lang='lat' dir='ltr'><strong>acceperint,</strong></span> <span class='ocrx_word' id='word_1_189' title='bbox 596 1701 748 1743; x_wconf 89' lang='lat' dir='ltr'><strong>eodem</strong></span> <span class='ocrx_word' id='word_1_190' title='bbox 778 1715 924 1742; x_wconf 90' lang='lat' dir='ltr'><strong>omnes</strong></span> <span class='ocrx_word' id='word_1_191' title='bbox 956 1700 1287 1758; x_wconf 85' lang='lat' dir='ltr'><strong>Transpadanos</strong></span> <span class='ocrx_word' id='word_1_192' title='bbox 1329 1702 1384 1744; x_wconf 92' lang='lat' dir='ltr'><strong>ad</strong></span> <span class='ocrx_word' id='word_1_193' title='bbox 1412 1701 1689 1746; x_wconf 86' lang='lat' dir='ltr'><strong>Latinitatem</strong></span> 
     </span>
     <span class='ocr_line' id='line_1_23' title="bbox 138 1771 1689 1830; baseline 0.004 -18"><span class='ocrx_word' id='word_1_194' title='bbox 138 1771 364 1814; x_wconf 86' lang='lat' dir='ltr'><strong>translatos</strong></span> <span class='ocrx_word' id='word_1_195' title='bbox 406 1787 501 1814; x_wconf 88' lang='lat' dir='ltr'><strong>esse</strong></span> <span class='ocrx_word' id='word_1_196' title='bbox 541 1780 698 1816; x_wconf 87' lang='lat' dir='ltr'><strong>censet.</strong></span> <span class='ocrx_word' id='word_1_197' title='bbox 748 1772 921 1815; x_wconf 84' lang='lat' dir='ltr'><strong>Etenim</strong></span> <span class='ocrx_word' id='word_1_198' title='bbox 953 1773 1169 1816; x_wconf 87' lang='lat' dir='ltr'><strong>Asconius</strong></span> <span class='ocrx_word' id='word_1_199' title='bbox 1207 1774 1252 1815; x_wconf 94' lang='lat' dir='ltr'><strong>in</strong></span> <span class='ocrx_word' id='word_1_200' title='bbox 1284 1772 1455 1815; x_wconf 85' lang='lat' dir='ltr'><strong>Cornel.</strong></span> <span class='ocrx_word' id='word_1_201' title='bbox 1486 1789 1528 1830; x_wconf 92' lang='lat' dir='ltr'><strong>p.</strong></span> <span class='ocrx_word' id='word_1_202' title='bbox 1562 1776 1586 1817; x_wconf 79' lang='lat'>3</span> <span class='ocrx_word' id='word_1_203' title='bbox 1627 1775 1689 1818; x_wconf 90' lang='lat' dir='ltr'><strong>sic</strong></span> 
     </span>
     <span class='ocr_line' id='line_1_24' title="bbox 141 1843 1687 1902; baseline 0.003 -18"><span class='ocrx_word' id='word_1_204' title='bbox 141 1843 292 1885; x_wconf 82' lang='lat' dir='ltr'><strong>refert:</strong></span> <span class='ocrx_word' id='word_1_205' title='bbox 341 1847 476 1898; x_wconf 78' lang='lat' dir='ltr'><strong>Neque</strong></span> <span class='ocrx_word' id='word_1_206' title='bbox 509 1847 619 1886; x_wconf 79' lang='lat' dir='ltr'><strong>illud</strong></span> <span class='ocrx_word' id='word_1_207' title='bbox 645 1847 730 1886; x_wconf 81' lang='lat' dir='ltr'><strong>dici</strong></span> <span class='ocrx_word' id='word_1_208' title='bbox 754 1851 906 1899; x_wconf 81' lang='lat' dir='ltr'><strong>potest,</strong></span> <span class='ocrx_word' id='word_1_209' title='bbox 947 1848 1005 1885; x_wconf 79' lang='lat' dir='ltr'><strong>sic</strong></span> <span class='ocrx_word' id='word_1_210' title='bbox 1035 1860 1124 1886; x_wconf 81' lang='lat' dir='ltr'><strong>eam</strong></span> <span class='ocrx_word' id='word_1_211' title='bbox 1153 1848 1356 1886; x_wconf 77' lang='lat' dir='ltr'><strong>coloniam</strong></span> <span class='ocrx_word' id='word_1_212' title='bbox 1387 1845 1687 1902; x_wconf 82' lang='lat' dir='ltr'><strong>(Placentiam)</strong></span> 
     </span>
     <span class='ocr_line' id='line_1_25' title="bbox 137 1918 1687 1972; baseline 0.002 -15"><span class='ocrx_word' id='word_1_213' title='bbox 137 1931 217 1957; x_wconf 80' lang='lat' dir='ltr'><strong>esse</strong></span> <span class='ocrx_word' id='word_1_214' title='bbox 247 1918 485 1967; x_wconf 83' lang='lat' dir='ltr'><strong>deductam,</strong></span> <span class='ocrx_word' id='word_1_215' title='bbox 522 1918 864 1970; x_wconf 79' lang='lat' dir='ltr'><strong>quemadmodum</strong></span> <span class='ocrx_word' id='word_1_216' title='bbox 888 1923 982 1971; x_wconf 80' lang='lat' dir='ltr'><strong>post</strong></span> <span class='ocrx_word' id='word_1_217' title='bbox 1011 1919 1157 1970; x_wconf 78' lang='lat' dir='ltr'><strong>plures</strong></span> <span class='ocrx_word' id='word_1_218' title='bbox 1188 1925 1341 1959; x_wconf 81' lang='lat' dir='ltr'><strong>aetates</strong></span> <span class='ocrx_word' id='word_1_219' title='bbox 1371 1924 1443 1959; x_wconf 83' lang='lat' dir='ltr'><strong>Cn.</strong></span> <span class='ocrx_word' id='word_1_220' title='bbox 1472 1920 1687 1972; x_wconf 79' lang='lat' dir='ltr'><strong>Pompeius</strong></span> 
     </span>
     <span class='ocr_line' id='line_1_26' title="bbox 138 1988 1685 2045; baseline 0.002 -16"><span class='ocrx_word' id='word_1_221' title='bbox 138 1989 285 2029; x_wconf 81' lang='lat' dir='ltr'><strong>Strabo</strong></span> <span class='ocrx_word' id='word_1_222' title='bbox 316 1988 372 2044; x_wconf 85' lang='lat' dir='ltr'><strong>(is</strong></span> <span class='ocrx_word' id='word_1_223' title='bbox 402 1989 494 2044; x_wconf 90' lang='lat' dir='ltr'><strong>ipse</strong></span> <span class='ocrx_word' id='word_1_224' title='bbox 522 1989 576 2030; x_wconf 89' lang='lat' dir='ltr'><strong>de</strong></span> <span class='ocrx_word' id='word_1_225' title='bbox 606 2003 691 2044; x_wconf 94' lang='lat' dir='ltr'><strong>quo</strong></span> <span class='ocrx_word' id='word_1_226' title='bbox 721 1989 904 2045; x_wconf 84' lang='lat' dir='ltr'><strong>agimus,</strong></span> <span class='ocrx_word' id='word_1_227' title='bbox 933 2003 1018 2031; x_wconf 87' lang='lat' dir='ltr'><strong>cos.</strong></span> <span class='ocrx_word' id='word_1_228' title='bbox 1048 2004 1158 2031; x_wconf 91' lang='lat' dir='ltr'><strong>anno</strong></span> <span class='ocrx_word' id='word_1_229' title='bbox 1187 1989 1274 2043; x_wconf 85' lang='lat'><strong>89),</strong></span> <span class='ocrx_word' id='word_1_230' title='bbox 1308 1997 1433 2044; x_wconf 79' lang='lat' dir='ltr'><strong>pater</strong></span> <span class='ocrx_word' id='word_1_231' title='bbox 1464 1995 1536 2030; x_wconf 76' lang='lat' dir='ltr'><strong>Cn.</strong></span> <span class='ocrx_word' id='word_1_232' title='bbox 1570 1993 1685 2032; x_wconf 85' lang='lat' dir='ltr'><strong>Pom-</strong></span> 
     </span>
     <span class='ocr_line' id='line_1_27' title="bbox 132 2062 1686 2115; baseline 0.003 -15"><span class='ocrx_word' id='word_1_233' title='bbox 132 2063 221 2113; x_wconf 77' lang='lat' dir='ltr'><strong>peii</strong></span> <span class='ocrx_word' id='word_1_234' title='bbox 247 2063 423 2113; x_wconf 77' lang='lat' dir='ltr'><strong>Magni,</strong></span> <span class='ocrx_word' id='word_1_235' title='bbox 461 2062 789 2113; x_wconf 76' lang='lat' dir='ltr'><strong>Transpadanus</strong></span> <span class='ocrx_word' id='word_1_236' title='bbox 819 2063 1001 2102; x_wconf 81' lang='lat' dir='ltr'><strong>colonias</strong></span> <span class='ocrx_word' id='word_1_237' title='bbox 1029 2063 1268 2104; x_wconf 70' lang='lat' dir='ltr'><strong>deduxerat.</strong></span> <span class='ocrx_word' id='word_1_238' title='bbox 1328 2065 1542 2115; x_wconf 72' lang='lat' dir='ltr'><strong>Pompeius</strong></span> <span class='ocrx_word' id='word_1_239' title='bbox 1578 2065 1686 2104; x_wconf 81' lang='lat' dir='ltr'><strong>enim</strong></span> 
     </span>
     <span class='ocr_line' id='line_1_28' title="bbox 137 2128 1687 2181; baseline 0.003 -10"><span class='ocrx_word' id='word_1_240' title='bbox 137 2146 221 2171; x_wconf 86' lang='lat' dir='ltr'><strong>non</strong></span> <span class='ocrx_word' id='word_1_241' title='bbox 249 2134 364 2171; x_wconf 74' lang='lat' dir='ltr'><strong>novis</strong></span> <span class='ocrx_word' id='word_1_242' title='bbox 393 2134 547 2173; x_wconf 80' lang='lat' dir='ltr'><strong>colonis</strong></span> <span class='ocrx_word' id='word_1_243' title='bbox 571 2147 638 2172; x_wconf 81' lang='lat' dir='ltr'><strong>eas</strong></span> <span class='ocrx_word' id='word_1_244' title='bbox 668 2128 902 2181; x_wconf 62' lang='lat' dir='ltr'><strong>constituit,</strong></span> <span class='ocrx_word' id='word_1_245' title='bbox 934 2135 1003 2173; x_wconf 81' lang='lat' dir='ltr'><strong>sed</strong></span> <span class='ocrx_word' id='word_1_246' title='bbox 1028 2134 1225 2174; x_wconf 78' lang='lat' dir='ltr'><strong>veteribus</strong></span> <span class='ocrx_word' id='word_1_247' title='bbox 1254 2137 1399 2175; x_wconf 77' lang='lat' dir='ltr'><strong>incolis</strong></span> <span class='ocrx_word' id='word_1_248' title='bbox 1429 2136 1687 2176; x_wconf 75' lang='lat' dir='ltr'><strong>manentibus</strong></span> 
     </span>
     <span class='ocr_line' id='line_1_29' title="bbox 138 2204 1686 2257; baseline 0.003 -15"><span class='ocrx_word' id='word_1_249' title='bbox 138 2206 202 2242; x_wconf 81' lang='lat' dir='ltr'><strong>ius</strong></span> <span class='ocrx_word' id='word_1_250' title='bbox 231 2204 343 2243; x_wconf 78' lang='lat' dir='ltr'><strong>dedit</strong></span> <span class='ocrx_word' id='word_1_251' title='bbox 374 2206 506 2254; x_wconf 71' lang='lat' dir='ltr'><strong>Latii,</strong></span> <span class='ocrx_word' id='word_1_252' title='bbox 541 2211 590 2244; x_wconf 84' lang='lat' dir='ltr'><strong>ut</strong></span> <span class='ocrx_word' id='word_1_253' title='bbox 614 2211 780 2257; x_wconf 83' lang='lat' dir='ltr'><strong>possent</strong></span> <span class='ocrx_word' id='word_1_254' title='bbox 804 2205 949 2245; x_wconf 79' lang='lat' dir='ltr'><strong>habere</strong></span> <span class='ocrx_word' id='word_1_255' title='bbox 979 2208 1056 2255; x_wconf 77' lang='lat' dir='ltr'><strong>ius,</strong></span> <span class='ocrx_word' id='word_1_256' title='bbox 1085 2207 1194 2257; x_wconf 87' lang='lat' dir='ltr'><strong>quod</strong></span> <span class='ocrx_word' id='word_1_257' title='bbox 1223 2212 1378 2246; x_wconf 80' lang='lat' dir='ltr'><strong>ceterae</strong></span> <span class='ocrx_word' id='word_1_258' title='bbox 1411 2206 1592 2246; x_wconf 75' lang='lat' dir='ltr'><strong>Latinae</strong></span> <span class='ocrx_word' id='word_1_259' title='bbox 1617 2221 1686 2247; x_wconf 84' lang='lat' dir='ltr'><strong>co-</strong></span> 
     </span>
     <span class='ocr_line' id='line_1_30' title="bbox 138 2276 1684 2329; baseline 0.003 -15"><span class='ocrx_word' id='word_1_260' title='bbox 138 2276 294 2325; x_wconf 76' lang='lat' dir='ltr'><strong>loniae,</strong></span> <span class='ocrx_word' id='word_1_261' title='bbox 333 2276 379 2315; x_wconf 79' lang='lat' dir='ltr'><strong>id</strong></span> <span class='ocrx_word' id='word_1_262' title='bbox 401 2281 478 2324; x_wconf 77' lang='lat' dir='ltr'><strong>est,</strong></span> <span class='ocrx_word' id='word_1_263' title='bbox 517 2282 566 2315; x_wconf 85' lang='lat' dir='ltr'><strong>ut</strong></span> <span class='ocrx_word' id='word_1_264' title='bbox 585 2277 765 2328; x_wconf 78' lang='lat' dir='ltr'><strong>gerendo</strong></span> <span class='ocrx_word' id='word_1_265' title='bbox 794 2279 1065 2329; x_wconf 76' lang='lat' dir='ltr'><strong>magistratus</strong></span> <span class='ocrx_word' id='word_1_266' title='bbox 1093 2279 1300 2318; x_wconf 76' lang='lat' dir='ltr'><strong>civitatem</strong></span> <span class='ocrx_word' id='word_1_267' title='bbox 1331 2279 1564 2318; x_wconf 80' lang='lat' dir='ltr'><strong>Romanam</strong></span> <span class='ocrx_word' id='word_1_268' title='bbox 1594 2280 1684 2320; x_wconf 73' lang='lat' dir='ltr'><strong>adi-</strong></span> 
     </span>
     <span class='ocr_line' id='line_1_31' title="bbox 132 2344 1684 2405; baseline 0.005 -20"><span class='ocrx_word' id='word_1_269' title='bbox 132 2348 401 2398; x_wconf 75' lang='lat' dir='ltr'><strong>piscerentur.</strong></span> <span class='ocrx_word' id='word_1_270' title='bbox 466 2344 586 2399; x_wconf 79' lang='lat' dir='ltr'><strong>Quid</strong></span> <span class='ocrx_word' id='word_1_271' title='bbox 629 2347 792 2403; x_wconf 84' lang='lat' dir='ltr'><strong>igitur?</strong></span> <span class='ocrx_word' id='word_1_272' title='bbox 855 2347 971 2389; x_wconf 89' lang='lat' dir='ltr'><strong>Num</strong></span> <span class='ocrx_word' id='word_1_273' title='bbox 1016 2347 1114 2389; x_wconf 82' lang='lat' dir='ltr'><strong>hinc</strong></span> <span class='ocrx_word' id='word_1_274' title='bbox 1157 2362 1303 2390; x_wconf 89' lang='lat' dir='ltr'><strong>omnes</strong></span> <span class='ocrx_word' id='word_1_275' title='bbox 1349 2349 1684 2405; x_wconf 87' lang='lat' dir='ltr'><strong>Transpadanos</strong></span> 
     </span>
     <span class='ocr_line' id='line_1_32' title="bbox 136 2416 1685 2474; baseline 0.003 -16"><span class='ocrx_word' id='word_1_276' title='bbox 136 2416 411 2459; x_wconf 88' lang='lat' dir='ltr'><strong>Latinitatem</strong></span> <span class='ocrx_word' id='word_1_277' title='bbox 438 2417 651 2474; x_wconf 88' lang='lat' dir='ltr'><strong>accepisse</strong></span> <span class='ocrx_word' id='word_1_278' title='bbox 668 2418 946 2474; x_wconf 85' lang='lat' dir='ltr'><strong>colligemus?</strong></span> <span class='ocrx_word' id='word_1_279' title='bbox 975 2419 1125 2462; x_wconf 91' lang='lat' dir='ltr'><strong>Nonne</strong></span> <span class='ocrx_word' id='word_1_280' title='bbox 1143 2435 1278 2461; x_wconf 81' lang='lat' dir='ltr'><strong>omnes</strong></span> <span class='ocrx_word' id='word_1_281' title='bbox 1293 2420 1508 2463; x_wconf 89' lang='lat' dir='ltr'><strong>Asconius</strong></span> <span class='ocrx_word' id='word_1_282' title='bbox 1526 2421 1685 2464; x_wconf 87' lang='lat' dir='ltr'><strong>addere</strong></span> 
     </span>
     <span class='ocr_line' id='line_1_33' title="bbox 137 2489 1685 2546; baseline 0.003 -15"><span class='ocrx_word' id='word_1_283' title='bbox 137 2489 318 2531; x_wconf 81' lang='lat' dir='ltr'><strong>debuit?</strong></span> <span class='ocrx_word' id='word_1_284' title='bbox 345 2489 473 2532; x_wconf 90' lang='lat' dir='ltr'><strong>Nunc</strong></span> <span class='ocrx_word' id='word_1_285' title='bbox 489 2489 524 2532; x_wconf 91' lang='lat' dir='ltr'><strong>si</strong></span> <span class='ocrx_word' id='word_1_286' title='bbox 540 2490 637 2545; x_wconf 92' lang='lat' dir='ltr'><strong>quis</strong></span> <span class='ocrx_word' id='word_1_287' title='bbox 654 2489 842 2533; x_wconf 86' lang='lat' dir='ltr'><strong>Gallicas</strong></span> <span class='ocrx_word' id='word_1_288' title='bbox 863 2491 931 2533; x_wconf 92' lang='lat' dir='ltr'><strong>vel</strong></span> <span class='ocrx_word' id='word_1_289' title='bbox 946 2491 1203 2546; x_wconf 83' lang='lat' dir='ltr'><strong>Hispanicas</strong></span> <span class='ocrx_word' id='word_1_290' title='bbox 1232 2493 1420 2536; x_wconf 87' lang='lat' dir='ltr'><strong>colonias</strong></span> <span class='ocrx_word' id='word_1_291' title='bbox 1451 2492 1685 2536; x_wconf 83' lang='lat' dir='ltr'><strong>deduxisse</strong></span> 
     </span>
     <span class='ocr_line' id='line_1_34' title="bbox 137 2561 1683 2619; baseline 0.003 -17"><span class='ocrx_word' id='word_1_292' title='bbox 137 2567 347 2611; x_wconf 87' lang='lat' dir='ltr'><strong>narratur,</strong></span> <span class='ocrx_word' id='word_1_293' title='bbox 374 2561 469 2616; x_wconf 89' lang='lat' dir='ltr'><strong>quis</strong></span> <span class='ocrx_word' id='word_1_294' title='bbox 499 2561 558 2605; x_wconf 90' lang='lat' dir='ltr'><strong>ita</strong></span> <span class='ocrx_word' id='word_1_295' title='bbox 576 2562 622 2604; x_wconf 92' lang='lat' dir='ltr'><strong>id</strong></span> <span class='ocrx_word' id='word_1_296' title='bbox 637 2562 774 2619; x_wconf 88' lang='lat' dir='ltr'><strong>possit</strong></span> <span class='ocrx_word' id='word_1_297' title='bbox 788 2563 1069 2619; x_wconf 87' lang='lat' dir='ltr'><strong>interpretari,</strong></span> <span class='ocrx_word' id='word_1_298' title='bbox 1094 2570 1142 2605; x_wconf 92' lang='lat' dir='ltr'><strong>ut</strong></span> <span class='ocrx_word' id='word_1_299' title='bbox 1154 2564 1400 2608; x_wconf 88' lang='lat' dir='ltr'><strong>universam</strong></span> <span class='ocrx_word' id='word_1_300' title='bbox 1414 2565 1483 2608; x_wconf 90' lang='lat' dir='ltr'><strong>vel</strong></span> <span class='ocrx_word' id='word_1_301' title='bbox 1499 2564 1683 2607; x_wconf 85' lang='lat' dir='ltr'><strong>Galliam</strong></span> 
     </span>
     <span class='ocr_line' id='line_1_35' title="bbox 138 2632 1683 2689; baseline 0.004 -15"><span class='ocrx_word' id='word_1_302' title='bbox 138 2632 207 2674; x_wconf 90' lang='lat' dir='ltr'><strong>vel</strong></span> <span class='ocrx_word' id='word_1_303' title='bbox 222 2632 478 2689; x_wconf 89' lang='lat' dir='ltr'><strong>Hispaniam</strong></span> <span class='ocrx_word' id='word_1_304' title='bbox 493 2634 650 2677; x_wconf 86' lang='lat' dir='ltr'><strong>Latino</strong></span> <span class='ocrx_word' id='word_1_305' title='bbox 667 2634 761 2676; x_wconf 88' lang='lat' dir='ltr'><strong>iure</strong></span> <span class='ocrx_word' id='word_1_306' title='bbox 778 2634 976 2677; x_wconf 88' lang='lat' dir='ltr'><strong>donatam</strong></span> <span class='ocrx_word' id='word_1_307' title='bbox 992 2650 1087 2678; x_wconf 89' lang='lat' dir='ltr'><strong>esse</strong></span> <span class='ocrx_word' id='word_1_308' title='bbox 1106 2636 1348 2679; x_wconf 84' lang='lat' dir='ltr'><strong>existimet?</strong></span> <span class='ocrx_word' id='word_1_309' title='bbox 1365 2638 1431 2680; x_wconf 85' lang='lat' dir='ltr'><strong>Ac</strong></span> <span class='ocrx_word' id='word_1_310' title='bbox 1451 2636 1683 2680; x_wconf 86' lang='lat' dir='ltr'><strong>Suetonius</strong></span> 
     </span>
     <span class='ocr_line' id='line_1_36' title="bbox 138 2701 1682 2765; baseline 0.003 -19"><span class='ocrx_word' id='word_1_311' title='bbox 138 2701 264 2746; x_wconf 86' lang='lat' dir='ltr'><strong>Caes.</strong></span> <span class='ocrx_word' id='word_1_312' title='bbox 291 2705 331 2755; x_wconf 87' lang='lat'><strong>8,</strong></span> <span class='ocrx_word' id='word_1_313' title='bbox 361 2705 435 2760; x_wconf 92' lang='lat' dir='ltr'><strong>qui</strong></span> <span class='ocrx_word' id='word_1_314' title='bbox 466 2705 712 2748; x_wconf 88' lang='lat' dir='ltr'><strong>dictatorem</strong></span> <span class='ocrx_word' id='word_1_315' title='bbox 744 2704 971 2749; x_wconf 88' lang='lat' dir='ltr'><strong>Caesarem</strong></span> <span class='ocrx_word' id='word_1_316' title='bbox 1000 2722 1111 2750; x_wconf 91' lang='lat' dir='ltr'><strong>anno</strong></span> <span class='ocrx_word' id='word_1_317' title='bbox 1135 2708 1189 2751; x_wconf 82' lang='lat'><strong>60</strong></span> <span class='ocrx_word' id='word_1_318' title='bbox 1223 2724 1274 2751; x_wconf 87' lang='lat' dir='ltr'><strong>ex</strong></span> <span class='ocrx_word' id='word_1_319' title='bbox 1300 2716 1498 2765; x_wconf 84' lang='lat' dir='ltr'><strong>praetura</strong></span> <span class='ocrx_word' id='word_1_320' title='bbox 1523 2709 1682 2765; x_wconf 87' lang='lat' dir='ltr'><strong>Hispa-</strong></span> 
     </span>
     <span class='ocr_line' id='line_1_37' title="bbox 135 2775 1682 2838; baseline 0.003 -21"><span class='ocrx_word' id='word_1_321' title='bbox 135 2775 274 2818; x_wconf 89' lang='lat' dir='ltr'><strong>niensi</strong></span> <span class='ocrx_word' id='word_1_322' title='bbox 304 2776 582 2820; x_wconf 88' lang='lat' dir='ltr'><strong>decedentem</strong></span> <span class='ocrx_word' id='word_1_323' title='bbox 613 2785 757 2820; x_wconf 88' lang='lat' dir='ltr'><strong>narrat</strong></span> <span class='ocrx_word' id='word_1_324' title='bbox 793 2779 979 2822; x_wconf 89' lang='lat' dir='ltr'><strong>colonias</strong></span> <span class='ocrx_word' id='word_1_325' title='bbox 1010 2780 1188 2824; x_wconf 89' lang='lat' dir='ltr'><strong>Latinas</strong></span> <span class='ocrx_word' id='word_1_326' title='bbox 1217 2781 1271 2824; x_wconf 92' lang='lat' dir='ltr'><strong>de</strong></span> <span class='ocrx_word' id='word_1_327' title='bbox 1303 2781 1486 2838; x_wconf 88' lang='lat' dir='ltr'><strong>petenda</strong></span> <span class='ocrx_word' id='word_1_328' title='bbox 1515 2780 1682 2823; x_wconf 86' lang='lat' dir='ltr'><strong>civitate</strong></span> 
     </span>
     <span class='ocr_line' id='line_1_38' title="bbox 136 2847 1682 2909; baseline 0.005 -21"><span class='ocrx_word' id='word_1_329' title='bbox 136 2847 348 2902; x_wconf 88' lang='lat' dir='ltr'><strong>agitantes</strong></span> <span class='ocrx_word' id='word_1_330' title='bbox 386 2849 551 2900; x_wconf 87' lang='lat' dir='ltr'><strong>adisse,</strong></span> <span class='ocrx_word' id='word_1_331' title='bbox 593 2849 802 2904; x_wconf 87' lang='lat' dir='ltr'><strong>numquid</strong></span> <span class='ocrx_word' id='word_1_332' title='bbox 831 2865 977 2894; x_wconf 88' lang='lat' dir='ltr'><strong>omnes</strong></span> <span class='ocrx_word' id='word_1_333' title='bbox 1009 2851 1338 2909; x_wconf 87' lang='lat' dir='ltr'><strong>Transpadanos</strong></span> <span class='ocrx_word' id='word_1_334' title='bbox 1369 2853 1549 2896; x_wconf 87' lang='lat' dir='ltr'><strong>Latinae</strong></span> <span class='ocrx_word' id='word_1_335' title='bbox 1580 2867 1682 2896; x_wconf 89' lang='lat' dir='ltr'><strong>con-</strong></span> 
     </span>
    </p>
   </div>
  </div>
 </body>
</html>
