1846 3100
519 151 573 183 De
597 150 729 190 legibus
757 149 1020 191 municipalibus
1048 147 1256 189 Hispanicis.
1575 142 1656 186 ‘285

112 276 196 304 non
226 267 422 318 expertes
454 259 589 301 fuisse
621 257 772 307 Gaius,
805 257 928 299 cuius
954 255 1084 298 verba
1114 271 1244 311 supra
1271 255 1509 305 citavimus,
1542 254 1675 296 dicit.-

114 333 190 376 Sic
231 334 366 390 igitur
405 333 459 374 de
499 331 854 373 Malacitanorum
887 328 1278 384 Salpensarumque
1314 327 1466 369 incolis
1500 334 1660 369 statue-

112 421 223 456 mus,
263 421 348 456 eos,
385 403 582 461 quamvis
615 402 821 459 suffragia
858 402 911 444 de
940 399 1262 456 magistratibus
1293 400 1465 449 ferrent,
1496 399 1551 441 ad
1581 399 1659 441 ho-

112 493 238 521 nores
266 477 384 535 ipsos
415 491 500 519 non
530 490 624 518 esse
655 475 879 518 admissos.
931 473 1128 527 Quorum
1159 488 1256 514 cum
1284 471 1402 523 haec,
1429 487 1556 527 quam
1586 487 1660 513 ex-

112 550 360 608 posuimus,
401 549 532 591 fuerit
568 548 698 598 ratio,
736 546 947 602 numquid
990 545 1131 595 habet,
1172 545 1288 600 quod
1319 545 1560 600 municipes
1588 551 1662 586 aut

115 623 284 666 civitate
314 621 508 664 Romana
535 627 609 662 aut
639 619 869 662 Latinitate
896 633 1000 660 usos
1033 633 1126 660 esse
1159 617 1338 659 doceat?
1380 616 1427 658 Si
1457 616 1536 659 hac
1565 624 1659 658 ute-

113 701 275 744 rentur,
299 693 498 749 quoniam
523 692 675 735 incolis
697 699 858 748 partem
890 691 1074 745 aliquam
1105 689 1366 745 reipublicae
1395 690 1504 731 tradi
1532 689 1663 732 semel

115 767 347 823 placuerat,
383 780 565 820 aequum
598 773 687 806 erat
724 779 809 806 non
843 764 896 806 iis
926 763 1054 805 modo
1090 761 1214 812 tradi,
1247 761 1321 817 qui
1356 762 1462 818 pari,
1503 762 1579 804 sed
1606 762 1660 804 iis

116 839 242 882 etiam
272 838 346 894 qui
380 838 554 880 meliore
590 837 683 879 iure
717 843 859 879 essent
897 836 925 877 i.
957 850 991 877 e.
1023 835 1236 877 civitatem
1266 834 1502 876 Romanam
1531 833 1663 876 habe-

115 918 222 954 rent.
270 911 347 954 Sin
378 910 591 953 civitatem
620 909 864 965 municipiis
895 907 1147 958 tribuemus,
1173 922 1249 949 cur
1265 907 1430 950 incolae
1448 907 1522 963 qui
1547 907 1663 949 cives

115 983 295 1026 Romani
326 989 470 1025 essent
502 982 556 1024 ad
587 982 840 1038 suffragium
871 980 1046 1023 admissi
1076 980 1173 1030 sint,
1201 987 1387 1036 apparet,
1417 980 1470 1021 de
1496 978 1664 1021 Latinis

115 1056 253 1114 possit
290 1055 491 1105 dubitari,
532 1055 609 1097 sed
649 1055 848 1110 quoniam
886 1054 947 1096 sic
985 1060 1147 1109 partem
1176 1052 1368 1108 ipsorum
1400 1052 1665 1107 municipum

117 1128 274 1171 Latino
302 1135 468 1170 tantum
498 1128 591 1170 iure
621 1128 756 1170 fuisse
788 1126 1062 1170 statuendum
1094 1124 1186 1173 erit,
1207 1125 1370 1167 incolas
1399 1124 1549 1166 eodem
1580 1137 1665 1178 quo

117 1201 191 1243 illa
219 1201 395 1243 inferior
432 1216 531 1257 pars
566 1200 833 1257 municipum
865 1206 954 1242 erat
986 1199 1078 1240 iure
1110 1196 1325 1254 praeditos
1346 1211 1430 1238 non
1453 1195 1665 1239 contemni

119 1272 355 1330 oportebat.

230 1346 361 1388 Redit
400 1345 533 1402 igitur
569 1345 705 1387 omnis
735 1351 905 1387 nostrae
936 1343 1196 1400 quaestionis
1226 1342 1457 1385 difficultas
1485 1342 1584 1391 huc,
1619 1348 1668 1383 ut

121 1417 174 1460 de
201 1417 491 1474 municipibus
521 1417 806 1473 disputemus,
837 1431 1020 1473 quorum
1045 1415 1277 1472 Salpensae
1297 1423 1338 1457 et
1359 1415 1550 1456 Malacae
1581 1413 1668 1455 duo

123 1504 282 1546 genera
307 1489 443 1531 fuisse
474 1490 770 1545 cognovimus,
799 1504 935 1531 unum
967 1489 1126 1531 civium
1152 1489 1456 1537 Romanorum,
1490 1487 1669 1528 alterum

120 1562 389 1604 Latinorum.
444 1562 572 1605 Hanc
611 1562 818 1604 rationem
858 1576 955 1604 cum
987 1577 1037 1604 ea
1073 1561 1284 1617 opinione,
1323 1574 1408 1615 qua
1437 1557 1671 1614 municipia

120 1634 266 1677 Latini
303 1634 410 1677 iuris
457 1650 551 1677 esse
594 1634 787 1690 potuisse
832 1633 1169 1690 Salpensamque
1210 1639 1251 1675 et
1287 1632 1500 1674 Malacam
1534 1630 1671 1673 fuisse

123 1713 329 1758 statuunt,
363 1722 494 1763 supra
533 1706 922 1749 demonstravimus
959 1707 1115 1763 optime
1147 1705 1396 1748 convenire:
1438 1719 1542 1746 num
1573 1718 1672 1745 cum

123 1779 293 1823 civitate
322 1779 516 1821 Romana
545 1794 693 1821 eorum
725 1779 962 1829 conveniat,
987 1778 1169 1821 dubium
1199 1793 1294 1820 esse
1314 1792 1442 1833 posse
1461 1776 1671 1819 videatur.

127 1851 224 1895 Sint
259 1852 372 1895 enim
411 1852 593 1894 fortasse
631 1851 712 1893 viri
742 1851 871 1901 docti,
912 1851 986 1907 qui
1023 1851 1256 1907 municipia
1291 1851 1349 1891 ita
1377 1849 1594 1898 definiant,
1624 1854 1674 1889 ut

125 1924 340 1967 neminem
382 1924 427 1966 in
457 1924 510 1967 iis
542 1939 637 1966 esse
675 1931 824 1980 putent
850 1923 933 1965 nisi
962 1924 1034 1978 qui
1067 1923 1172 1965 civis
1203 1923 1422 1965 Romanus
1455 1921 1521 1963 sit.
1583 1919 1673 1973 Qui

123 2012 210 2039 non
241 1997 380 2039 solum
410 1997 477 2039 his
509 1997 680 2046 tabulis,
709 1996 754 2038 in
783 1996 941 2052 quibus
974 1995 1119 2037 Latini
1147 1995 1259 2037 inter
1289 1994 1528 2049 municipes
1556 2006 1672 2034 com-

124 2077 426 2119 memorentur,
467 2069 730 2119 refellantur,
770 2069 846 2111 sed
886 2068 1010 2110 etiam
1052 2067 1312 2111 coloniarum
1350 2066 1535 2114 ratione,
1564 2078 1673 2119 quae

125 2157 150 2184 a
177 2140 300 2184 nobis
338 2141 382 2183 in
422 2147 645 2183 comment.
677 2141 811 2198 epigr.
838 2141 858 2182 Ι
887 2156 929 2197 p.
960 2140 1040 2184 470
1070 2140 1171 2182 satis
1199 2139 1393 2195 exposita
1419 2147 1496 2181 est.
1555 2136 1674 2178 Nihil

126 2213 239 2256 enim
280 2228 538 2270 magnopere
579 2213 689 2255 inter
726 2213 959 2269 municipia
1004 2220 1045 2254 et
1085 2213 1196 2254 inter
1237 2210 1423 2254 colonias
1458 2211 1673 2259 intererat,

126 2293 294 2341 praeter
327 2286 512 2329 nominis
541 2287 711 2328 inanem
742 2285 958 2341 quandam
990 2285 1188 2342 speciem,
1221 2298 1307 2339 qua
1336 2282 1523 2324 coloniae
1554 2287 1672 2323 ante-

129 2359 281 2401 cedere
315 2358 588 2408 videbantur‚
626 2367 667 2400 et
707 2358 931 2414 originem,
971 2373 1056 2413 qua
1093 2356 1280 2399 coloniae
1317 2370 1370 2396 ex
1400 2354 1508 2396 urbe
1535 2354 1674 2396 Roma

129 2438 404 2487 propagatae,
446 2430 677 2487 municipia
713 2431 886 2472 aliunde
920 2430 1054 2472 ascita
1088 2436 1225 2472 erant:
1265 2442 1394 2484 quare
1425 2427 1460 2468 si
1493 2426 1537 2467 in
1573 2425 1673 2475 illis,

128 2518 234 2558 quas
266 2503 435 2545 civitate
466 2503 662 2545 Romana
696 2518 798 2545 usas
838 2517 932 2544 esse
963 2517 1109 2544 omnes
1139 2501 1393 2550 concedunt,
1425 2513 1510 2540 non
1538 2513 1673 2539 unum

130 2582 219 2619 erat
249 2590 386 2632 genus
417 2575 651 2626 hominum,
695 2575 770 2618 sed
805 2575 931 2631 plura
962 2574 1055 2615 iure
1097 2572 1279 2622 diversa,
1317 2571 1423 2627 quid
1453 2577 1530 2620 est,
1558 2569 1676 2625 quod

129 2647 174 2689 in
209 2647 477 2702 municipiis,
523 2648 720 2704 quamvis
764 2648 978 2690 civitatem
1017 2645 1241 2694 haberent,
1278 2659 1413 2686 unum
1454 2643 1675 2685 hominum

132 2734 269 2775 genus
305 2734 400 2762 esse
438 2719 680 2775 oportuisse
710 2719 936 2762 dicamus?
996 2718 1093 2760 Non
1123 2716 1338 2772 loquimur
1366 2716 1419 2758 de
1447 2716 1532 2757 illis
1561 2714 1675 2756 colo-

130 2791 298 2833 niarum
336 2791 546 2848 partibus,
587 2806 685 2834 cum
724 2792 908 2834 diversis
947 2788 1210 2846 temporibus
1247 2789 1290 2830 in
1320 2788 1435 2830 idem
1468 2786 1677 2843 oppidum

134 2863 272 2906 coloni
311 2863 487 2906 deducti
523 2871 636 2914 sunt,
675 2864 791 2906 unde
830 2863 1052 2905 hominum
1092 2876 1251 2918 genera
1285 2859 1536 2910 existebant,
1567 2873 1676 2915 quae
