1846 3100
584 160 638 192 De
667 158 781 192 Gallia
806 158 1039 192 Romanorum
1073 160 1258 202 provincia.
1631 155 1683 200 35

141 266 484 322 obstringeretur
512 282 563 310 ao
589 267 739 309 merita
769 266 958 322 praemio
987 265 1273 309 afficerentur.
1323 266 1444 320 Quid
1473 266 1586 308 enim
1611 273 1689 316 est,

140 339 257 395 quod
283 339 477 382 Velleius
506 339 566 389 ΙΙ,
598 339 649 382 16
676 337 844 381 scribit:
888 340 1099 380 Paulatim
1130 340 1273 380 deinde
1298 341 1528 392 recipiendo
1558 342 1604 379 in
1623 342 1691 379 ci-

140 415 307 454 vitatem
322 446 331 464 ‚
371 415 446 466 qui
472 427 593 453 arma
631 418 708 452 aut
734 426 818 452 non
845 417 1037 463 ceperant
1066 417 1142 452 aut
1173 413 1441 464 deposuerant
1470 414 1689 462 maturius,

141 487 248 526 vires
275 499 354 525 esse
377 485 588 537 refectas?
623 481 672 525 Si
703 483 774 524 lex
804 497 854 524 ea
883 488 985 532 erat,
1013 497 1143 537 quam
1159 481 1312 525 Cicero
1334 482 1453 532 dicit,
1483 488 1531 524 ut
1550 483 1692 524 omnia

142 555 363 598 civitatum
396 570 555 612 genera
583 555 950 611 complecteretur,
979 554 1194 608 quomodo
1223 554 1396 597 tandem
1422 555 1582 597 factum
1612 561 1690 605 est,

140 634 189 669 ut
217 643 266 670 ea
294 627 497 684 paulatim
522 626 849 683 reciperentur?
891 624 1019 668 Certe
1047 642 1133 669 non
1162 627 1234 678 ita,
1262 635 1309 670 ut
1343 627 1578 684 generatim
1604 627 1691 683 pri-

139 715 258 742 mum
273 699 416 741 Latini
445 699 604 755 quique
621 698 799 740 Latinae
817 706 962 740 essent
990 698 1267 749 condicionis,
1296 698 1452 741 deinde
1468 699 1690 749 foederati,

140 778 232 813 tum
265 771 368 814 socii
397 771 712 827 reciperentur3
738 770 783 812 id
802 770 915 812 enim
946 778 1105 813 etcum
1135 786 1184 812 ea
1210 786 1319 826 quae
1350 786 1480 828 supra
1499 771 1692 827 exposita

141 851 207 886 est
230 843 392 885 ratione
423 850 635 899 pugnaret.
668 850 710 884 et
747 857 846 884 cum
872 842 1029 885 velleii
1060 842 1203 884 verbis
1243 850 1285 885 et
1320 858 1418 885 cum
1447 844 1541 885 aliis
1568 843 1690 885 testi-

141 915 309 957 moniis.
366 913 455 956 Sed
483 921 617 970 prout
653 914 855 969 quodque
886 914 1094 970 oppidum
1126 915 1195 957 vel
1232 914 1340 957 bene
1370 915 1578 957 meruisse
1607 914 1690 965 vel,

142 987 227 1029 nisi
265 986 435 1029 civitate
484 986 583 1027 data
625 987 943 1036 conciliaretur,
987 1001 1140 1028 nocere
1179 1002 1307 1042 posse
1342 987 1590 1037 videbatur,
1632 987 1691 1028 ita

139 1059 426 1115 recipiebatur
452 1074 532 1101 nec
562 1058 744 1100 dubium
784 1065 872 1108 est,
905 1058 1008 1113 quin
1050 1058 1142 1100 fieri
1173 1059 1382 1114 potuerit,
1420 1067 1469 1101 ut
1498 1074 1551 1102 ex
1583 1060 1688 1115 ipsis

141 1131 318 1174 coloniis
347 1131 514 1173 Latinis
543 1131 695 1173 eodem
732 1138 923 1187 tempore
955 1131 1060 1172 aliae
1091 1129 1260 1173 eiv'itate
1301 1138 1546 1182 uterentur,
1585 1132 1691 1174 aliae

141 1217 227 1246 non
257 1211 491 1245 uterentur.
550 1203 617 1245 Ac
645 1203 844 1258 quoniam
883 1203 994 1244 inter
1030 1218 1147 1244 arma
1186 1203 1280 1259 ipsa
1318 1218 1368 1244 ac
1395 1203 1555 1246 bellum
1586 1204 1688 1246 dum

141 1290 296 1331 magna
323 1275 592 1317 contentione
621 1275 805 1331 geritur,
840 1275 1010 1317 civitate
1041 1274 1243 1331 paulatim
1272 1274 1412 1316 danda
1442 1276 1689 1319 Italicorum

142 1347 400 1404 populorum
417 1347 546 1389 animi
562 1347 757 1404 placandi
778 1354 909 1397 erant,
930 1362 1014 1389 non
1033 1347 1204 1389 videtur
1227 1362 1322 1389 esse
1344 1354 1688 1399 consentaneum,

142 1427 191 1461 ut
217 1419 272 1462 de
303 1419 486 1475 singulis
515 1419 682 1475 populis
712 1420 782 1462 vel
811 1419 992 1473 singulis
1023 1419 1130 1461 adeo
1158 1419 1327 1476 oppidis
1355 1419 1550 1475 singulae
1568 1421 1688 1477 leges

142 1506 196 1533 ex
227 1502 399 1534 senatus
431 1491 639 1534 consultis
677 1491 733 1533 ad
760 1491 969 1547 populum
1007 1491 1115 1533 latae
1149 1491 1204 1533 ab
1238 1506 1373 1546 eoque
1410 1492 1554 1534 iussae
1585 1493 1687 1535 sint:

143 1563 205 1605 sic
232 1563 345 1605 enim
374 1578 575 1619 persaepe
601 1563 843 1613 accidisset,
873 1571 922 1605 ut
950 1563 1020 1605 vel
1051 1563 1217 1605 occasio
1246 1563 1306 1605 rei
1333 1563 1442 1606 bene
1473 1565 1688 1620 gerendae

142 1635 547 1690 praetermitteretur
585 1637 654 1678 vel
694 1636 796 1678 socii
842 1636 946 1692 ipsi,
992 1635 1066 1690 qui
1102 1635 1288 1677 incertae
1326 1636 1474 1692 populi
1508 1636 1689 1678 Romani

142 1706 352 1749 voluntati
381 1722 474 1750 sese
500 1707 743 1763 permittere
773 1714 1035 1758 vererentur,
1064 1707 1286 1763 promissis
1311 1708 1510 1764 praemiis
1535 1723 1688 1764 parum

145 1779 422 1821 confiderent.
492 1778 639 1832 Quare
677 1795 775 1822 cum
812 1780 909 1836 lege
948 1779 1059 1821 Iulia
1098 1780 1227 1821 semel
1277 1780 1533 1835 permissum
1576 1788 1689 1823 esset

143 1849 341 1917 ompibus
386 1852 554 1908 populis
581 1851 742 1894 Italicis
773 1852 987 1894 civitatem
1023 1851 1232 1901 tribuere,
1272 1851 1443 1894 brevior
1478 1852 1688 1907 quaedam

143 1923 377 1979 eademque
406 1924 559 1966 certior
587 1924 657 1966 via
685 1923 943 1966 invenienda
970 1930 1072 1973 erat,
1102 1937 1186 1978 qua
1203 1923 1320 1978 quod
1339 1923 1495 1966 licebat
1520 1939 1688 1980 reprae-

145 2002 393 2038 sentaretur.
429 1995 469 2037 N
473 2011 522 2038 ec
550 1997 639 2039 scio
668 2012 772 2039 num
803 1996 904 2039 satis
934 1995 1077 2045 fuerit,
1104 1995 1271 2038 sublata
1299 1995 1445 2052 populi
1474 1995 1689 2038 sanctione

143 2067 198 2109 ad
227 2075 419 2110 senatum
454 2068 639 2110 civitatis
669 2069 738 2111 vel
767 2068 933 2111 dandae
961 2068 1030 2110 vel
1054 2082 1140 2110 non
1167 2067 1333 2110 dandae
1363 2067 1586 2110 arbitrium
1613 2067 1689 2110 de—

144 2139 278 2189 ferre3
305 2154 442 2195 neque
472 2140 586 2182 enim
614 2140 658 2182 in
688 2141 770 2182 hoc
802 2147 876 2182 aut
904 2141 1069 2182 minora
1098 2139 1280 2195 partium
1309 2140 1451 2182 studia
1477 2146 1596 2181 erant
1616 2146 1689 2181 aut

144 2211 278 2253 multo
305 2211 520 2254 difficilior
547 2212 775 2254 differendi
804 2212 963 2254 decreti
994 2212 1197 2262 facultas,
1234 2218 1293 2261 et,
1331 2212 1367 2254 si
1397 2212 1493 2268 lege
1524 2218 1690 2267 praeter

147 2289 330 2339 tempus,
360 2298 446 2338 quo
469 2298 663 2339 quaeque
695 2284 846 2326 civitas
867 2284 1143 2340 reciperetur,
1172 2283 1335 2338 reliqua
1362 2282 1688 2333 definiebantur,

144 2355 410 2410 aptissimum
451 2362 563 2404 erat,
601 2355 677 2398 uni
712 2355 981 2411 magistratui
1017 2369 1185 2397 omnem
1220 2362 1471 2411 potestatem
1507 2355 1690 2398 civitatis

145 2425 311 2469 dandae
345 2427 602 2483 permittere.
669 2425 798 2469 Certe
835 2427 962 2469 etiam
998 2427 1108 2468 illud
1146 2426 1350 2469 accedere
1391 2427 1604 2482 oportuit,
1643 2434 1692 2467 ut

146 2498 291 2553 populi
318 2499 400 2555 ipsi
429 2499 644 2542 civitatem
675 2506 879 2555 cuperent
909 2499 1151 2554 omissaque
1180 2506 1324 2540 vetere
1364 2512 1442 2539 sua
1470 2498 1692 2554 republica

145 2569 190 2612 in
215 2584 377 2612 novum
404 2570 474 2612 ius
505 2570 686 2613 transire
711 2571 871 2613 vellent
910 2571 939 2612 i.
971 2586 1007 2614 e.
1037 2577 1086 2612 ut
1115 2569 1240 2613 fundi
1269 2568 1441 2619 fierent3
1480 2570 1542 2612 sic
1578 2569 1692 2611 enim

145 2641 227 2684 hoc
254 2642 333 2683 rite
363 2642 611 2697 appellatur.
669 2643 759 2684 Sed
787 2649 1012 2698 perspecta
1042 2642 1297 2699 populorum
1329 2640 1563 2697 cupiditate
1594 2640 1691 2696 quis

145 2713 413 2768 potissimum
443 2712 717 2769 magistratus
745 2714 958 2757 civitatem
985 2714 1202 2770 impertire
1234 2727 1413 2768 eamque
1440 2718 1691 2768 potestatem

147 2785 320 2842 exlege
345 2785 458 2828 Iulia
489 2784 647 2828 habere
672 2785 853 2828 debuit?
910 2786 969 2836 Is,
1011 2786 1176 2842 opinor,
1208 2785 1282 2840 qui
1314 2784 1492 2840 populos
1521 2783 1691 2826 civitate

147 2856 371 2899 donandos
389 2856 581 2912 regebat,
607 2856 635 2897 i.
651 2871 688 2899 e.
706 2858 857 2900 consul
887 2858 973 2908 ille,
1003 2857 1073 2900 cui
1102 2856 1322 2913 provincia
1336 2855 1458 2897 Italia
1480 2863 1692 2906 evenerat,

1366 2926 1425 2969 ΒΩ
