1846 3100
221 165 303 209 340
641 169 697 202 De
721 170 967 212 propagatione
992 169 1139 202 civitatis
1162 169 1352 203 Romanae.

221 284 410 320 ratorum
438 276 707 334 principibus
737 276 858 327 dixit,
899 284 948 319 ut
976 284 1124 321 contra
1151 278 1354 335 principis
1385 278 1617 321 orationem
1645 293 1770 321 sena-

220 356 305 401 tus,
336 364 434 392 cum
465 350 578 392 solos
598 347 779 392 Aeduos
801 349 844 390 in
868 355 1061 392 senatum
1087 358 1273 401 vocaret,
1303 350 1500 401 decrerit,
1527 349 1602 392 sed
1622 364 1769 392 omnes

219 421 280 464 ita
317 421 483 464 admitti
524 437 650 478 posse
691 422 1020 473 demonstravit,
1064 430 1112 464 ut
1155 429 1268 465 certe
1305 422 1455 465 merita
1496 423 1769 478 animumque

221 494 432 550 cuiusque
470 494 524 536 ‘in
562 493 869 550 rempublicam
913 494 1148 551 spectanda
1188 510 1282 537 esse
1323 502 1528 537 censeret.
1583 492 1769 537 Senatus

218 566 353 623 igitur
386 567 630 609 consultum
662 567 707 608 in
733 566 843 608 hanc
871 567 961 609 fere
993 568 1244 610 sententiam
1275 568 1434 610 factum
1466 582 1561 610 esse
1590 567 1770 610 arbitra-

220 654 331 690 mur,
361 646 423 690 ut,
460 639 660 695 quoniam
698 640 874 695 antiqua
909 640 1054 695 populi
1087 640 1267 682 Romani
1305 638 1571 683 consuetudo
1602 639 1769 686 fuisset,

225 726 371 760 omnes
399 712 602 768 paulatim
623 712 805 768 populos
825 711 879 754 ad
907 712 1090 754 civitatis
1109 712 1405 767 honorumque
1428 711 1768 764 communionem

223 784 461 834 admittere,
500 784 658 834 Aedui,
698 785 773 840 qui
813 784 1106 827 vetustissima
1146 784 1330 827 amicitia
1361 784 1574 827 coniuncti
1611 790 1768 835 essent,

221 856 276 900 ad
319 857 500 899 honores
543 857 623 899 rite
663 857 873 913 petendos
914 857 1263 908 admitterentur3
1315 858 1464 900 ceteris
1513 857 1549 900 si
1582 856 1768 899 foederis

219 929 348 972 fidem
390 936 647 979 servassent,
688 929 837 971 eadem
871 931 1053 972 fortasse
1097 945 1193 985 spes
1231 930 1356 972 facta.
1419 929 1564 985 Atque
1597 928 1680 971 hoc
1709 928 1770 970 ita

221 1002 345 1045 solita
384 1002 534 1043 iudicii
575 1002 787 1058 elegantia
822 1002 1031 1044 intellexit
1071 1002 1106 1044 Ι.
1142 1002 1197 1044 A.
1228 1001 1476 1052 Ernestius3
1518 1017 1617 1044 nam
1653 1000 1768 1056 quod

217 1074 393 1130 quidam
425 1075 707 1116 recentissimi
739 1074 925 1117 editores
955 1089 1052 1116 cum
1082 1090 1216 1130 pravo
1246 1074 1441 1117 acumine
1468 1074 1768 1125 distinxerunt,

220 1147 289 1189 ius
320 1146 532 1188 honorum
559 1147 702 1203 ipsum
734 1146 932 1189 omnibus
959 1147 1240 1203 principibus,
1265 1147 1337 1202 qui
1368 1146 1588 1202 petierant,
1607 1146 1768 1196 datum,

220 1219 295 1262 sed
333 1219 494 1275 primos
530 1219 710 1261 Aeduos
755 1233 854 1261 vere
891 1234 986 1261 esse
1023 1219 1074 1261 ad
1108 1219 1291 1261 honores
1327 1219 1554 1270 admissos,
1590 1219 1767 1261 refutari

219 1307 305 1334 non
346 1307 454 1348 opus
496 1298 572 1334 est.
621 1291 712 1333 Nec
750 1306 852 1333 vero
889 1292 1080 1348 negarim
1118 1299 1267 1348 postea
1305 1291 1551 1348 Lingonum
1582 1307 1767 1348 quoque,

218 1364 464 1414 Remorum,
501 1363 788 1406 Carnutorum
819 1364 1086 1421 principibus
1117 1363 1232 1406 idem
1261 1364 1330 1406 ius
1361 1364 1507 1406 datum
1545 1379 1654 1414 esse,
1691 1365 1766 1407 sed

218 1437 365 1479 datum
407 1443 472 1478 est
510 1436 602 1478 aliis
635 1434 891 1487 Sconsultis‚
931 1438 984 1479 de
1024 1435 1182 1492 quibus
1214 1451 1310 1478 cum
1349 1436 1480 1478 semel
1510 1435 1616 1491 quid
1646 1437 1767 1492 sequi

218 1515 434 1564 oporteret
472 1508 751 1551 constitutum
787 1516 912 1559 esset,
938 1508 1131 1551 'dubitari
1158 1523 1240 1550 non
1272 1515 1448 1564 poterat.
1503 1506 1590 1550 Sed
1621 1523 1767 1565 perse-

217 1581 292 1636 qui
322 1581 428 1623 haec
455 1595 509 1622 ne
536 1580 709 1622 incertis
739 1581 914 1636 quidem
946 1581 1141 1637 vestigiis
1171 1580 1290 1623 licet:
1322 1580 1430 1622 adeo
1457 1579 1658 1623 historiae
1678 1581 1767 1623 Ro-

184 1663 186 1665 ’
217 1668 366 1695 manae
396 1660 591 1694 auctores
621 1660 661 1694 et
689 1653 827 1709 ipsius
859 1654 1044 1696 civitatis
1069 1661 1109 1694 ct
1137 1653 1266 1694 huius
1284 1652 1390 1694 iuris
1415 1653 1766 1708 propagationem

218 1725 385 1767 silentio
423 1732 589 1780 tegunt,
623 1741 702 1768 nec
739 1726 910 1782 singula
946 1732 1187 1768 senatorum
1219 1740 1271 1767 ex
1303 1723 1532 1781 provinciis
1563 1725 1767 1768 oriundo-

217 1812 315 1839 rum
347 1798 541 1854 exempla
572 1799 773 1854 colligere
801 1798 1026 1854 quicquam
1059 1798 1220 1848 attinet,
1253 1805 1476 1854 propterea
1503 1797 1618 1854 quod
1636 1797 1765 1848 iniis,

219 1884 401 1925 quorum
434 1871 570 1926 patria
604 1871 697 1913 iure
725 1871 934 1913 honorum
968 1877 1143 1920 careret,
1175 1870 1430 1912 beneficium
1461 1877 1602 1912 tamen
1631 1869 1766 1926 impe-

216 1942 367 1984 ratoris
413 1942 628 1999 singulare
655 1944 932 1986 .intercedere
969 1943 1160 1999 potuisse
1199 1942 1362 1985 Valerii
1403 1942 1584 1985 Asiatici
1622 1957 1766 1985 exem-

215 2014 356 2070 plum,
404 2015 520 2070 quod
568 2031 698 2072 supra
737 2016 979 2072 expositum
1023 2022 1105 2065 est,
1148 2014 1346 2056 ostendit.
1414 2014 1560 2067 Quare
1601 2015 1765 2057 etiamsi

216 2086 516 2143 imperatorem
545 2087 778 2129 Traianum
807 2088 948 2144 ipsum
979 2093 1144 2129 constat
1163 2086 1300 2128 fuisse
1316 2086 1558 2142 Hispanum
1580 2093 1765 2143 patrem-

216 2173 300 2214 que
330 2159 422 2201 eius
453 2174 538 2201 non
569 2161 698 2203 modo
724 2160 992 2202 consulatum
1019 2159 1307 2215 triumphique
1330 2158 1518 2216 insignia
1533 2158 1764 2215 accepisse,

216 2246 368 2274 verum
416 2232 541 2275 etiam
585 2233 629 2275 in
677 2232 952 2289 patriciorum
998 2246 1225 2273 numerum
1271 2230 1323 2273 ab
1363 2231 1630 2288 Vespasiano
1671 2246 1766 2274 esse

216 2305 412 2355 ascitum,
444 2313 485 2347 et
505 2305 716 2348 Hadriani
737 2320 865 2347 avum
883 2304 1176 2354 Marullinum,
1201 2304 1302 2346 item
1321 2303 1578 2360 Hispanum,
1604 2304 1764 2346 scimus

218 2392 271 2419 ex
295 2377 455 2420 familia
486 2393 563 2420 sua
592 2378 775 2434 primum
801 2377 947 2433 populi
967 2376 1149 2418 Romani
1174 2383 1409 2418 senatorem
1437 2376 1572 2418 fuisse
1603 2377 1762 2432 (Spart.

216 2450 355 2492 Hadr.
383 2450 512 2505 init.)‚
540 2456 680 2492 tamen
712 2450 784 2491 vix
813 2449 914 2492 inde
945 2456 1036 2490 tuto
1068 2448 1266 2504 colligere
1296 2447 1453 2498 licebit,
1483 2447 1666 2491 Neronis
1695 2448 1764 2490 vel

216 2520 391 2565 Claudii
429 2530 563 2565 aetate
607 2522 834 2564 universae
869 2521 1103 2577 Hispaniae
1138 2521 1207 2562 vel
1246 2527 1359 2562 certe
1395 2520 1568 2562 Traiani
1604 2521 1762 2577 patriae

214 2594 388 2637 Italicae
421 2595 488 2637 ius
521 2595 731 2636 honorum
764 2609 858 2636 esse
893 2593 1052 2635 datum.
1110 2593 1382 2649 Quamquam
1412 2592 1631 2648 probabile
1661 2607 1762 2635 sane

217 2673 294 2716 est,
320 2673 545 2722 postquam
576 2666 866 2708 Narbonensis
890 2665 1033 2708 Gallia
1061 2666 1262 2722 optimam
1291 2665 1503 2708 civitatem
1527 2665 1759 2707 Romanam

215 2745 290 2780 est.
316 2738 484 2794 adepta,
515 2753 568 2780 ne
599 2738 854 2794 Hispaniam
882 2738 1056 2793 quidem
1087 2753 1136 2780 ac
1174 2738 1357 2780 maxime
1393 2738 1621 2787 Baeticam,
1651 2751 1760 2793 quae

216 2824 383 2866 semper
417 2810 536 2852 cultu
567 2825 616 2853 ac
651 2810 840 2853 moribus
871 2810 1018 2852 Italiae
1055 2810 1248 2866 proxima
1277 2810 1421 2853 habita
1451 2817 1528 2861 est,
1559 2809 1635 2851 diu
1667 2809 1760 2852 iure

212 2881 423 2924 honorum
453 2883 666 2925 caruisse:
697 2883 814 2939 quod
846 2883 881 2925 si
912 2882 1025 2925 Nero
1052 2897 1137 2924 non
1168 2882 1301 2934 dedit,
1328 2883 1403 2939 qui
1427 2881 1652 2939 superbiae
1671 2881 1761 2924 Ro-
