1846 3100
577 122 632 153 De
659 121 908 163 propagatione
935 120 1079 152 civitatis
1102 120 1293 152 Romanae.
1628 116 1709 160 359

160 232 444 275 retinentibus
471 231 658 290 placuit:
688 236 778 272 tota
805 243 874 270 res
905 234 1099 270 veterum
1131 235 1390 279 senatorum,
1421 229 1496 285 qui
1524 229 1709 272 honores

161 319 264 347 suos
302 304 472 361 vulgari
513 303 695 351 nollent,
728 300 890 342 invidia
929 300 1128 343 discussa
1164 309 1241 343 est.
1299 299 1370 344 Cf.
1406 301 1531 344 etiam
1566 301 1710 345 Valer.

159 376 278 419 Max.
297 376 376 427 VI,
403 377 442 426 4,
477 378 512 426 1,
541 375 657 431 apud
684 387 811 428 quem
841 378 981 414 tamen
1009 380 1200 429 tempora
1228 373 1507 429 hominesque
1532 373 1712 430 turpiter

161 448 498 492 confunduntur.

273 520 397 574 Quae
428 535 525 563 cum
554 519 614 561 ita
645 518 742 568 sint,
781 517 1027 560 Latinitatis
1066 516 1147 558 hoc
1182 516 1251 559 ius
1289 517 1426 560 fuisse
1459 517 1710 574 reperimus,

158 600 220 642 ut,
250 592 286 634 si
315 592 390 647 qui
419 591 599 634 Romam
630 591 902 646 migrassent,
942 588 996 630 iis
1028 589 1082 631 ab
1119 588 1370 631 censoribus
1410 589 1568 632 tribum
1597 590 1710 633 acci-

157 679 258 720 pere
297 671 424 720 atque
469 662 672 719 optimam
716 661 932 704 civitatem
973 660 1210 702 Romanam
1249 676 1347 703 cum
1389 662 1484 704 iure
1516 662 1710 719 suffragii

157 743 199 778 et
222 736 432 778 honorum
460 734 729 778 coniunctam
762 733 968 788 consequi
993 733 1154 783 liceret,
1183 740 1232 775 ut
1260 742 1302 775 et
1326 733 1368 775 in
1393 741 1587 777 senatum
1613 750 1710 790 per-

158 809 352 851 venirent
389 815 431 850 et
462 821 651 851 summos
681 805 867 847 honores
898 804 1259 861 adipiscerentur:
1297 805 1333 848 si
1362 806 1437 862 qui
1466 806 1510 848 in
1540 806 1709 863 oppidis

161 881 250 923 suis
278 887 511 930 manerent,
545 878 741 934 quamvis
772 877 840 920 vel
872 877 1193 933 magistratibus
1224 878 1426 934 gerendis
1457 879 1525 921 vel
1553 878 1709 935 opibus

160 968 210 995 ac
238 952 396 995 virtute
426 951 697 999 excellerent,
731 957 872 992 tamen
904 949 1150 992 inferiorem
1186 958 1350 992 tantum
1380 951 1596 994 civitatem
1621 951 1709 994 Ro-

157 1040 325 1068 manam
350 1024 590 1066 obtinerent
619 1037 758 1078 neque
789 1030 863 1064 aut
886 1022 939 1063 ad
967 1021 1174 1079 suffragia
1203 1030 1276 1064 aut
1294 1023 1349 1065 ad
1376 1023 1560 1066 honores
1587 1038 1710 1066 sena-

156 1097 287 1139 torios
322 1096 550 1153 ipsumque
583 1102 778 1138 senatum
804 1094 1144 1137 admitterentur.
1190 1095 1403 1137 Iniustum
1427 1095 1507 1138 hoc
1526 1097 1709 1138 fortasse

157 1169 417 1224 quibusdam
460 1184 554 1211 esse
593 1168 803 1217 videatur,
838 1167 915 1209 sed
956 1174 1097 1209 tamen
1127 1174 1169 1210 et
1200 1174 1364 1210 certum
1396 1175 1462 1210 est
1491 1176 1532 1210 et
1560 1168 1710 1211 mode-

156 1241 319 1284 ratione
339 1256 566 1284 censorum
583 1241 782 1283 effectum
809 1255 903 1283 esse
932 1239 1129 1290 arbitror,
1158 1247 1207 1282 ut
1233 1256 1318 1283 non
1342 1249 1455 1284 esset
1479 1241 1708 1284 iniustum:

157 1312 314 1368 quibus
352 1328 450 1355 cum
477 1313 715 1356 viderimus
746 1314 925 1356 liberam
957 1313 1065 1354 hanc
1096 1319 1347 1368 potestatem
1378 1329 1473 1356 esse
1503 1315 1709 1365 relictam,

157 1392 303 1427 utrum
354 1385 593 1442 reciperent
629 1385 674 1427 in
723 1385 861 1428 tribus
906 1385 1122 1428 Romanas
1163 1386 1343 1428 Latinos
1382 1402 1435 1429 an
1472 1401 1558 1428 non
1601 1387 1710 1429 reci-

156 1465 318 1514 perent,
357 1458 459 1500 olim
501 1458 689 1512 quidem,
730 1474 828 1500 cum
868 1474 999 1515 parva
1040 1458 1145 1501 urbs
1191 1466 1305 1501 esset
1349 1474 1527 1516 eamque
1566 1460 1710 1502 multi-

158 1529 306 1572 tudine
347 1530 569 1572 hominum
608 1531 758 1587 augeri
800 1530 905 1572 utile
947 1531 1263 1573 existimaretur
1300 1546 1395 1574 esse
1430 1531 1708 1588 reipublicae,

155 1599 312 1644 multos
340 1602 582 1658 promiscue
614 1617 712 1644 cum
740 1617 896 1657 magna
926 1603 1128 1645 facilitate
1158 1611 1353 1659 receptos
1373 1618 1467 1646 esse
1489 1603 1708 1646 existimo:

156 1681 267 1730 post,
297 1673 373 1716 ubi
404 1674 658 1730 magnitudo
685 1674 781 1729 ipsa
810 1673 930 1716 urbis
957 1675 1134 1718 molesta
1165 1676 1235 1717 vel
1265 1675 1505 1732 periculosa
1529 1675 1709 1718 habere-

156 1753 239 1794 tur,
270 1745 412 1788 cautio
439 1760 596 1802 magna
627 1762 652 1788 a
679 1745 928 1788 censoribus
955 1747 1254 1798 adhibebatur,
1282 1763 1335 1791 ne
1364 1748 1514 1804 inopes
1541 1748 1708 1804 recipe-

156 1826 264 1860 rent.
314 1817 381 1859 Ita
416 1817 453 1859 si
482 1817 588 1873 quid
614 1817 659 1859 in
684 1817 782 1874 lege
813 1825 902 1860 erat
929 1818 1179 1874 iniquitatis,
1210 1820 1257 1861 id
1284 1820 1615 1876 magistratuum
1641 1836 1708 1863 sa-

155 1889 315 1946 pientia
353 1889 592 1932 tollebatur.
652 1889 804 1946 Neque
844 1891 957 1933 enim
988 1891 1218 1947 quicquam
1258 1901 1336 1942 est,
1367 1892 1483 1947 quod
1515 1906 1602 1941 eos,
1634 1892 1709 1948 qui

156 1961 240 2004 iam
283 1960 399 2003 domi
433 1962 550 2004 cives
585 1961 687 2004 facti
727 1970 867 2014 erant,
899 1963 1070 2006 facilius
1106 1964 1151 2006 in
1182 1963 1333 2006 urbem
1369 1964 1581 2007 admissos
1614 1979 1708 2006 esse

157 2040 361 2090 putemus
401 2049 530 2089 quam
569 2049 656 2084 eos,
693 2035 768 2090 qui
805 2035 1038 2078 Latinitate
1074 2036 1169 2092 ipsa
1197 2044 1440 2086 uterentur,
1476 2036 1559 2079 nisi
1591 2036 1708 2092 quod

156 2105 256 2148 illos
284 2105 505 2162 probabile
535 2114 600 2148 est
626 2107 715 2148 fere
742 2107 879 2150 fuisse
906 2107 1142 2158 divitiores,
1172 2109 1251 2152 hos
1269 2108 1559 2165 pauperiores.
1598 2107 1708 2150 Nam

159 2177 235 2233 qui
265 2193 318 2220 ex
348 2177 517 2220 Latinis
547 2178 711 2221 incolae
740 2186 905 2221 tantum
937 2187 1056 2222 erant
1081 2179 1243 2222 Romae
1272 2180 1301 2222 i.
1317 2195 1352 2222 e.
1372 2180 1446 2236 qui
1465 2195 1551 2222 non
1568 2187 1707 2222 trans-

160 2249 394 2306 migrarant
431 2265 484 2292 ex
521 2250 692 2307 oppidis
723 2251 814 2294 suis
842 2266 924 2294 nec
952 2252 1114 2295 tribum
1142 2261 1404 2309 acceperant,
1436 2252 1527 2294 sive
1555 2253 1586 2294 ii
1616 2252 1705 2308 pri-

159 2328 296 2363 vatam
326 2321 510 2364 civitatis
539 2322 754 2365 Romanae
784 2330 948 2379 partem
978 2323 1205 2374 habebant,
1244 2325 1335 2367 sive
1362 2339 1448 2367 non
1478 2323 1705 2375 habebant,

158 2393 391 2449 aequaliter
427 2394 618 2449 utrisque
659 2409 744 2437 non
780 2395 879 2451 plus
917 2410 1045 2451 quam
1075 2411 1161 2438 una
1190 2397 1327 2439 tribus
1365 2396 1547 2452 patebat,
1576 2411 1706 2452 quam

154 2465 275 2507 initio
303 2465 574 2508 comitiorum
605 2475 718 2510 sorte
750 2467 923 2509 ductam
961 2467 1245 2523 omnibusque
1275 2468 1558 2510 communiter
1584 2468 1705 2510 Lati-

154 2536 222 2579 nis
255 2544 446 2592 apertam
474 2552 568 2580 esse
599 2540 901 2582 intelleximus.
965 2538 1105 2582 Cuius
1134 2540 1196 2582 rei
1228 2548 1531 2596 argumentum
1561 2555 1614 2583 ex
1642 2547 1705 2582 ta-

158 2608 283 2650 bulae
306 2608 587 2652 Malacitanae
613 2611 722 2661 loco,
755 2612 830 2667 qui
861 2627 991 2668 supra
1019 2627 1061 2667 p.
1088 2611 1166 2653 291
1202 2611 1439 2667 explicatus
1469 2618 1547 2662 est,
1571 2612 1706 2668 repeti

157 2688 321 2736 potest:
350 2680 395 2722 in
424 2696 509 2736 qua
541 2697 639 2725 cum
667 2683 831 2726 incolae
865 2693 906 2726 et
933 2684 1007 2739 qui
1034 2683 1150 2726 cives
1177 2683 1359 2726 Romani
1387 2691 1429 2726 et
1459 2683 1534 2739 qui
1559 2682 1704 2725 Latini

159 2760 273 2802 sunt,
301 2752 344 2794 in
376 2767 462 2795 una
494 2768 604 2809 quae
633 2762 746 2797 sorte
777 2755 905 2798 ducta
931 2762 1045 2798 esset
1074 2755 1191 2797 curia
1221 2755 1476 2813 suffragium
1497 2755 1610 2798 ferre
1636 2755 1703 2798 iu-

157 2822 354 2874 beantur,
387 2824 568 2867 similem
604 2826 703 2867 olim
733 2827 893 2869 Romae
924 2827 1157 2869 incolarum
1187 2828 1391 2870 rationem
1421 2827 1556 2870 fuisse
1585 2827 1704 2870 colli-
