1846 3100
195 136 274 179 156
535 140 589 172 De
613 139 726 173 Gallia
750 142 984 174 Romanorum
1009 143 1183 185 provincia
1206 144 1388 186 appendix,

941 482 991 518 m:

160 538 164 541 -
192 570 414 622 oluffiNE
448 570 608 622 mim
640 571 832 622 clvlus
862 571 1179 624 CAESARIANI
1205 572 1478 625 APPEme
1507 572 1736 625 omnm.

304 759 513 809 Breviter,
544 765 750 815 quantum
775 759 867 802 fieri
890 760 1043 816 potuit,
1073 761 1116 801 in
1142 760 1362 816 superiore
1388 759 1738 802 commentatione

192 831 399 887 originem
430 830 530 874 belli
561 831 699 874 civilis
728 830 976 875 Caesariani
1002 832 1294 888 exposuimus,
1322 833 1567 889 relictisque
1591 831 1738 874 multis

191 903 342 953 rebus,
382 919 491 959 quae
529 904 705 960 cognitu
738 912 882 946 essent
912 904 1214 960 dignissimae,
1256 920 1334 961 pro
1365 905 1561 948 instituto
1592 912 1738 947 nostro

190 976 235 1016 id
266 976 534 1032 potissimum
565 977 701 1018 secuti
731 992 897 1027 sumus,
930 985 978 1018 ut
1007 992 1091 1031 quo
1122 977 1303 1032 quisque
1333 985 1522 1033 tempore
1551 976 1737 1019 Galliam

190 1048 454 1104 provinciam
486 1049 768 1104 suscepisset,
809 1065 894 1104 quo
925 1049 1202 1099 decessisset,
1245 1056 1444 1106 accurate
1473 1050 1738 1092 demonstra-

190 1135 348 1162 remus.
407 1119 496 1162 Sed
523 1120 629 1163 haec
656 1137 766 1177 quae
791 1121 1056 1178 scripsimus,
1087 1121 1190 1163 dum
1216 1122 1330 1163 domi
1357 1122 1604 1172 retinemus,
1634 1121 1738 1163 alias

191 1193 566 1236 commentationes
594 1194 818 1244 addimus,
855 1201 990 1235 totum
1024 1209 1133 1249 opus
1163 1194 1205 1235 in
1236 1194 1339 1236 artis
1369 1194 1547 1236 formam
1574 1193 1738 1249 redigi-

190 1280 301 1315 mus,
328 1265 473 1307 invitis
498 1265 622 1308 nobis
650 1281 853 1322 magnum
881 1282 930 1308 ac
947 1266 1171 1308 molestum
1189 1265 1331 1308 hercle
1353 1266 1572 1322 negotium
1591 1274 1737 1308 natum

191 1344 278 1387 est,
308 1337 426 1392 quod
450 1351 529 1379 nec
554 1337 702 1380 timide
727 1339 934 1395 defugere
959 1345 1034 1381 aut
1058 1337 1279 1380 fastidiose
1309 1338 1529 1394 despicere
1554 1339 1738 1388 deceret,

191 1417 234 1452 et
256 1417 371 1451 recte
402 1409 438 1451 si
465 1410 848 1460 administraretur,
880 1411 1096 1467 copiosam
1129 1410 1462 1466 disputationem
1490 1411 1738 1466 requireret.

189 1482 348 1524 Nescio
383 1479 496 1524 enim
528 1497 614 1538 quo
647 1490 771 1538 pacto
801 1483 978 1533 accidit,
1023 1492 1071 1526 ut
1100 1483 1271 1526 interim
1306 1483 1412 1526 haec
1439 1483 1534 1539 ipsa
1562 1483 1616 1524 de
1645 1483 1738 1524 iure

191 1553 390 1597 Caesaris
421 1562 462 1597 et
489 1555 686 1611 Pompeii
722 1555 916 1610 quaestio
959 1556 1102 1598 studia
1141 1556 1331 1598 virorum
1370 1556 1594 1598 doctorum
1621 1555 1737 1598 exci-

191 1635 298 1670 taret
323 1642 518 1682 quaeque
543 1627 619 1669 diu
644 1628 842 1683 neglecta
861 1642 1000 1682 neque
1020 1643 1208 1683 unquam
1237 1628 1339 1670 satis
1368 1628 1579 1684 explicata
1609 1635 1736 1679 esset,

191 1714 240 1741 ea
272 1698 414 1741 subito
442 1699 565 1754 quasi
595 1700 638 1741 in
664 1700 805 1742 lucem
832 1710 1032 1743 revocata
1060 1715 1236 1756 magnas
1264 1701 1427 1757 ingenii
1447 1715 1497 1743 ac
1517 1700 1738 1743 doctrinae

190 1772 482 1814 contentiones
518 1772 728 1828 gigneret.
786 1771 938 1827 Neque
975 1772 1020 1814 id
1057 1772 1199 1815 hercle
1235 1773 1327 1814 iure
1360 1773 1419 1815 ita
1447 1772 1540 1815 fieri
1569 1787 1735 1828 negem.

190 1843 301 1897 Quis
343 1844 456 1886 enim
497 1844 542 1885 in
577 1851 663 1886 tota
703 1859 835 1900 prope
874 1844 1052 1887 historia
1083 1845 1277 1887 Romana
1315 1845 1437 1887 locus
1473 1844 1601 1887 debet
1643 1859 1737 1886 esse

191 1917 380 1958 omnium
413 1916 567 1958 studiis
601 1917 773 1973 dignior
797 1932 923 1971 quam
956 1917 1041 1967 ille,
1071 1931 1156 1971 quo
1181 1915 1356 1959 libertas
1385 1917 1560 1973 antiqua
1586 1916 1631 1958 in
1656 1917 1736 1959 im-

189 1996 433 2045 peratorum
464 1988 796 2030 dominationem
826 1989 1006 2031 transire
1039 1989 1198 2044 coepit,
1240 2002 1326 2044 quo
1365 1989 1506 2031 omnia
1543 1996 1584 2030 et
1621 2003 1737 2031 com-

191 2061 318 2102 moda
346 2068 386 2102 et
414 2059 686 2102 incommoda
710 2060 866 2102 veteris
886 2061 1143 2116 reipublicae
1164 2069 1368 2117 apparent
1386 2061 1736 2111 luculentissime,

189 2147 275 2188 quo
320 2132 504 2187 denique
544 2132 840 2188 imperatoriae
888 2133 1097 2189 potentiae
1139 2133 1462 2175 constituendae
1503 2133 1736 2175 necessitas

189 2205 472 2260 intelligitur?
524 2205 614 2259 Qui
644 2205 760 2260 quod
787 2221 939 2261 parum
968 2205 1111 2247 adhuc
1137 2213 1224 2248 erat
1251 2205 1504 2255 illustratus,
1531 2204 1736 2247 maxima-

190 2293 286 2320 rum
318 2293 459 2320 rerum
497 2277 550 2319 de
581 2277 755 2319 interitu
785 2277 993 2319 libertatis
1024 2285 1065 2319 et
1091 2277 1185 2319 iure
1214 2277 1381 2332 imperii
1413 2283 1642 2319 consecuta
1673 2283 1738 2318 est

189 2350 414 2406 ignoratio.
465 2348 554 2392 Sed
580 2364 666 2405 quo
695 2356 836 2391 tamen
865 2363 968 2391 casu
995 2348 1203 2391 maximae
1230 2364 1355 2404 saepe
1384 2348 1655 2403 quaestiones
1683 2363 1736 2391 ex

190 2422 377 2465 tenebris
418 2422 540 2477 quasi
582 2421 756 2464 excitari
798 2421 981 2470 soleant,
1028 2420 1249 2462 advertere
1288 2421 1419 2462 iuvat.
1474 2419 1738 2462 Prodierunt

189 2495 324 2550 igitur
364 2494 549 2536 duorum
590 2492 936 2535 doctissimorum
981 2492 1171 2534 virorum
1206 2492 1361 2541 libelli,
1405 2492 1480 2548 qui
1510 2492 1626 2547 quod
1657 2506 1735 2534 nos

190 2574 405 2622 tamquam
445 2566 525 2608 sub
563 2566 700 2608 alieno
738 2564 906 2606 nomine
942 2564 1113 2620 paucis,
1158 2564 1234 2606 sed
1262 2564 1433 2606 abunde
1465 2571 1604 2606 tamen
1634 2579 1735 2606 con-

189 2638 345 2680 fecisse
385 2638 653 2688 videremur,
698 2637 743 2678 id
781 2636 953 2692 propria
987 2636 1275 2695 disputatione
1317 2635 1398 2678 sibi
1436 2635 1735 2693 explicandum

189 2717 486 2766 proponerent,
516 2724 626 2765 quae
655 2709 776 2764 origo
804 2707 904 2750 belli
932 2708 1069 2750 civilis
1097 2706 1358 2758 Caesariani,
1385 2722 1470 2763 quo
1494 2708 1587 2749 iure
1605 2707 1735 2749 Pom-

190 2782 327 2836 peius,
360 2797 445 2837 quo
476 2780 649 2831 Caesar,
679 2780 819 2822 utrius
849 2795 978 2822 causa
1007 2780 1160 2823 iustior
1186 2780 1354 2822 fuisset.
1411 2779 1609 2832 Quorum
1638 2793 1735 2820 sen-

191 2853 344 2895 tentiae
373 2854 452 2896 etsi
478 2855 537 2897 ita
563 2854 673 2897 inter
701 2867 745 2894 sc
773 2851 1029 2908 discrepant,
1055 2860 1103 2894 ut
1129 2867 1215 2895 una
1240 2851 1553 2908 quodammodo
1579 2849 1735 2893 elevari
