1846 3100
540 148 594 180 De
621 149 794 180 dictatoris
819 148 977 181 Caesaris
1003 149 1200 183 honoribus.
1561 150 1634 194 241

94 271 231 298 annus
269 256 314 298 in
347 256 598 312 fragmentis
628 254 882 312 Capitolinis
922 257 1098 308 dicitur,
1139 258 1446 315 intelligendus
1489 268 1553 303 est
1589 262 1640 304 43

95 343 132 370 a.
152 325 270 379 Chr„
301 328 375 384 qui
402 328 710 384 insequebatur
740 343 852 379 eum,
882 344 967 385 quo
996 329 1261 373 Octavianus
1290 331 1496 388 magister
1520 335 1640 389 equi-

93 406 185 442 tum
222 400 396 443 futurus
438 408 540 443 erat,
608 399 682 443 Sic
719 401 855 457 igitur
889 402 986 444 fasti
1023 400 1252 458 Capitolini
1289 403 1370 446 hoc
1405 404 1501 447 loco
1538 421 1640 462 sup—

93 472 239 528 plendi
268 480 389 516 sunt:
853 487 855 489 ·

94 546 138 586 c-
152 547 351 588 IVLIVS·
368 547 412 587 c·
427 548 471 586 F·
488 547 532 586 c·
547 547 600 585 N·
618 546 863 598 cAEs[AR-
875 533 966 586 1-11?
1171 550 1280 590 mc.
1296 552 1438 591 REIP-
1452 553 1578 593 REG·
1594 553 1638 592 c-

92 621 146 658 M·
168 619 416 660 A1M1L1vs
440 621 510 671 [Μ.
527 621 571 658 F·
589 620 638 669 Q·
654 620 707 658 N·
722 620 972 660 LEPIDVS·
988 608 1033 660 fi
1176 624 1307 663 MAG·
1322 625 1410 675 EQ-

93 691 155 742 [ο.
173 692 463 732 OCTAV1vs-
480 692 524 731 c-
539 693 584 731 F·
602 692 646 731 c-
663 692 716 730 N·
1175 696 1306 735 MAG·
1321 698 1409 747 EQ·

170 764 257 803 VT·
286 765 415 816 QVM-
444 764 772 816 M[1,Er1]1)vs-
800 765 1402 817 PALVDATvsOExisssr-
1430 770 1638 809 INIRET·

1344 842 1479 882 NON·
1496 843 1638 882 INIIT

91 908 165 947 CN
178 909 463 950 DOMITIVS·
479 912 531 949 M·
546 911 590 949 F·
607 912 659 949 M·
674 910 727 949 N·
746 909 1054 960 CAL[VINVS·
1175 913 1306 952 MAG·
1322 915 1408 965 EQ-

170 982 245 1020 IN·
260 983 674 1034 INSEQVENTEM-
690 983 922 1032 ANN[VM·
938 984 1293 1037 DESIGNATVS

170 1054 331 1094 ERAT·
344 1056 481 1096 NON·
502 1056 644 1094 INIIT

37 1113 46 1121 ’
91 1123 215 1178 Quae
253 1125 550 1182 supplementa
587 1125 733 1167 eadem
776 1126 864 1169 fere
907 1127 961 1170 ab
998 1128 1216 1171 veteribus
1251 1129 1541 1185 fastographis
1571 1129 1636 1171 in-

91 1205 216 1239 venta
246 1205 358 1239 sunt.
412 1196 487 1240 Sic
516 1198 650 1255 igitur
680 1206 904 1255 postquam
934 1200 1143 1251 honores,
1187 1217 1296 1257 quos
1327 1216 1498 1257 quoque
1527 1217 1636 1244 anno

92 1267 142 1312 C.
174 1267 336 1312 Caesar
365 1271 512 1326 gessit,
547 1271 794 1327 singillatim
824 1273 1039 1328 persecuti
1071 1289 1244 1323 sumus,
1279 1274 1384 1316 haec
1413 1289 1540 1329 quam
1570 1274 1636 1315 in-

92 1357 274 1398 sequens
315 1343 510 1399 proxima
545 1344 702 1400 pagina
739 1344 888 1394 habet,
930 1345 1120 1388 nascitur
1149 1346 1294 1388 tabula
1322 1345 1635 1400 chronologica,

89 1429 217 1470 quam
249 1422 298 1456 ut
332 1430 418 1457 uno
458 1424 689 1472 conspectu
723 1431 831 1471 quae
866 1417 1153 1473 disputatione
1186 1425 1332 1461 nost-ra
1357 1418 1508 1460 effecta
1537 1426 1637 1460 sunt

91 1487 486 1542 complecteremur,
528 1487 772 1530 addendam
804 1504 898 1531 esse
937 1489 1195 1545 putavimus.
1250 1490 1301 1532 In
1340 1504 1424 1544 qua
1457 1505 1509 1531 ne
1539 1491 1634 1545 quis

91 1558 287 1609 miretur,
331 1559 463 1603 verba
504 1560 711 1602 fastorum
748 1576 833 1603 non
864 1562 1091 1604 convenire
1121 1577 1216 1603 cum
1247 1562 1368 1604 annis
1398 1561 1636 1616 diebusque

88 1631 305 1687 appositis,
335 1633 616 1683 servavimus,
645 1648 752 1688 quae
782 1634 825 1675 in
857 1634 1107 1690 fragmentis
1133 1631 1386 1690 Capitolinis
1417 1633 1634 1689 leguntur,

91 1702 166 1745 sed
202 1703 295 1746 dies
331 1720 549 1760 annosque
584 1720 680 1755 eos,
721 1705 879 1761 quibus
905 1707 1087 1762 quisque
1114 1706 1253 1748 factus
1279 1721 1373 1748 esse
1406 1705 1634 1756 videretur,

89 1789 380 1831 ascnpsimus.

201 1846 270 1888 Ex
300 1847 380 1890 hac
414 1848 556 1890 tabula
584 1849 710 1891 etiam
742 1864 1009 1891 nummorum
1039 1849 1170 1899 ratio,
1208 1849 1263 1891 ad
1293 1864 1421 1905 quem
1449 1850 1633 1906 quisque

87 1934 246 1961 annum
274 1920 526 1965 referendus
557 1920 610 1962 sit
638 1927 679 1962 et
702 1921 777 1976 qui
805 1921 972 1977 possint
991 1921 1163 1963 omnino
1181 1921 1372 1977 reperiri,
1401 1921 1632 1977 apparebit.

90 1989 298 2048 Superest
337 2000 499 2042 autem,
543 1993 744 2048 quoniam
776 1993 959 2035 multum
991 1993 1044 2035 de
1081 1993 1409 2049 magistratuum
1444 2008 1522 2050 per
1553 1994 1634 2036 hoc

89 2070 257 2120 tempus
286 2050 448 2107 ratione
480 2065 808 2121 disputavimus,
837 2073 886 2107 ut
912 2065 1224 2115 examinemus,
1254 2065 1371 2120 quod
1399 2063 1633 2107 Suetonius

90 2133 214 2178 Caes.
247 2150 282 2178 c.
309 2137 362 2179 76
391 2138 521 2179 refert
552 2136 606 2179 de
637 2137 762 2178 tertio
795 2145 836 2179 et
865 2144 1016 2191 quarto
1049 2135 1247 2179 Caesaris
1281 2137 1506 2179 consulatu
1535 2153 1633 2180 nar-

88 2223 210 2257 rans,
249 2208 391 2250 medio
432 2223 530 2250 eum
559 2215 749 2265 tempore
782 2209 952 2251 comitia
980 2209 1098 2251 nulla
1126 2208 1330 2251 habuisse
1360 2216 1528 2264 praeter
1557 2209 1632 2250 tri-

90 2278 303 2321 bunorum
347 2287 388 2322 et
427 2280 630 2323 aedilium
669 2279 807 2336 plebis
825 2312 835 2330 ,
879 2281 1204 2336 praefectosque
1246 2295 1324 2336 pro
1363 2280 1632 2336 praetoribus

89 2352 376 2403 constituisse,
396 2354 468 2408 qui
488 2353 662 2395 absente
681 2367 726 2394 se
746 2353 829 2408 (sic
846 2352 958 2394 enim
976 2353 1132 2395 rectius
1151 2367 1265 2394 nunc
1282 2351 1458 2408 legitur)
1477 2367 1545 2394 res
1559 2367 1632 2393 ur-

88 2423 220 2466 banas
246 2424 604 2467 administrarent.
650 2424 822 2467 Ezenim
848 2439 958 2467 anno
979 2424 1030 2467 49
1057 2433 1281 2481 postquam
1304 2438 1448 2465 rerum
1468 2423 1630 2479 potitus

89 2502 153 2537 est
189 2495 527 2551 dictaturamque
563 2496 677 2547 iniit,
717 2497 854 2539 noluit
893 2496 964 2538 ille
1001 2496 1175 2551 quidem
1205 2510 1283 2551 pro
1314 2495 1388 2545 iis,
1431 2496 1505 2550 qui
1534 2510 1632 2538 cum

87 2566 294 2623 Pompeio
324 2569 600 2625 aufugerant,
640 2569 745 2611 alios
773 2569 1048 2625 magistratus
1079 2568 1295 2618 sufficere,
1338 2566 1414 2609 sed
1443 2567 1487 2607 in
1517 2566 1631 2608 inse-

87 2646 286 2694 quentem
314 2656 474 2683 annum
499 2641 641 2683 omnia
664 2641 834 2683 comitia
850 2640 999 2683 habuit
1007 2657 1018 2690 ;
1045 2655 1175 2695 quare
1193 2641 1367 2682 fuerunt
1389 2646 1492 2680 tunc
1508 2653 1631 2694 prae-

87 2718 200 2753 tores
228 2709 278 2754 C.
297 2711 554 2763 Trebonius,
583 2713 657 2768 qui
686 2712 893 2755 urbanam
921 2712 1260 2754 iurisdictionem
1290 2711 1414 2752 iussu
1433 2707 1630 2751 Caesaris

87 2781 271 2826 habebat
301 2783 406 2839 (Dio
431 2784 591 2835 XLII,
622 2784 716 2840 22),
751 2785 814 2826 M.
845 2783 1018 2827 Caelius
1048 2785 1190 2826 Rufus
1221 2783 1329 2838 (Dio
1359 2781 1490 2830 ibid.;
1532 2780 1630 2823 Liv.

90 2851 234 2910 CXI),
265 2854 320 2908 Q.
339 2855 503 2898 Pedius
532 2854 678 2913 (Caes.
704 2855 801 2898 bell.
831 2857 912 2899 civ.
939 2856 1021 2906 ΠΙ,
1050 2856 1139 2911 22),
1167 2855 1216 2897 P.
1238 2853 1456 2910 Sulpicius
1486 2851 1630 2908 (Caes.

45 2920 50 2927 ”
492 2919 497 2921 ”
1312 2926 1361 2968 16
