<?xml version="1.0" encoding="UTF-8"?>
<!DOCTYPE html PUBLIC "-//W3C//DTD XHTML 1.0 Transitional//EN"
    "http://www.w3.org/TR/xhtml1/DTD/xhtml1-transitional.dtd">
<html xmlns="http://www.w3.org/1999/xhtml" xml:lang="en" lang="en">
 <head>
  <title>
</title>
<meta http-equiv="Content-Type" content="text/html;charset=utf-8" />
  <meta name='ocr-system' content='tesseract 3.04.00' />
  <meta name='ocr-capabilities' content='ocr_page ocr_carea ocr_par ocr_line ocrx_word'/>
</head>
<body>
  <div class='ocr_page' id='page_1' title='image "./studiaromanasive00zump_0247.png"; bbox 0 0 1846 3100; ppageno 0'>
   <div class='ocr_carea' id='block_1_1' title="bbox 531 162 1636 206">
    <p class='ocr_par' dir='ltr' id='par_1_1' title="bbox 531 162 1636 206">
     <span class='ocr_line' id='line_1_1' title="bbox 531 162 1636 206; baseline -0.003 -9"><span class='ocrx_word' id='word_1_1' title='bbox 531 166 584 197; x_wconf 81' lang='lat' dir='ltr'>De</span> <span class='ocrx_word' id='word_1_2' title='bbox 609 166 783 197; x_wconf 77' lang='lat' dir='ltr'>dictatoris</span> <span class='ocrx_word' id='word_1_3' title='bbox 808 164 964 198; x_wconf 81' lang='lat' dir='ltr'><strong>Caesaris</strong></span> <span class='ocrx_word' id='word_1_4' title='bbox 990 165 1189 196; x_wconf 22' lang='lat' dir='ltr'>honoribus*</span> <span class='ocrx_word' id='word_1_5' title='bbox 1554 162 1636 206; x_wconf 78' lang='lat'>235</span> 
     </span>
    </p>
   </div>
   <div class='ocr_carea' id='block_1_2' title="bbox 87 274 1638 2784">
    <p class='ocr_par' dir='ltr' id='par_1_2' title="bbox 87 274 1638 2784">
     <span class='ocr_line' id='line_1_2' title="bbox 89 274 1637 331; baseline -0.001 -13"><span class='ocrx_word' id='word_1_6' title='bbox 89 280 314 331; x_wconf 79' lang='lat' dir='ltr'>imperator</span> <span class='ocrx_word' id='word_1_7' title='bbox 341 279 491 317; x_wconf 77' lang='lat' dir='ltr'>iterum</span> <span class='ocrx_word' id='word_1_8' title='bbox 505 308 516 327; x_wconf 93' lang='lat'>,</span> <span class='ocrx_word' id='word_1_9' title='bbox 554 283 646 318; x_wconf 89' lang='lat' dir='ltr'>tum</span> <span class='ocrx_word' id='word_1_10' title='bbox 680 274 1021 317; x_wconf 77' lang='lat' dir='ltr'>constantissime</span> <span class='ocrx_word' id='word_1_11' title='bbox 1058 276 1284 326; x_wconf 82' lang='lat' dir='ltr'>imperator</span> <span class='ocrx_word' id='word_1_12' title='bbox 1321 275 1637 330; x_wconf 79' lang='lat' dir='ltr'>appellaretur?</span> 
     </span>
     <span class='ocr_line' id='line_1_3' title="bbox 90 346 1636 404; baseline -0.002 -13"><span class='ocrx_word' id='word_1_13' title='bbox 90 349 240 404; x_wconf 85' lang='lat' dir='ltr'>Neque</span> <span class='ocrx_word' id='word_1_14' title='bbox 277 349 387 391; x_wconf 89' lang='lat' dir='ltr'>enim</span> <span class='ocrx_word' id='word_1_15' title='bbox 426 349 655 397; x_wconf 86' lang='lat' dir='ltr'>honorem,</span> <span class='ocrx_word' id='word_1_16' title='bbox 697 348 769 403; x_wconf 94' lang='lat' dir='ltr'>qui</span> <span class='ocrx_word' id='word_1_17' title='bbox 805 347 848 388; x_wconf 93' lang='lat' dir='ltr'>in</span> <span class='ocrx_word' id='word_1_18' title='bbox 883 346 1033 387; x_wconf 84' lang='lat' dir='ltr'>iterato</span> <span class='ocrx_word' id='word_1_19' title='bbox 1061 346 1232 388; x_wconf 90' lang='lat' dir='ltr'>nomine</span> <span class='ocrx_word' id='word_1_20' title='bbox 1261 347 1529 402; x_wconf 88' lang='lat' dir='ltr'>imperatoris</span> <span class='ocrx_word' id='word_1_21' title='bbox 1558 355 1636 397; x_wconf 88' lang='lat' dir='ltr'>est,</span> 
     </span>
     <span class='ocr_line' id='line_1_4' title="bbox 93 418 1637 476; baseline -0.003 -12"><span class='ocrx_word' id='word_1_22' title='bbox 93 422 128 463; x_wconf 88' lang='lat' dir='ltr'>si</span> <span class='ocrx_word' id='word_1_23' title='bbox 166 421 249 464; x_wconf 89' lang='lat' dir='ltr'>fuit</span> <span class='ocrx_word' id='word_1_24' title='bbox 285 421 415 464; x_wconf 89' lang='lat' dir='ltr'>semel</span> <span class='ocrx_word' id='word_1_25' title='bbox 446 427 663 476; x_wconf 86' lang='lat' dir='ltr'>receptus,</span> <span class='ocrx_word' id='word_1_26' title='bbox 700 420 759 460; x_wconf 85' lang='lat' dir='ltr'>ita</span> <span class='ocrx_word' id='word_1_27' title='bbox 791 425 940 476; x_wconf 81' lang='lat' dir='ltr'>postea</span> <span class='ocrx_word' id='word_1_28' title='bbox 967 418 1131 474; x_wconf 85' lang='lat' dir='ltr'>negligi</span> <span class='ocrx_word' id='word_1_29' title='bbox 1162 419 1405 474; x_wconf 86' lang='lat' dir='ltr'>oportebat,</span> <span class='ocrx_word' id='word_1_30' title='bbox 1446 426 1494 460; x_wconf 93' lang='lat' dir='ltr'>ut</span> <span class='ocrx_word' id='word_1_31' title='bbox 1525 434 1637 460; x_wconf 89' lang='lat' dir='ltr'>nun-</span> 
     </span>
     <span class='ocr_line' id='line_1_5' title="bbox 91 491 1637 549; baseline -0.002 -13"><span class='ocrx_word' id='word_1_32' title='bbox 91 509 219 549; x_wconf 86' lang='lat' dir='ltr'>quam</span> <span class='ocrx_word' id='word_1_33' title='bbox 258 500 549 549; x_wconf 82' lang='lat' dir='ltr'>usurparetur.</span> <span class='ocrx_word' id='word_1_34' title='bbox 622 491 735 533; x_wconf 90' lang='lat' dir='ltr'>Tum</span> <span class='ocrx_word' id='word_1_35' title='bbox 773 492 816 533; x_wconf 93' lang='lat' dir='ltr'>in</span> <span class='ocrx_word' id='word_1_36' title='bbox 852 491 1118 533; x_wconf 88' lang='lat' dir='ltr'>numerando</span> <span class='ocrx_word' id='word_1_37' title='bbox 1157 491 1328 533; x_wconf 87' lang='lat' dir='ltr'>nomine</span> <span class='ocrx_word' id='word_1_38' title='bbox 1366 491 1637 547; x_wconf 89' lang='lat' dir='ltr'>imperatorio</span> 
     </span>
     <span class='ocr_line' id='line_1_6' title="bbox 90 559 1636 624; baseline -0.002 -16"><span class='ocrx_word' id='word_1_39' title='bbox 90 581 199 621; x_wconf 89' lang='lat' dir='ltr'>quae</span> <span class='ocrx_word' id='word_1_40' title='bbox 229 565 336 608; x_wconf 83' lang='lat' dir='ltr'>ratio</span> <span class='ocrx_word' id='word_1_41' title='bbox 364 572 506 621; x_wconf 88' lang='lat' dir='ltr'>potest</span> <span class='ocrx_word' id='word_1_42' title='bbox 536 564 744 620; x_wconf 83' lang='lat' dir='ltr'>cogitari?</span> <span class='ocrx_word' id='word_1_43' title='bbox 789 559 904 605; x_wconf 90' lang='lat' dir='ltr'>Num</span> <span class='ocrx_word' id='word_1_44' title='bbox 934 563 1134 605; x_wconf 91' lang='lat' dir='ltr'>omnibus</span> <span class='ocrx_word' id='word_1_45' title='bbox 1164 562 1345 605; x_wconf 79' lang='lat' dir='ltr'>Gallicis</span> <span class='ocrx_word' id='word_1_46' title='bbox 1374 562 1497 605; x_wconf 88' lang='lat' dir='ltr'>bellis</span> <span class='ocrx_word' id='word_1_47' title='bbox 1517 561 1636 624; x_wconf 21' lang='lat' dir='ltr'>&#39;Cae-</span> 
     </span>
     <span class='ocr_line' id='line_1_7' title="bbox 92 627 1636 691; baseline -0.002 -11"><span class='ocrx_word' id='word_1_48' title='bbox 92 653 227 680; x_wconf 83' lang='lat' dir='ltr'>sarem</span> <span class='ocrx_word' id='word_1_49' title='bbox 256 637 385 680; x_wconf 86' lang='lat' dir='ltr'>semel</span> <span class='ocrx_word' id='word_1_50' title='bbox 413 644 575 678; x_wconf 82' lang='lat' dir='ltr'>tantum</span> <span class='ocrx_word' id='word_1_51' title='bbox 603 636 900 691; x_wconf 81' lang='lat' dir='ltr'>imperatorem</span> <span class='ocrx_word' id='word_1_52' title='bbox 924 627 1083 677; x_wconf 84' lang='lat' dir='ltr'>factum</span> <span class='ocrx_word' id='word_1_53' title='bbox 1112 650 1207 677; x_wconf 89' lang='lat' dir='ltr'>esse</span> <span class='ocrx_word' id='word_1_54' title='bbox 1232 634 1505 690; x_wconf 85' lang='lat' dir='ltr'>putabimus?</span> <span class='ocrx_word' id='word_1_55' title='bbox 1550 636 1636 686; x_wconf 93' lang='lat' dir='ltr'>An,</span> 
     </span>
     <span class='ocr_line' id='line_1_8' title="bbox 90 707 1636 766; baseline -0.001 -14"><span class='ocrx_word' id='word_1_56' title='bbox 90 710 290 766; x_wconf 86' lang='lat' dir='ltr'>quoniam</span> <span class='ocrx_word' id='word_1_57' title='bbox 328 707 697 764; x_wconf 83' lang='lat' dir='ltr'>Vercingetorigis</span> <span class='ocrx_word' id='word_1_58' title='bbox 737 707 880 763; x_wconf 84' lang='lat' dir='ltr'>imago</span> <span class='ocrx_word' id='word_1_59' title='bbox 917 708 1061 750; x_wconf 83' lang='lat' dir='ltr'>addita</span> <span class='ocrx_word' id='word_1_60' title='bbox 1097 715 1183 756; x_wconf 86' lang='lat' dir='ltr'>est,</span> <span class='ocrx_word' id='word_1_61' title='bbox 1222 722 1355 748; x_wconf 91' lang='lat' dir='ltr'>unum</span> <span class='ocrx_word' id='word_1_62' title='bbox 1390 723 1544 750; x_wconf 92' lang='lat' dir='ltr'>nomen</span> <span class='ocrx_word' id='word_1_63' title='bbox 1584 725 1636 751; x_wconf 90' lang='lat' dir='ltr'>ex</span> 
     </span>
     <span class='ocr_line' id='line_1_9' title="bbox 90 780 1636 838; baseline -0.001 -14"><span class='ocrx_word' id='word_1_64' title='bbox 90 782 267 838; x_wconf 87' lang='lat' dir='ltr'>reliquis</span> <span class='ocrx_word' id='word_1_65' title='bbox 295 781 490 838; x_wconf 90' lang='lat' dir='ltr'>proeliis,</span> <span class='ocrx_word' id='word_1_66' title='bbox 525 780 705 821; x_wconf 85' lang='lat' dir='ltr'>alterum</span> <span class='ocrx_word' id='word_1_67' title='bbox 735 795 788 821; x_wconf 86' lang='lat' dir='ltr'>ex</span> <span class='ocrx_word' id='word_1_68' title='bbox 818 787 1005 822; x_wconf 89' lang='lat' dir='ltr'>extremo</span> <span class='ocrx_word' id='word_1_69' title='bbox 1034 780 1107 822; x_wconf 93' lang='lat' dir='ltr'>illo</span> <span class='ocrx_word' id='word_1_70' title='bbox 1138 780 1315 821; x_wconf 89' lang='lat' dir='ltr'>relatum</span> <span class='ocrx_word' id='word_1_71' title='bbox 1349 795 1442 822; x_wconf 89' lang='lat' dir='ltr'>esse</span> <span class='ocrx_word' id='word_1_72' title='bbox 1477 788 1636 823; x_wconf 88' lang='lat' dir='ltr'>statue·</span> 
     </span>
     <span class='ocr_line' id='line_1_10' title="bbox 94 851 1638 910; baseline -0.001 -14"><span class='ocrx_word' id='word_1_73' title='bbox 94 870 205 904; x_wconf 90' lang='lat' dir='ltr'>mus,</span> <span class='ocrx_word' id='word_1_74' title='bbox 237 868 321 910; x_wconf 93' lang='lat' dir='ltr'>quo</span> <span class='ocrx_word' id='word_1_75' title='bbox 348 852 669 909; x_wconf 86' lang='lat' dir='ltr'>Vercingetorix</span> <span class='ocrx_word' id='word_1_76' title='bbox 698 859 847 908; x_wconf 90' lang='lat' dir='ltr'>captus</span> <span class='ocrx_word' id='word_1_77' title='bbox 877 852 967 893; x_wconf 83' lang='lat' dir='ltr'>est?</span> <span class='ocrx_word' id='word_1_78' title='bbox 1018 851 1139 893; x_wconf 89' lang='lat' dir='ltr'>Haec</span> <span class='ocrx_word' id='word_1_79' title='bbox 1166 862 1207 894; x_wconf 86' lang='lat' dir='ltr'>et</span> <span class='ocrx_word' id='word_1_80' title='bbox 1235 867 1382 894; x_wconf 88' lang='lat' dir='ltr'>omnes</span> <span class='ocrx_word' id='word_1_81' title='bbox 1410 854 1638 896; x_wconf 90' lang='lat' dir='ltr'>movebant</span> 
     </span>
     <span class='ocr_line' id='line_1_11' title="bbox 91 924 1636 974; baseline 0 -6"><span class='ocrx_word' id='word_1_82' title='bbox 91 934 133 968; x_wconf 89' lang='lat' dir='ltr'>et</span> <span class='ocrx_word' id='word_1_83' title='bbox 160 941 227 968; x_wconf 91' lang='lat' dir='ltr'>me</span> <span class='ocrx_word' id='word_1_84' title='bbox 256 926 315 968; x_wconf 86' lang='lat' dir='ltr'>ita</span> <span class='ocrx_word' id='word_1_85' title='bbox 343 925 484 968; x_wconf 89' lang='lat' dir='ltr'>hercle</span> <span class='ocrx_word' id='word_1_86' title='bbox 514 924 567 966; x_wconf 89' lang='lat' dir='ltr'>ab</span> <span class='ocrx_word' id='word_1_87' title='bbox 596 924 717 966; x_wconf 88' lang='lat' dir='ltr'>initio</span> <span class='ocrx_word' id='word_1_88' title='bbox 747 924 1003 974; x_wconf 86' lang='lat' dir='ltr'>affecerunt,</span> <span class='ocrx_word' id='word_1_89' title='bbox 1043 933 1091 965; x_wconf 85' lang='lat' dir='ltr'>ut</span> <span class='ocrx_word' id='word_1_90' title='bbox 1123 925 1177 966; x_wconf 84' lang='lat' dir='ltr'>de</span> <span class='ocrx_word' id='word_1_91' title='bbox 1209 925 1373 966; x_wconf 91' lang='lat' dir='ltr'>nummi</span> <span class='ocrx_word' id='word_1_92' title='bbox 1404 925 1519 967; x_wconf 90' lang='lat' dir='ltr'>illius</span> <span class='ocrx_word' id='word_1_93' title='bbox 1551 926 1636 968; x_wconf 90' lang='lat' dir='ltr'>fide</span> 
     </span>
     <span class='ocr_line' id='line_1_12' title="bbox 94 995 1636 1055; baseline 0.001 -15"><span class='ocrx_word' id='word_1_94' title='bbox 94 997 348 1040; x_wconf 85' lang='lat' dir='ltr'>dubitarem.</span> <span class='ocrx_word' id='word_1_95' title='bbox 398 995 660 1046; x_wconf 84' lang='lat' dir='ltr'>Accedebat,</span> <span class='ocrx_word' id='word_1_96' title='bbox 689 996 804 1052; x_wconf 91' lang='lat' dir='ltr'>quod</span> <span class='ocrx_word' id='word_1_97' title='bbox 833 996 960 1052; x_wconf 88' lang='lat' dir='ltr'>apud.</span> <span class='ocrx_word' id='word_1_98' title='bbox 974 1011 1061 1046; x_wconf 86' lang='lat' dir='ltr'>eos,</span> <span class='ocrx_word' id='word_1_99' title='bbox 1090 997 1161 1051; x_wconf 93' lang='lat' dir='ltr'>qui</span> <span class='ocrx_word' id='word_1_100' title='bbox 1190 998 1421 1039; x_wconf 81' lang='lat' dir='ltr'>recentiore</span> <span class='ocrx_word' id='word_1_101' title='bbox 1449 1006 1636 1055; x_wconf 86' lang='lat' dir='ltr'>tempore</span> 
     </span>
     <span class='ocr_line' id='line_1_13' title="bbox 89 1068 1635 1127; baseline 0.001 -15"><span class='ocrx_word' id='word_1_102' title='bbox 89 1086 197 1126; x_wconf 93' lang='lat' dir='ltr'>quos</span> <span class='ocrx_word' id='word_1_103' title='bbox 232 1071 315 1127; x_wconf 92' lang='lat' dir='ltr'>ipsi</span> <span class='ocrx_word' id='word_1_104' title='bbox 353 1070 563 1112; x_wconf 88' lang='lat' dir='ltr'>vidissent.</span> <span class='ocrx_word' id='word_1_105' title='bbox 594 1084 789 1110; x_wconf 82' lang='lat' dir='ltr'>nummos</span> <span class='ocrx_word' id='word_1_106' title='bbox 819 1068 1106 1123; x_wconf 85' lang='lat' dir='ltr'>collegerunt,</span> <span class='ocrx_word' id='word_1_107' title='bbox 1146 1069 1305 1111; x_wconf 85' lang='lat' dir='ltr'>nullam</span> <span class='ocrx_word' id='word_1_108' title='bbox 1335 1085 1513 1126; x_wconf 89' lang='lat' dir='ltr'>prorsus</span> <span class='ocrx_word' id='word_1_109' title='bbox 1544 1072 1635 1113; x_wconf 90' lang='lat' dir='ltr'>eius</span> 
     </span>
     <span class='ocr_line' id='line_1_14' title="bbox 89 1141 1635 1197; baseline 0 -12"><span class='ocrx_word' id='word_1_110' title='bbox 89 1143 346 1185; x_wconf 89' lang='lat' dir='ltr'>mentionem</span> <span class='ocrx_word' id='word_1_111' title='bbox 374 1142 466 1184; x_wconf 88' lang='lat' dir='ltr'>fieri</span> <span class='ocrx_word' id='word_1_112' title='bbox 497 1141 717 1191; x_wconf 85' lang='lat' dir='ltr'>videbam,</span> <span class='ocrx_word' id='word_1_113' title='bbox 751 1142 867 1183; x_wconf 89' lang='lat' dir='ltr'>velut</span> <span class='ocrx_word' id='word_1_114' title='bbox 893 1141 987 1191; x_wconf 88' lang='lat' dir='ltr'>ille,</span> <span class='ocrx_word' id='word_1_115' title='bbox 1018 1156 1146 1196; x_wconf 88' lang='lat' dir='ltr'>quem</span> <span class='ocrx_word' id='word_1_116' title='bbox 1175 1156 1300 1197; x_wconf 83' lang='lat' dir='ltr'>saepe</span> <span class='ocrx_word' id='word_1_117' title='bbox 1325 1142 1520 1192; x_wconf 87' lang='lat' dir='ltr'>laudavi,</span> <span class='ocrx_word' id='word_1_118' title='bbox 1550 1141 1635 1185; x_wconf 88' lang='lat' dir='ltr'>Ca-</span> 
     </span>
     <span class='ocr_line' id='line_1_15' title="bbox 89 1213 1635 1271; baseline -0.001 -13"><span class='ocrx_word' id='word_1_119' title='bbox 89 1215 315 1265; x_wconf 83' lang='lat' dir='ltr'>vedonius,</span> <span class='ocrx_word' id='word_1_120' title='bbox 345 1215 419 1271; x_wconf 91' lang='lat' dir='ltr'>qui</span> <span class='ocrx_word' id='word_1_121' title='bbox 448 1214 596 1257; x_wconf 84' lang='lat' dir='ltr'>aetatis</span> <span class='ocrx_word' id='word_1_122' title='bbox 625 1213 878 1270; x_wconf 87' lang='lat' dir='ltr'>Augusteae</span> <span class='ocrx_word' id='word_1_123' title='bbox 904 1228 1102 1255; x_wconf 90' lang='lat' dir='ltr'>nummos</span> <span class='ocrx_word' id='word_1_124' title='bbox 1133 1213 1174 1254; x_wconf 90' lang='lat' dir='ltr'>in</span> <span class='ocrx_word' id='word_1_125' title='bbox 1204 1213 1360 1255; x_wconf 85' lang='lat' dir='ltr'>Annal.</span> <span class='ocrx_word' id='word_1_126' title='bbox 1389 1214 1491 1256; x_wconf 87' lang='lat' dir='ltr'>Inst.</span> <span class='ocrx_word' id='word_1_127' title='bbox 1520 1215 1635 1257; x_wconf 88' lang='lat' dir='ltr'>arch.</span> 
     </span>
     <span class='ocr_line' id='line_1_16' title="bbox 87 1286 1636 1344; baseline -0.001 -13"><span class='ocrx_word' id='word_1_128' title='bbox 87 1289 186 1331; x_wconf 86' lang='lat' dir='ltr'>anni</span> <span class='ocrx_word' id='word_1_129' title='bbox 216 1288 322 1330; x_wconf 74' lang='lat'>1850</span> <span class='ocrx_word' id='word_1_130' title='bbox 349 1303 390 1344; x_wconf 89' lang='lat' dir='ltr'>p.</span> <span class='ocrx_word' id='word_1_131' title='bbox 414 1288 491 1328; x_wconf 75' lang='lat'>150</span> <span class='ocrx_word' id='word_1_132' title='bbox 525 1287 754 1342; x_wconf 88' lang='lat' dir='ltr'>diligenter</span> <span class='ocrx_word' id='word_1_133' title='bbox 783 1286 966 1342; x_wconf 85' lang='lat' dir='ltr'>collegit,</span> <span class='ocrx_word' id='word_1_134' title='bbox 998 1301 1095 1327; x_wconf 90' lang='lat' dir='ltr'>cum</span> <span class='ocrx_word' id='word_1_135' title='bbox 1125 1286 1311 1340; x_wconf 87' lang='lat' dir='ltr'>reliquos</span> <span class='ocrx_word' id='word_1_136' title='bbox 1342 1301 1539 1328; x_wconf 88' lang='lat' dir='ltr'>nummos</span> <span class='ocrx_word' id='word_1_137' title='bbox 1567 1303 1636 1329; x_wconf 93' lang='lat' dir='ltr'>re—</span> 
     </span>
     <span class='ocr_line' id='line_1_17' title="bbox 89 1358 1637 1410; baseline -0.001 -8"><span class='ocrx_word' id='word_1_138' title='bbox 89 1367 273 1410; x_wconf 85' lang='lat' dir='ltr'>censeat,</span> <span class='ocrx_word' id='word_1_139' title='bbox 304 1360 420 1401; x_wconf 88' lang='lat' dir='ltr'>hunc</span> <span class='ocrx_word' id='word_1_140' title='bbox 449 1374 532 1401; x_wconf 90' lang='lat' dir='ltr'>non</span> <span class='ocrx_word' id='word_1_141' title='bbox 564 1360 878 1401; x_wconf 83' lang='lat' dir='ltr'>commemorat.</span> <span class='ocrx_word' id='word_1_142' title='bbox 935 1359 994 1400; x_wconf 88' lang='lat' dir='ltr'>At</span> <span class='ocrx_word' id='word_1_143' title='bbox 1024 1365 1240 1400; x_wconf 84' lang='lat' dir='ltr'>auctorem</span> <span class='ocrx_word' id='word_1_144' title='bbox 1271 1358 1507 1401; x_wconf 86' lang='lat' dir='ltr'>Eckhelius</span> <span class='ocrx_word' id='word_1_145' title='bbox 1538 1360 1637 1401; x_wconf 89' lang='lat' dir='ltr'>citat</span> 
     </span>
     <span class='ocr_line' id='line_1_18' title="bbox 88 1430 1634 1487; baseline 0 -13"><span class='ocrx_word' id='word_1_146' title='bbox 88 1432 356 1482; x_wconf 88' lang='lat' dir='ltr'>Morellium,</span> <span class='ocrx_word' id='word_1_147' title='bbox 397 1431 470 1487; x_wconf 91' lang='lat' dir='ltr'>qui</span> <span class='ocrx_word' id='word_1_148' title='bbox 507 1431 575 1474; x_wconf 87' lang='lat' dir='ltr'>bis</span> <span class='ocrx_word' id='word_1_149' title='bbox 610 1430 803 1480; x_wconf 86' lang='lat' dir='ltr'>exhibet,</span> <span class='ocrx_word' id='word_1_150' title='bbox 842 1430 884 1471; x_wconf 91' lang='lat' dir='ltr'>in</span> <span class='ocrx_word' id='word_1_151' title='bbox 913 1430 1042 1472; x_wconf 87' lang='lat' dir='ltr'>Thes.</span> <span class='ocrx_word' id='word_1_152' title='bbox 1071 1430 1220 1485; x_wconf 89' lang='lat' dir='ltr'>imper.</span> <span class='ocrx_word' id='word_1_153' title='bbox 1248 1430 1371 1471; x_wconf 87' lang='lat' dir='ltr'>Rom.</span> <span class='ocrx_word' id='word_1_154' title='bbox 1399 1446 1516 1473; x_wconf 90' lang='lat' dir='ltr'>num.</span> <span class='ocrx_word' id='word_1_155' title='bbox 1549 1432 1634 1474; x_wconf 88' lang='lat' dir='ltr'>tab.</span> 
     </span>
     <span class='ocr_line' id='line_1_19' title="bbox 87 1502 1636 1553; baseline 0 -7"><span class='ocrx_word' id='word_1_156' title='bbox 87 1504 151 1547; x_wconf 95' lang='lat' dir='ltr'>IV</span> <span class='ocrx_word' id='word_1_157' title='bbox 177 1520 219 1546; x_wconf 86' lang='lat' dir='ltr'>n.</span> <span class='ocrx_word' id='word_1_158' title='bbox 243 1505 291 1546; x_wconf 79' lang='lat'>15</span> <span class='ocrx_word' id='word_1_159' title='bbox 309 1504 432 1553; x_wconf 75' lang='lat' dir='ltr'>et20,</span> <span class='ocrx_word' id='word_1_160' title='bbox 464 1511 505 1545; x_wconf 90' lang='lat' dir='ltr'>et</span> <span class='ocrx_word' id='word_1_161' title='bbox 530 1503 573 1544; x_wconf 91' lang='lat' dir='ltr'>in</span> <span class='ocrx_word' id='word_1_162' title='bbox 602 1504 700 1544; x_wconf 87' lang='lat' dir='ltr'>fam.</span> <span class='ocrx_word' id='word_1_163' title='bbox 729 1503 852 1544; x_wconf 85' lang='lat' dir='ltr'>Rom.</span> <span class='ocrx_word' id='word_1_164' title='bbox 880 1517 997 1546; x_wconf 66' lang='lat' dir='ltr'>num.</span> <span class='ocrx_word' id='word_1_165' title='bbox 1023 1502 1134 1543; x_wconf 89' lang='lat' dir='ltr'>inter</span> <span class='ocrx_word' id='word_1_166' title='bbox 1161 1502 1345 1544; x_wconf 89' lang='lat' dir='ltr'>incertos</span> <span class='ocrx_word' id='word_1_167' title='bbox 1375 1503 1460 1545; x_wconf 88' lang='lat' dir='ltr'>tab.</span> <span class='ocrx_word' id='word_1_168' title='bbox 1476 1504 1636 1546; x_wconf 90' lang='lat' dir='ltr'>XVIII</span> 
     </span>
     <span class='ocr_line' id='line_1_20' title="bbox 88 1573 1634 1632; baseline 0.001 -14"><span class='ocrx_word' id='word_1_169' title='bbox 88 1592 131 1618; x_wconf 86' lang='lat' dir='ltr'>n.</span> <span class='ocrx_word' id='word_1_170' title='bbox 161 1576 234 1627; x_wconf 79' lang='lat'>20,</span> <span class='ocrx_word' id='word_1_171' title='bbox 275 1576 320 1618; x_wconf 90' lang='lat' dir='ltr'>in</span> <span class='ocrx_word' id='word_1_172' title='bbox 354 1575 624 1618; x_wconf 87' lang='lat' dir='ltr'>annotatione</span> <span class='ocrx_word' id='word_1_173' title='bbox 663 1582 805 1616; x_wconf 88' lang='lat' dir='ltr'>autem</span> <span class='ocrx_word' id='word_1_174' title='bbox 837 1589 935 1615; x_wconf 88' lang='lat' dir='ltr'>eum</span> <span class='ocrx_word' id='word_1_175' title='bbox 965 1590 990 1616; x_wconf 91' lang='lat' dir='ltr'>a</span> <span class='ocrx_word' id='word_1_176' title='bbox 1019 1573 1192 1616; x_wconf 87' lang='lat' dir='ltr'>Goltzio</span> <span class='ocrx_word' id='word_1_177' title='bbox 1238 1574 1281 1615; x_wconf 93' lang='lat' dir='ltr'>in</span> <span class='ocrx_word' id='word_1_178' title='bbox 1312 1575 1455 1617; x_wconf 88' lang='lat' dir='ltr'>Fastis</span> <span class='ocrx_word' id='word_1_179' title='bbox 1484 1591 1525 1632; x_wconf 92' lang='lat' dir='ltr'>p.</span> <span class='ocrx_word' id='word_1_180' title='bbox 1557 1576 1634 1619; x_wconf 76' lang='lat'>174</span> 
     </span>
     <span class='ocr_line' id='line_1_21' title="bbox 88 1647 1635 1702; baseline 0 -12"><span class='ocrx_word' id='word_1_181' title='bbox 88 1649 252 1691; x_wconf 88' lang='lat' dir='ltr'>editum</span> <span class='ocrx_word' id='word_1_182' title='bbox 286 1663 380 1690; x_wconf 86' lang='lat' dir='ltr'>esse</span> <span class='ocrx_word' id='word_1_183' title='bbox 418 1647 587 1696; x_wconf 87' lang='lat' dir='ltr'>scribit,</span> <span class='ocrx_word' id='word_1_184' title='bbox 629 1647 784 1689; x_wconf 90' lang='lat' dir='ltr'>deinde</span> <span class='ocrx_word' id='word_1_185' title='bbox 815 1647 1204 1702; x_wconf 85' lang='lat' dir='ltr'>interpretationem</span> <span class='ocrx_word' id='word_1_186' title='bbox 1237 1654 1278 1688; x_wconf 88' lang='lat' dir='ltr'>et</span> <span class='ocrx_word' id='word_1_187' title='bbox 1310 1647 1490 1690; x_wconf 87' lang='lat' dir='ltr'>aliorum</span> <span class='ocrx_word' id='word_1_188' title='bbox 1521 1648 1635 1690; x_wconf 89' lang='lat' dir='ltr'>viro-</span> 
     </span>
     <span class='ocr_line' id='line_1_22' title="bbox 87 1719 1632 1774; baseline 0 -12"><span class='ocrx_word' id='word_1_189' title='bbox 87 1736 184 1762; x_wconf 90' lang='lat' dir='ltr'>rum</span> <span class='ocrx_word' id='word_1_190' title='bbox 215 1721 433 1762; x_wconf 87' lang='lat' dir='ltr'>doctorum</span> <span class='ocrx_word' id='word_1_191' title='bbox 466 1727 508 1761; x_wconf 88' lang='lat' dir='ltr'>et</span> <span class='ocrx_word' id='word_1_192' title='bbox 539 1734 659 1761; x_wconf 86' lang='lat' dir='ltr'>suam</span> <span class='ocrx_word' id='word_1_193' title='bbox 688 1719 830 1768; x_wconf 85' lang='lat' dir='ltr'>addit,</span> <span class='ocrx_word' id='word_1_194' title='bbox 861 1734 970 1774; x_wconf 88' lang='lat' dir='ltr'>quae</span> <span class='ocrx_word' id='word_1_195' title='bbox 1001 1735 1099 1760; x_wconf 89' lang='lat' dir='ltr'>cum</span> <span class='ocrx_word' id='word_1_196' title='bbox 1127 1719 1343 1774; x_wconf 89' lang='lat' dir='ltr'>praeclare</span> <span class='ocrx_word' id='word_1_197' title='bbox 1373 1735 1470 1763; x_wconf 87' lang='lat' dir='ltr'>cum</span> <span class='ocrx_word' id='word_1_198' title='bbox 1501 1721 1632 1772; x_wconf 82' lang='lat' dir='ltr'>rebus</span> 
     </span>
     <span class='ocr_line' id='line_1_23' title="bbox 87 1790 1633 1847; baseline 0 -13"><span class='ocrx_word' id='word_1_199' title='bbox 87 1792 140 1834; x_wconf 87' lang='lat' dir='ltr'>ab</span> <span class='ocrx_word' id='word_1_200' title='bbox 173 1790 358 1834; x_wconf 85' lang='lat' dir='ltr'>Caesare</span> <span class='ocrx_word' id='word_1_201' title='bbox 388 1791 521 1847; x_wconf 86' lang='lat' dir='ltr'>gestis</span> <span class='ocrx_word' id='word_1_202' title='bbox 550 1790 777 1833; x_wconf 88' lang='lat' dir='ltr'>convenire</span> <span class='ocrx_word' id='word_1_203' title='bbox 807 1792 1038 1841; x_wconf 87' lang='lat' dir='ltr'>videretur,</span> <span class='ocrx_word' id='word_1_204' title='bbox 1070 1799 1258 1833; x_wconf 88' lang='lat' dir='ltr'>extremo</span> <span class='ocrx_word' id='word_1_205' title='bbox 1287 1793 1382 1834; x_wconf 91' lang='lat' dir='ltr'>loco</span> <span class='ocrx_word' id='word_1_206' title='bbox 1413 1792 1528 1834; x_wconf 84' lang='lat' dir='ltr'>huno</span> <span class='ocrx_word' id='word_1_207' title='bbox 1557 1793 1633 1835; x_wconf 92' lang='lat' dir='ltr'>de-</span> 
     </span>
     <span class='ocr_line' id='line_1_24' title="bbox 87 1863 1635 1919; baseline 0 -13"><span class='ocrx_word' id='word_1_208' title='bbox 87 1864 253 1906; x_wconf 85' lang='lat' dir='ltr'>narium</span> <span class='ocrx_word' id='word_1_209' title='bbox 287 1863 331 1905; x_wconf 91' lang='lat' dir='ltr'>in</span> <span class='ocrx_word' id='word_1_210' title='bbox 363 1878 511 1905; x_wconf 89' lang='lat' dir='ltr'>eorum</span> <span class='ocrx_word' id='word_1_211' title='bbox 541 1877 767 1904; x_wconf 88' lang='lat' dir='ltr'>numerum</span> <span class='ocrx_word' id='word_1_212' title='bbox 798 1863 1096 1905; x_wconf 88' lang='lat' dir='ltr'>asciscendum</span> <span class='ocrx_word' id='word_1_213' title='bbox 1126 1879 1220 1906; x_wconf 81' lang='lat' dir='ltr'>esse</span> <span class='ocrx_word' id='word_1_214' title='bbox 1252 1864 1420 1913; x_wconf 88' lang='lat' dir='ltr'>scribit,</span> <span class='ocrx_word' id='word_1_215' title='bbox 1449 1864 1522 1919; x_wconf 84' lang='lat' dir='ltr'>qui</span> <span class='ocrx_word' id='word_1_216' title='bbox 1550 1880 1635 1907; x_wconf 94' lang='lat' dir='ltr'>non</span> 
     </span>
     <span class='ocr_line' id='line_1_25' title="bbox 90 1934 1635 1993; baseline 0 -15"><span class='ocrx_word' id='word_1_217' title='bbox 90 1937 174 1979; x_wconf 88' lang='lat' dir='ltr'>sint</span> <span class='ocrx_word' id='word_1_218' title='bbox 211 1936 297 1978; x_wconf 88' lang='lat' dir='ltr'>ficti</span> <span class='ocrx_word' id='word_1_219' title='bbox 337 1934 390 1977; x_wconf 85' lang='lat' dir='ltr'>ab</span> <span class='ocrx_word' id='word_1_220' title='bbox 423 1934 619 1985; x_wconf 85' lang='lat' dir='ltr'>Goltzio‚</span> <span class='ocrx_word' id='word_1_221' title='bbox 661 1934 737 1976; x_wconf 91' lang='lat' dir='ltr'>sed</span> <span class='ocrx_word' id='word_1_222' title='bbox 775 1951 874 1977; x_wconf 80' lang='lat' dir='ltr'>vere</span> <span class='ocrx_word' id='word_1_223' title='bbox 914 1935 1006 1977; x_wconf 90' lang='lat' dir='ltr'>visi.</span> <span class='ocrx_word' id='word_1_224' title='bbox 1081 1935 1202 1977; x_wconf 86' lang='lat' dir='ltr'>Haec</span> <span class='ocrx_word' id='word_1_225' title='bbox 1239 1935 1374 1991; x_wconf 88' lang='lat' dir='ltr'>igitur</span> <span class='ocrx_word' id='word_1_226' title='bbox 1410 1943 1474 1978; x_wconf 87' lang='lat' dir='ltr'>est</span> <span class='ocrx_word' id='word_1_227' title='bbox 1513 1936 1635 1993; x_wconf 90' lang='lat' dir='ltr'>origo</span> 
     </span>
     <span class='ocr_line' id='line_1_26' title="bbox 87 2007 1634 2065; baseline 0 -14"><span class='ocrx_word' id='word_1_228' title='bbox 87 2009 250 2051; x_wconf 90' lang='lat' dir='ltr'>nummi</span> <span class='ocrx_word' id='word_1_229' title='bbox 275 2008 410 2058; x_wconf 89' lang='lat' dir='ltr'>illius,</span> <span class='ocrx_word' id='word_1_230' title='bbox 444 2007 518 2063; x_wconf 92' lang='lat' dir='ltr'>qui</span> <span class='ocrx_word' id='word_1_231' title='bbox 548 2007 651 2062; x_wconf 91' lang='lat' dir='ltr'>quin</span> <span class='ocrx_word' id='word_1_232' title='bbox 680 2015 796 2050; x_wconf 87' lang='lat' dir='ltr'>totus</span> <span class='ocrx_word' id='word_1_233' title='bbox 829 2008 880 2050; x_wconf 88' lang='lat' dir='ltr'>sit</span> <span class='ocrx_word' id='word_1_234' title='bbox 909 2008 1157 2057; x_wconf 85' lang='lat' dir='ltr'>ementitus,</span> <span class='ocrx_word' id='word_1_235' title='bbox 1187 2008 1268 2050; x_wconf 89' lang='lat' dir='ltr'>iam</span> <span class='ocrx_word' id='word_1_236' title='bbox 1297 2023 1422 2049; x_wconf 90' lang='lat' dir='ltr'>nemo</span> <span class='ocrx_word' id='word_1_237' title='bbox 1451 2009 1634 2065; x_wconf 86' lang='lat' dir='ltr'>amplius</span> 
     </span>
     <span class='ocr_line' id='line_1_27' title="bbox 88 2079 1634 2137; baseline 0.001 -14"><span class='ocrx_word' id='word_1_238' title='bbox 88 2080 313 2123; x_wconf 85' lang='lat' dir='ltr'>dubitabit.</span> <span class='ocrx_word' id='word_1_239' title='bbox 376 2080 512 2122; x_wconf 92' lang='lat' dir='ltr'>Nemo</span> <span class='ocrx_word' id='word_1_240' title='bbox 543 2080 654 2121; x_wconf 87' lang='lat' dir='ltr'>enim</span> <span class='ocrx_word' id='word_1_241' title='bbox 685 2095 873 2135; x_wconf 88' lang='lat' dir='ltr'>unquam</span> <span class='ocrx_word' id='word_1_242' title='bbox 906 2080 1086 2121; x_wconf 88' lang='lat' dir='ltr'>similem</span> <span class='ocrx_word' id='word_1_243' title='bbox 1115 2079 1244 2129; x_wconf 86' lang='lat' dir='ltr'>vidit,</span> <span class='ocrx_word' id='word_1_244' title='bbox 1290 2088 1453 2136; x_wconf 87' lang='lat' dir='ltr'>pugnat</span> <span class='ocrx_word' id='word_1_245' title='bbox 1490 2090 1634 2137; x_wconf 88' lang='lat' dir='ltr'>aperte</span> 
     </span>
     <span class='ocr_line' id='line_1_28' title="bbox 88 2151 1634 2208; baseline 0 -13"><span class='ocrx_word' id='word_1_246' title='bbox 88 2169 186 2195; x_wconf 90' lang='lat' dir='ltr'>cum</span> <span class='ocrx_word' id='word_1_247' title='bbox 223 2153 485 2208; x_wconf 86' lang='lat' dir='ltr'>reliquarum</span> <span class='ocrx_word' id='word_1_248' title='bbox 515 2167 659 2194; x_wconf 91' lang='lat' dir='ltr'>rerum</span> <span class='ocrx_word' id='word_1_249' title='bbox 690 2152 914 2201; x_wconf 87' lang='lat' dir='ltr'>memoria,</span> <span class='ocrx_word' id='word_1_250' title='bbox 955 2152 1146 2208; x_wconf 88' lang='lat' dir='ltr'>prolatus</span> <span class='ocrx_word' id='word_1_251' title='bbox 1176 2151 1361 2208; x_wconf 88' lang='lat' dir='ltr'>denique</span> <span class='ocrx_word' id='word_1_252' title='bbox 1392 2160 1456 2194; x_wconf 89' lang='lat' dir='ltr'>est</span> <span class='ocrx_word' id='word_1_253' title='bbox 1484 2153 1538 2195; x_wconf 86' lang='lat' dir='ltr'>ab</span> <span class='ocrx_word' id='word_1_254' title='bbox 1570 2169 1634 2204; x_wconf 88' lang='lat' dir='ltr'>eo,</span> 
     </span>
     <span class='ocr_line' id='line_1_29' title="bbox 87 2223 1632 2281; baseline 0.001 -14"><span class='ocrx_word' id='word_1_255' title='bbox 87 2240 215 2280; x_wconf 89' lang='lat' dir='ltr'>quem</span> <span class='ocrx_word' id='word_1_256' title='bbox 251 2224 437 2280; x_wconf 87' lang='lat' dir='ltr'>plurima</span> <span class='ocrx_word' id='word_1_257' title='bbox 470 2224 579 2266; x_wconf 85' lang='lat' dir='ltr'>falsa</span> <span class='ocrx_word' id='word_1_258' title='bbox 614 2225 658 2266; x_wconf 92' lang='lat' dir='ltr'>in</span> <span class='ocrx_word' id='word_1_259' title='bbox 695 2240 741 2267; x_wconf 93' lang='lat' dir='ltr'>re</span> <span class='ocrx_word' id='word_1_260' title='bbox 776 2224 1013 2266; x_wconf 87' lang='lat' dir='ltr'>nummaria</span> <span class='ocrx_word' id='word_1_261' title='bbox 1043 2223 1219 2266; x_wconf 88' lang='lat' dir='ltr'>finxisse</span> <span class='ocrx_word' id='word_1_262' title='bbox 1251 2231 1427 2266; x_wconf 83' lang='lat' dir='ltr'>constat.</span> <span class='ocrx_word' id='word_1_263' title='bbox 1488 2226 1632 2281; x_wconf 88' lang='lat' dir='ltr'>Atque</span> 
     </span>
     <span class='ocr_line' id='line_1_30' title="bbox 88 2295 1631 2353; baseline 0.001 -15"><span class='ocrx_word' id='word_1_264' title='bbox 88 2297 214 2339; x_wconf 87' lang='lat' dir='ltr'>etiam</span> <span class='ocrx_word' id='word_1_265' title='bbox 244 2296 354 2338; x_wconf 87' lang='lat' dir='ltr'>illud</span> <span class='ocrx_word' id='word_1_266' title='bbox 379 2297 557 2352; x_wconf 83' lang='lat' dir='ltr'>reperiri</span> <span class='ocrx_word' id='word_1_267' title='bbox 586 2305 740 2353; x_wconf 88' lang='lat' dir='ltr'>potest,</span> <span class='ocrx_word' id='word_1_268' title='bbox 771 2296 887 2352; x_wconf 93' lang='lat' dir='ltr'>quod</span> <span class='ocrx_word' id='word_1_269' title='bbox 918 2304 959 2338; x_wconf 87' lang='lat' dir='ltr'>et</span> <span class='ocrx_word' id='word_1_270' title='bbox 991 2295 1226 2345; x_wconf 89' lang='lat' dir='ltr'>Goltzium,</span> <span class='ocrx_word' id='word_1_271' title='bbox 1255 2296 1465 2338; x_wconf 90' lang='lat' dir='ltr'>hominem</span> <span class='ocrx_word' id='word_1_272' title='bbox 1497 2312 1631 2340; x_wconf 88' lang='lat' dir='ltr'>nova-</span> 
     </span>
     <span class='ocr_line' id='line_1_31' title="bbox 88 2368 1632 2425; baseline 0.001 -15"><span class='ocrx_word' id='word_1_273' title='bbox 88 2383 183 2410; x_wconf 90' lang='lat' dir='ltr'>rum</span> <span class='ocrx_word' id='word_1_274' title='bbox 221 2368 468 2424; x_wconf 89' lang='lat' dir='ltr'>opinionum</span> <span class='ocrx_word' id='word_1_275' title='bbox 509 2376 881 2411; x_wconf 87' lang='lat' dir='ltr'>monumentorum</span> <span class='ocrx_word' id='word_1_276' title='bbox 912 2369 1063 2411; x_wconf 87' lang='lat' dir='ltr'>fraude</span> <span class='ocrx_word' id='word_1_277' title='bbox 1097 2368 1483 2410; x_wconf 90' lang='lat' dir='ltr'>confirmandarum</span> <span class='ocrx_word' id='word_1_278' title='bbox 1513 2369 1632 2425; x_wconf 87' lang='lat' dir='ltr'>cupi-</span> 
     </span>
     <span class='ocr_line' id='line_1_32' title="bbox 89 2439 1632 2496; baseline 0.001 -15"><span class='ocrx_word' id='word_1_279' title='bbox 89 2440 327 2490; x_wconf 88' lang='lat' dir='ltr'>dissimum,</span> <span class='ocrx_word' id='word_1_280' title='bbox 358 2440 412 2482; x_wconf 87' lang='lat' dir='ltr'>ad</span> <span class='ocrx_word' id='word_1_281' title='bbox 439 2440 520 2483; x_wconf 90' lang='lat' dir='ltr'>hoc</span> <span class='ocrx_word' id='word_1_282' title='bbox 535 2441 804 2496; x_wconf 87' lang='lat' dir='ltr'>potissimum</span> <span class='ocrx_word' id='word_1_283' title='bbox 820 2441 1029 2483; x_wconf 89' lang='lat' dir='ltr'>mendacii</span> <span class='ocrx_word' id='word_1_284' title='bbox 1047 2455 1184 2496; x_wconf 88' lang='lat' dir='ltr'>genus</span> <span class='ocrx_word' id='word_1_285' title='bbox 1203 2439 1432 2481; x_wconf 83' lang='lat' dir='ltr'>adduxerit</span> <span class='ocrx_word' id='word_1_286' title='bbox 1452 2447 1494 2481; x_wconf 88' lang='lat' dir='ltr'>et</span> <span class='ocrx_word' id='word_1_287' title='bbox 1514 2440 1632 2483; x_wconf 81' lang='lat' dir='ltr'><strong>Eok-</strong></span> 
     </span>
     <span class='ocr_line' id='line_1_33' title="bbox 87 2511 1633 2568; baseline 0.001 -15"><span class='ocrx_word' id='word_1_288' title='bbox 87 2511 268 2561; x_wconf 77' lang='lat' dir='ltr'>hehum,</span> <span class='ocrx_word' id='word_1_289' title='bbox 311 2512 635 2567; x_wconf 84' lang='lat' dir='ltr'>sagacissimum</span> <span class='ocrx_word' id='word_1_290' title='bbox 676 2514 996 2556; x_wconf 88' lang='lat' dir='ltr'>mendaciorum</span> <span class='ocrx_word' id='word_1_291' title='bbox 1037 2511 1362 2554; x_wconf 84' lang='lat' dir='ltr'>Goltzianorum</span> <span class='ocrx_word' id='word_1_292' title='bbox 1396 2512 1633 2568; x_wconf 87' lang='lat' dir='ltr'>investiga-</span> 
     </span>
     <span class='ocr_line' id='line_1_34' title="bbox 87 2582 1632 2639; baseline 0.002 -15"><span class='ocrx_word' id='word_1_293' title='bbox 87 2591 241 2633; x_wconf 73' lang='lat' dir='ltr'>torem,</span> <span class='ocrx_word' id='word_1_294' title='bbox 283 2583 336 2626; x_wconf 91' lang='lat' dir='ltr'>ab</span> <span class='ocrx_word' id='word_1_295' title='bbox 372 2583 615 2639; x_wconf 88' lang='lat' dir='ltr'>suspicione</span> <span class='ocrx_word' id='word_1_296' title='bbox 653 2586 866 2627; x_wconf 87' lang='lat' dir='ltr'>averterit.</span> <span class='ocrx_word' id='word_1_297' title='bbox 934 2585 1102 2627; x_wconf 87' lang='lat' dir='ltr'>Etenim</span> <span class='ocrx_word' id='word_1_298' title='bbox 1148 2598 1232 2625; x_wconf 91' lang='lat' dir='ltr'>non</span> <span class='ocrx_word' id='word_1_299' title='bbox 1273 2583 1399 2638; x_wconf 86' lang='lat' dir='ltr'>pauci</span> <span class='ocrx_word' id='word_1_300' title='bbox 1434 2582 1632 2627; x_wconf 86' lang='lat' dir='ltr'>Caesaris</span> 
     </span>
     <span class='ocr_line' id='line_1_35' title="bbox 87 2655 1630 2713; baseline 0.001 -17"><span class='ocrx_word' id='word_1_301' title='bbox 87 2655 250 2697; x_wconf 91' lang='lat' dir='ltr'>nummi</span> <span class='ocrx_word' id='word_1_302' title='bbox 281 2662 404 2705; x_wconf 87' lang='lat' dir='ltr'>sunt,</span> <span class='ocrx_word' id='word_1_303' title='bbox 437 2655 481 2696; x_wconf 89' lang='lat' dir='ltr'>in</span> <span class='ocrx_word' id='word_1_304' title='bbox 510 2670 692 2711; x_wconf 91' lang='lat' dir='ltr'>quorum</span> <span class='ocrx_word' id='word_1_305' title='bbox 722 2672 808 2699; x_wconf 90' lang='lat' dir='ltr'>una</span> <span class='ocrx_word' id='word_1_306' title='bbox 836 2665 954 2713; x_wconf 84' lang='lat' dir='ltr'>parte</span> <span class='ocrx_word' id='word_1_307' title='bbox 985 2664 1206 2712; x_wconf 86' lang='lat' dir='ltr'>tropaeum</span> <span class='ocrx_word' id='word_1_308' title='bbox 1238 2663 1303 2697; x_wconf 89' lang='lat' dir='ltr'>est</span> <span class='ocrx_word' id='word_1_309' title='bbox 1331 2669 1429 2696; x_wconf 89' lang='lat' dir='ltr'>cum</span> <span class='ocrx_word' id='word_1_310' title='bbox 1462 2655 1630 2698; x_wconf 89' lang='lat' dir='ltr'>nomine</span> 
     </span>
     <span class='ocr_line' id='line_1_36' title="bbox 89 2723 1631 2784; baseline 0.002 -17"><span class='ocrx_word' id='word_1_311' title='bbox 89 2723 309 2776; x_wconf 87' lang='lat' dir='ltr'>Caesaris,</span> <span class='ocrx_word' id='word_1_312' title='bbox 350 2727 392 2768; x_wconf 89' lang='lat' dir='ltr'>in</span> <span class='ocrx_word' id='word_1_313' title='bbox 433 2727 565 2770; x_wconf 88' lang='lat' dir='ltr'>altera</span> <span class='ocrx_word' id='word_1_314' title='bbox 603 2738 730 2784; x_wconf 87' lang='lat' dir='ltr'>caput</span> <span class='ocrx_word' id='word_1_315' title='bbox 769 2729 838 2770; x_wconf 88' lang='lat' dir='ltr'>vel</span> <span class='ocrx_word' id='word_1_316' title='bbox 873 2729 1031 2771; x_wconf 89' lang='lat' dir='ltr'>Vestae</span> <span class='ocrx_word' id='word_1_317' title='bbox 1075 2727 1142 2769; x_wconf 92' lang='lat' dir='ltr'>vel</span> <span class='ocrx_word' id='word_1_318' title='bbox 1181 2726 1362 2770; x_wconf 89' lang='lat' dir='ltr'>Veneris</span> <span class='ocrx_word' id='word_1_319' title='bbox 1407 2742 1505 2769; x_wconf 91' lang='lat' dir='ltr'>cum</span> <span class='ocrx_word' id='word_1_320' title='bbox 1548 2727 1631 2770; x_wconf 91' lang='lat' dir='ltr'>hoc</span> 
     </span>
    </p>
   </div>
   <div class='ocr_carea' id='block_1_3' title="bbox 44 2797 1632 2929">
    <p class='ocr_par' dir='ltr' id='par_1_3' title="bbox 44 2797 1632 2929">
     <span class='ocr_line' id='line_1_37' title="bbox 90 2797 1631 2856; baseline 0.003 -18"><span class='ocrx_word' id='word_1_321' title='bbox 90 2797 213 2853; x_wconf 87' lang='lat' dir='ltr'>signo</span> <span class='ocrx_word' id='word_1_322' title='bbox 245 2797 344 2840; x_wconf 86' lang='lat' dir='ltr'>IIT.</span> <span class='ocrx_word' id='word_1_323' title='bbox 409 2798 541 2852; x_wconf 80' lang='lat' dir='ltr'>Quod</span> <span class='ocrx_word' id='word_1_324' title='bbox 583 2800 800 2855; x_wconf 91' lang='lat' dir='ltr'>quomodo</span> <span class='ocrx_word' id='word_1_325' title='bbox 843 2799 1208 2856; x_wconf 88' lang='lat' dir='ltr'>interpretandum</span> <span class='ocrx_word' id='word_1_326' title='bbox 1250 2799 1325 2848; x_wconf 88' lang='lat' dir='ltr'>sit,</span> <span class='ocrx_word' id='word_1_327' title='bbox 1369 2799 1631 2842; x_wconf 88' lang='lat' dir='ltr'>dissentiunt</span> 
     </span>
     <span class='ocr_line' id='line_1_38' title="bbox 44 2867 1632 2929; baseline 0.004 -20"><span class='ocrx_word' id='word_1_328' title='bbox 44 2920 48 2927; x_wconf 88' lang='lat'>.</span> <span class='ocrx_word' id='word_1_329' title='bbox 90 2867 355 2924; x_wconf 87' lang='lat' dir='ltr'>Borghesius</span> <span class='ocrx_word' id='word_1_330' title='bbox 386 2868 494 2912; x_wconf 90' lang='lat' dir='ltr'>Obs.</span> <span class='ocrx_word' id='word_1_331' title='bbox 523 2886 639 2912; x_wconf 88' lang='lat' dir='ltr'>num.</span> <span class='ocrx_word' id='word_1_332' title='bbox 667 2871 730 2923; x_wconf 91' lang='lat' dir='ltr'>X,</span> <span class='ocrx_word' id='word_1_333' title='bbox 755 2872 779 2917; x_wconf 79' lang='lat'><strong>7</strong></span> <span class='ocrx_word' id='word_1_334' title='bbox 813 2871 989 2929; x_wconf 88' lang='lat' dir='ltr'>(Diurn.</span> <span class='ocrx_word' id='word_1_335' title='bbox 1020 2871 1180 2915; x_wconf 86' lang='lat' dir='ltr'>Arcad.</span> <span class='ocrx_word' id='word_1_336' title='bbox 1219 2871 1331 2920; x_wconf 74' lang='lat'>1823,</span> <span class='ocrx_word' id='word_1_337' title='bbox 1361 2871 1386 2913; x_wconf 73' lang='lat'><strong>2</strong></span> <span class='ocrx_word' id='word_1_338' title='bbox 1417 2887 1456 2927; x_wconf 90' lang='lat' dir='ltr'>p.</span> <span class='ocrx_word' id='word_1_339' title='bbox 1486 2871 1559 2926; x_wconf 81' lang='grc'>40)</span> <span class='ocrx_word' id='word_1_340' title='bbox 1591 2880 1632 2915; x_wconf 87' lang='lat' dir='ltr'>et</span> 
     </span>
    </p>
   </div>
  </div>
 </body>
</html>
