1846 3100
534 158 588 189 De
612 157 856 199 propagatione
881 156 1024 188 civitatis
1046 156 1235 190 Romanae.
1574 154 1650 197 351

110 283 208 310 men
251 268 288 310 ei
328 267 456 310 datur
492 268 539 308 de
578 266 730 307 civibus
770 266 966 318 regundis
1005 261 1119 315 (Cic.
1148 280 1189 321 p.
1221 262 1351 310 Corn.
1386 267 1538 322 fragm.
1571 267 1655 322 10).

111 339 260 396 Neque
294 340 406 382 enim
438 338 600 381 scholia
624 337 732 379 Bob.
759 353 799 393 p.
830 334 941 378 Sest.
971 352 1012 392 p.
1045 336 1140 386 ⁶296,
1169 338 1212 378 in
1242 337 1400 392 quibus
1430 340 1656 396 negligen-

113 412 198 454 tius
231 411 438 468 scriptum
466 419 544 460 est,
571 410 714 452 iussos
746 424 795 451 ea
824 423 918 450 esse
948 408 1086 450 socios
1117 416 1158 450 et
1188 409 1364 452 Latinos
1393 412 1436 452 in
1463 412 1655 455 civitates

113 499 212 527 suas
241 484 396 534 redire,
427 484 485 526 ita
511 481 898 538 interpretabimur,
925 488 974 521 ut
999 481 1080 522 hoc
1113 482 1204 524 eius
1230 484 1508 539 praecipuum
1529 492 1658 541 caput

111 557 246 600 fuisse
287 563 503 613 putemus.
558 555 708 597 Fuerit
745 554 850 595 haec
892 553 1014 607 quasi
1054 554 1264 609 quaedam
1302 555 1412 611 legis
1451 557 1656 607 accessio,

113 629 190 672 sed
227 629 507 686 praecipuum
538 627 696 676 fuisse,
730 641 783 667 ne
821 625 895 680 qui
927 641 1010 667 non
1045 638 1185 668 essent
1216 627 1347 677 cives,
1378 643 1456 684 pro
1489 628 1657 670 civibus

113 717 158 744 se
189 709 399 758 gererent,
434 707 475 742 et
507 697 661 742 Cicero
693 713 742 740 eo
774 713 902 753 quem
942 698 1129 740 diximus
1160 699 1269 749 loco,
1308 709 1451 757 aperte
1482 700 1657 750 indicat,

111 783 154 817 et
193 789 271 830 pro
299 771 422 816 Balb.
452 773 498 815 21
544 787 596 813 ex
638 787 688 813 ea
726 770 779 811 de
817 762 1258 826 civitate'quaesitum
1294 788 1388 814 esse
1425 782 1580 822 narrat,
1617 780 1659 814 et

111 847 216 890 ibid.
249 847 303 890 24
343 845 460 901 quod
491 845 588 901 lege
622 843 804 886 Servilia
835 842 909 898 qui
937 858 1063 897 quem
1093 844 1427 900 repetundarum
1460 845 1658 888 damnas-

113 927 190 970 set,
221 919 391 971 civitate
429 916 681 966 donabatur,
711 915 757 957 id
787 930 872 957 non
902 915 1223 971 reprehensum,
1252 925 1293 958 et
1323 917 1508 973 denique
1542 917 1658 959 simi-

110 992 207 1033 liter
232 991 354 1033 Brut.
390 990 450 1033 16.
509 988 821 1031 Recentissima
852 995 992 1030 autem
1022 996 1087 1030 est
1115 989 1184 1030 lex
1219 989 1365 1045 Papia,
1404 1005 1514 1031 anno
1544 989 1597 1033 65
1633 1006 1660 1032 a

113 1062 164 1106 C.
205 1063 340 1120 Papio
385 1063 493 1111 lata,
533 1061 630 1103 trib.
669 1061 834 1117 plebis,
868 1075 951 1115 quo
993 1067 1183 1116 tempore
1227 1063 1537 1104 communicata
1577 1063 1659 1104 du-

113 1137 218 1178 dum
265 1150 360 1178 cum
401 1133 600 1176 omnibus
639 1133 798 1176 Italicis
837 1133 1005 1174 civitate
1036 1133 1229 1176 Romana
1260 1134 1313 1176 de
1349 1134 1403 1176 iis
1433 1135 1546 1184 solis,
1585 1135 1659 1190 qui

111 1218 231 1251 extra
271 1209 438 1251 Italiam
477 1207 739 1256 habitabant,
778 1214 923 1247 utrum
969 1205 1086 1247 cives
1125 1206 1306 1248 Romani
1345 1216 1487 1249 essent
1525 1222 1659 1250 necne

113 1280 333 1337 agebatur.
386 1281 536 1336 Itaque
577 1279 783 1335 scriptum
813 1279 855 1319 in
886 1294 936 1320 ea
970 1278 1105 1320 fuisse
1137 1280 1196 1320 ait
1225 1279 1310 1320 Dio
1340 1280 1592 1330 XXXVII,
1618 1281 1658 1332 9,

112 1369 165 1396 ne
203 1354 300 1409 quis
340 1367 500 1402 eorum,
542 1352 615 1407 qui
649 1359 752 1393 tunc
788 1366 866 1407 pro
906 1352 1144 1407 peregrinis
1177 1351 1437 1394 haberentur
1464 1353 1491 1394 i.
1523 1368 1558 1395 e.
1586 1353 1660 1408 qui

113 1434 234 1468 extra
267 1425 432 1468 Italiam
469 1424 640 1467 oriundi
671 1431 826 1473 essent,
857 1423 900 1464 in
931 1424 1038 1466 urbe
1074 1432 1332 1474 versaretur,
1363 1425 1479 1480 quod
1517 1425 1661 1481 ipsum

114 1507 242 1555 caput
271 1496 425 1540 Cicero
452 1497 480 1539 l.
509 1511 544 1539 c.
574 1496 807 1552 improbat3
841 1496 917 1538 sed
938 1503 1155 1552 praeterea
1179 1496 1390 1538 iudicium
1408 1512 1458 1539 ac
1476 1513 1658 1554 poenam

114 1571 343 1614 constituta
370 1586 465 1612 esse
495 1570 540 1611 in
568 1584 655 1618 eos,
682 1569 754 1623 qui
778 1584 861 1610 non
889 1575 1003 1610 recte
1025 1568 1237 1611 civitatem
1255 1577 1526 1625 usurparent,
1544 1569 1659 1611 idem

115 1642 268 1687 Cicero
297 1643 523 1700 significat,
550 1643 623 1698 qui
655 1657 747 1684 eam
777 1641 919 1696 legem
948 1641 991 1682 in
1021 1655 1151 1683 causa
1168 1639 1369 1692 Archiae,
1401 1642 1660 1684 Antiocheni

115 1731 271 1772 genere
306 1713 420 1772 (Cic.
467 1731 508 1771 p.
545 1714 678 1757 Arch.
713 1714 758 1763 ὃς
803 1713 934 1754 schol.
970 1713 1077 1755 Bob.
1113 1729 1154 1769 p.
1184 1714 1300 1767 354),
1332 1721 1373 1755 et
1413 1714 1660 1756 Mamertini

114 1788 299 1830 hominis
339 1789 400 1843 (p.
439 1786 562 1829 Balb.
593 1787 666 1839 23)
710 1793 751 1828 et
788 1785 973 1840 denique
1016 1784 1278 1827 Graecorum
1322 1786 1543 1828 hominum
1584 1786 1660 1841 (ad

115 1861 206 1903 Att.
235 1860 315 1910 IV,
352 1859 399 1902 16
435 1867 477 1901 et
504 1859 549 1901 in
579 1859 694 1900 Rull.
723 1859 759 1908 I,
787 1857 832 1911 4)
865 1865 1185 1908 commemorat3
1227 1859 1376 1900 eadem
1413 1874 1514 1900 num
1549 1874 1662 1902 nova

115 1932 327 1989 quaedem
346 1932 400 1974 de
426 1931 610 1982 civitate,
641 1931 714 1986 qui
741 1930 930 1978 haberet,
956 1929 1030 1985 qui
1051 1944 1135 1971 non
1163 1929 1351 1982 haberet,
1379 1932 1542 1974 sancita
1562 1932 1659 1982 sint,

114 2005 326 2047 incertum
342 2011 498 2046 estnec
512 2003 627 2060 apud
642 2003 785 2046 Valer.
799 2002 917 2044 Max,
929 2001 1011 2052 ΙΙΙ,
1028 2002 1052 2043 5
1069 2001 1246 2057 Papiam
1261 2003 1400 2058 legem
1419 1996 1581 2046 librarii
1592 2004 1662 2046 vel

115 2077 259 2134 potius
286 2077 422 2133 ipsius
453 2075 670 2133 scriptoris
695 2075 821 2131 culpa
845 2083 959 2116 recte
985 2074 1193 2116 nominari
1210 2090 1356 2117 omnes
1377 2076 1660 2117 consentiunt.

231 2149 410 2191 Summa
438 2149 572 2205 igitur
601 2147 904 2204 disputationis
924 2154 1092 2189 nostrae
1114 2146 1199 2189 huc
1220 2147 1344 2196 redit,
1368 2148 1508 2204 legem
1526 2148 1662 2189 fuisse

119 2232 161 2264 et
201 2230 450 2278 perpetuam
490 2225 646 2277 (neque
686 2235 734 2263 ea
774 2219 827 2261 de
860 2234 906 2261 re
937 2218 1011 2274 qui
1049 2218 1232 2261 Liviana
1267 2218 1398 2261 verba
1432 2222 1499 2260 lex
1538 2219 1663 2259 dabat

118 2302 234 2336 recte
276 2308 326 2335 ac
367 2293 530 2336 sincere
565 2294 926 2349 interpretaretur,
967 2306 1156 2346 unquam
1189 2291 1386 2333 dubitare
1416 2290 1583 2344 debuit)
1621 2299 1662 2332 et

119 2374 329 2415 veterem,
369 2381 478 2422 quae
509 2366 690 2415 Latinis,
731 2365 767 2407 si
803 2364 982 2406 Romam
1022 2363 1291 2419 migrassent,
1323 2364 1524 2419 optimam
1557 2363 1662 2406 civi-

118 2447 246 2481 tatem
287 2438 467 2494 adipisci
505 2438 790 2494 permitteret,
822 2436 891 2478 vel
929 2435 1071 2491 potius
1109 2450 1193 2476 non
1229 2435 1486 2491 peculiarem
1526 2435 1579 2476 de
1612 2450 1662 2476 eo

118 2511 211 2552 iure
235 2511 377 2566 legem
408 2525 502 2552 esse
527 2510 670 2560 latam,
702 2509 778 2551 sed
808 2508 943 2550 fuisse
977 2507 1090 2548 illam
1125 2507 1277 2562 ipsam,
1307 2522 1393 2562 qua
1426 2507 1527 2548 olim
1565 2521 1663 2548 cum

118 2582 286 2624 Latinis
313 2582 465 2624 foedus
494 2582 648 2623 initum
674 2589 750 2624 est.
815 2580 903 2623 Sed
932 2579 1040 2621 illud
1070 2579 1301 2621 tenendum
1333 2587 1411 2629 est,
1440 2594 1664 2621 censuram

118 2653 382 2696 intercedere
412 2654 667 2709 oportuisse,
696 2668 782 2708 qua
811 2651 993 2702 Latinis,
1023 2651 1097 2706 qui
1127 2659 1252 2694 antea
1276 2651 1391 2693 tribu
1411 2652 1663 2702 caruissent,

121 2733 236 2768 certa
263 2725 414 2775 tribus,
448 2725 491 2767 in
520 2740 606 2780 qua
634 2725 887 2780 suffragium
907 2724 1080 2782 ferrent,
1100 2724 1403 2780 assignaretur.
1454 2724 1563 2766 Nam
1580 2723 1662 2766 hoc

119 2798 268 2853 utique
300 2797 421 2840 addit
449 2796 616 2846 Livius,
648 2812 800 2839 censos
836 2811 909 2839 eos
939 2796 1156 2852 accepisse
1185 2795 1412 2846 civitatem,
1440 2811 1664 2838 censorum

120 2878 309 2927 tempore
340 2869 414 2926 qui
443 2884 520 2925 pro
550 2868 716 2911 civibus
745 2868 944 2919 habendi,
976 2869 1050 2924 qui
1080 2884 1166 2912 non
1195 2868 1382 2912 habendi
1401 2876 1556 2920 essent,
1588 2869 1664 2912 de-
