<?xml version="1.0" encoding="UTF-8"?>
<!DOCTYPE html PUBLIC "-//W3C//DTD XHTML 1.0 Transitional//EN"
    "http://www.w3.org/TR/xhtml1/DTD/xhtml1-transitional.dtd">
<html xmlns="http://www.w3.org/1999/xhtml" xml:lang="en" lang="en">
 <head>
  <title>
</title>
<meta http-equiv="Content-Type" content="text/html;charset=utf-8" />
  <meta name='ocr-system' content='tesseract 3.04.00' />
  <meta name='ocr-capabilities' content='ocr_page ocr_carea ocr_par ocr_line ocrx_word'/>
</head>
<body>
  <div class='ocr_page' id='page_1' title='image "./studiaromanasive00zump_0019.png"; bbox 0 0 1846 3100; ppageno 0'>
   <div class='ocr_carea' id='block_1_1' title="bbox 601 129 1701 175">
    <p class='ocr_par' dir='ltr' id='par_1_1' title="bbox 601 129 1701 175">
     <span class='ocr_line' id='line_1_1' title="bbox 601 129 1701 175; baseline 0.003 -11"><span class='ocrx_word' id='word_1_1' title='bbox 601 132 655 164; x_wconf 84' lang='lat' dir='ltr'><strong>Dc</strong></span> <span class='ocrx_word' id='word_1_2' title='bbox 678 132 791 166; x_wconf 80' lang='lat' dir='ltr'><strong>Gallia</strong></span> <span class='ocrx_word' id='word_1_3' title='bbox 814 132 1047 165; x_wconf 82' lang='lat' dir='ltr'><strong>Romanorum</strong></span> <span class='ocrx_word' id='word_1_4' title='bbox 1077 132 1261 175; x_wconf 81' lang='lat' dir='ltr'><strong>provincia.</strong></span> <span class='ocrx_word' id='word_1_5' title='bbox 1676 129 1701 174; x_wconf 83' lang='grc'><strong>7</strong></span> 
     </span>
    </p>
   </div>
   <div class='ocr_carea' id='block_1_2' title="bbox 119 240 1714 2815">
    <p class='ocr_par' dir='ltr' id='par_1_2' title="bbox 119 240 1714 2815">
     <span class='ocr_line' id='line_1_2' title="bbox 154 240 1703 299; baseline -0.001 -13"><span class='ocrx_word' id='word_1_6' title='bbox 154 243 476 294; x_wconf 79' lang='lat' dir='ltr'><strong>Macedoniam3</strong></span> <span class='ocrx_word' id='word_1_7' title='bbox 517 244 638 286; x_wconf 82' lang='lat' dir='ltr'><strong>addit</strong></span> <span class='ocrx_word' id='word_1_8' title='bbox 663 243 818 285; x_wconf 89' lang='lat' dir='ltr'><strong>deinde</strong></span> <span class='ocrx_word' id='word_1_9' title='bbox 849 242 903 284; x_wconf 90' lang='lat' dir='ltr'><strong>de</strong></span> <span class='ocrx_word' id='word_1_10' title='bbox 933 240 1087 285; x_wconf 88' lang='lat' dir='ltr'><strong>Marcii</strong></span> <span class='ocrx_word' id='word_1_11' title='bbox 1115 243 1399 299; x_wconf 87' lang='lat' dir='ltr'><strong>profectione,</strong></span> <span class='ocrx_word' id='word_1_12' title='bbox 1437 242 1491 284; x_wconf 89' lang='lat' dir='ltr'><strong>de</strong></span> <span class='ocrx_word' id='word_1_13' title='bbox 1519 242 1703 285; x_wconf 89' lang='lat' dir='ltr'><strong>Servilio</strong></span> 
     </span>
     <span class='ocr_line' id='line_1_3' title="bbox 160 315 1706 370; baseline -0.001 -14"><span class='ocrx_word' id='word_1_14' title='bbox 160 315 265 358; x_wconf 84' lang='lat' dir='ltr'><strong>haec</strong></span> <span class='ocrx_word' id='word_1_15' title='bbox 289 315 436 358; x_wconf 84' lang='lat' dir='ltr'><strong>habet:</strong></span> <span class='ocrx_word' id='word_1_16' title='bbox 477 319 680 370; x_wconf 79' lang='lat' dir='ltr'><em>Caepione</em></span> <span class='ocrx_word' id='word_1_17' title='bbox 700 316 843 356; x_wconf 81' lang='lat' dir='ltr'><strong>deinde</strong></span> <span class='ocrx_word' id='word_1_18' title='bbox 863 316 1070 364; x_wconf 74' lang='lat' dir='ltr'><em>referente</em></span> <span class='ocrx_word' id='word_1_19' title='bbox 1092 317 1150 356; x_wconf 80' lang='lat' dir='ltr'><strong>ad</strong></span> <span class='ocrx_word' id='word_1_20' title='bbox 1172 322 1372 364; x_wconf 82' lang='lat' dir='ltr'><strong>sen-atum,</strong></span> <span class='ocrx_word' id='word_1_21' title='bbox 1401 330 1502 368; x_wconf 83' lang='lat' dir='ltr'><strong>quas</strong></span> <span class='ocrx_word' id='word_1_22' title='bbox 1523 330 1574 355; x_wconf 74' lang='lat' dir='ltr'><strong>ex</strong></span> <span class='ocrx_word' id='word_1_23' title='bbox 1591 317 1706 356; x_wconf 78' lang='lat' dir='ltr'><strong>novis</strong></span> 
     </span>
     <span class='ocr_line' id='line_1_4' title="bbox 160 387 1707 441; baseline -0.001 -12"><span class='ocrx_word' id='word_1_24' title='bbox 160 389 388 441; x_wconf 76' lang='lat' dir='ltr'><em>legionibus</em></span> <span class='ocrx_word' id='word_1_25' title='bbox 425 389 527 430; x_wconf 81' lang='lat' dir='ltr'><strong>duas</strong></span> <span class='ocrx_word' id='word_1_26' title='bbox 570 390 746 441; x_wconf 77' lang='lat' dir='ltr'><em>legiones</em></span> <span class='ocrx_word' id='word_1_27' title='bbox 780 402 911 427; x_wconf 81' lang='lat' dir='ltr'><strong>secum</strong></span> <span class='ocrx_word' id='word_1_28' title='bbox 955 389 999 426; x_wconf 81' lang='lat' dir='ltr'><strong>in</strong></span> <span class='ocrx_word' id='word_1_29' title='bbox 1045 389 1228 428; x_wconf 78' lang='lat' dir='ltr'><strong>Galliam</strong></span> <span class='ocrx_word' id='word_1_30' title='bbox 1269 389 1451 436; x_wconf 82' lang='lat' dir='ltr'><strong>duceret,</strong></span> <span class='ocrx_word' id='word_1_31' title='bbox 1501 387 1707 427; x_wconf 82' lang='lat' dir='ltr'><strong>decrevere</strong></span> 
     </span>
     <span class='ocr_line' id='line_1_5' title="bbox 151 456 1707 518; baseline -0.001 -18"><span class='ocrx_word' id='word_1_32' title='bbox 151 466 292 512; x_wconf 80' lang='lat' dir='ltr'><strong>patres</strong></span> <span class='ocrx_word' id='word_1_33' title='bbox 320 466 416 510; x_wconf 90' lang='lat' dir='ltr'><strong>cet.,</strong></span> <span class='ocrx_word' id='word_1_34' title='bbox 446 467 495 501; x_wconf 91' lang='lat' dir='ltr'><strong>ut</strong></span> <span class='ocrx_word' id='word_1_35' title='bbox 517 474 628 509; x_wconf 89' lang='lat' dir='ltr'><strong>eum,</strong></span> <span class='ocrx_word' id='word_1_36' title='bbox 659 458 856 518; x_wconf 86' lang='lat' dir='ltr'><strong>quamvis</strong></span> <span class='ocrx_word' id='word_1_37' title='bbox 886 463 997 500; x_wconf 81' lang='lat' dir='ltr'>sorte</span> <span class='ocrx_word' id='word_1_38' title='bbox 1024 458 1190 500; x_wconf 89' lang='lat' dir='ltr'><strong>Italiam</strong></span> <span class='ocrx_word' id='word_1_39' title='bbox 1215 458 1463 513; x_wconf 80' lang='lat' dir='ltr'><strong>accepisset,</strong></span> <span class='ocrx_word' id='word_1_40' title='bbox 1497 457 1542 498; x_wconf 91' lang='lat' dir='ltr'><strong>in</strong></span> <span class='ocrx_word' id='word_1_41' title='bbox 1566 456 1707 500; x_wconf 84' lang='lat' dir='ltr'><strong>Gallia</strong></span> 
     </span>
     <span class='ocr_line' id='line_1_6' title="bbox 157 529 1707 588; baseline -0.001 -16"><span class='ocrx_word' id='word_1_42' title='bbox 157 537 297 573; x_wconf 83' lang='lat' dir='ltr'><strong>tamen</strong></span> <span class='ocrx_word' id='word_1_43' title='bbox 332 531 495 574; x_wconf 91' lang='lat' dir='ltr'><strong>bellum</strong></span> <span class='ocrx_word' id='word_1_44' title='bbox 535 545 684 588; x_wconf 84' lang='lat' dir='ltr'><strong>gerere</strong></span> <span class='ocrx_word' id='word_1_45' title='bbox 715 530 905 572; x_wconf 88' lang='lat' dir='ltr'><strong>voluisse</strong></span> <span class='ocrx_word' id='word_1_46' title='bbox 940 529 1244 586; x_wconf 84' lang='lat' dir='ltr'>intelligamus.</span> <span class='ocrx_word' id='word_1_47' title='bbox 1308 530 1375 572; x_wconf 88' lang='lat' dir='ltr'><strong>Ac</strong></span> <span class='ocrx_word' id='word_1_48' title='bbox 1415 530 1550 586; x_wconf 90' lang='lat' dir='ltr'><strong>gessit</strong></span> <span class='ocrx_word' id='word_1_49' title='bbox 1560 546 1570 580; x_wconf 93' lang='lat'>;</span> <span class='ocrx_word' id='word_1_50' title='bbox 1608 545 1707 572; x_wconf 90' lang='lat' dir='ltr'><strong>nam</strong></span> 
     </span>
     <span class='ocr_line' id='line_1_7' title="bbox 157 601 1706 653; baseline 0 -9"><span class='ocrx_word' id='word_1_51' title='bbox 157 602 312 646; x_wconf 88' lang='lat' dir='ltr'><strong>Livius</strong></span> <span class='ocrx_word' id='word_1_52' title='bbox 340 604 518 653; x_wconf 90' lang='lat' dir='ltr'>XLIV,</span> <span class='ocrx_word' id='word_1_53' title='bbox 555 604 603 646; x_wconf 76' lang='lat'><strong>21</strong></span> <span class='ocrx_word' id='word_1_54' title='bbox 648 601 698 645; x_wconf 92' lang='lat' dir='ltr'><strong>C.</strong></span> <span class='ocrx_word' id='word_1_55' title='bbox 729 602 970 652; x_wconf 87' lang='lat' dir='ltr'><strong>Licinium,</strong></span> <span class='ocrx_word' id='word_1_56' title='bbox 1009 616 1094 645; x_wconf 79' lang='lat' dir='ltr'><strong>cos,</strong></span> <span class='ocrx_word' id='word_1_57' title='bbox 1131 602 1230 643; x_wconf 90' lang='lat' dir='ltr'><strong>anni</strong></span> <span class='ocrx_word' id='word_1_58' title='bbox 1264 601 1366 652; x_wconf 88' lang='grc'>168,</span> <span class='ocrx_word' id='word_1_59' title='bbox 1406 602 1575 645; x_wconf 89' lang='lat' dir='ltr'><strong>iussum</strong></span> <span class='ocrx_word' id='word_1_60' title='bbox 1611 616 1706 644; x_wconf 91' lang='lat' dir='ltr'><strong>esse</strong></span> 
     </span>
     <span class='ocr_line' id='line_1_8' title="bbox 160 674 1707 727; baseline -0.002 -11"><span class='ocrx_word' id='word_1_61' title='bbox 160 675 309 717; x_wconf 80' lang='lat' dir='ltr'><strong>scribit</strong></span> <span class='ocrx_word' id='word_1_62' title='bbox 341 677 412 718; x_wconf 86' lang='lat' dir='ltr'><strong>Cn.</strong></span> <span class='ocrx_word' id='word_1_63' title='bbox 428 678 600 718; x_wconf 77' lang='lat' dir='ltr'><strong>Servilio</strong></span> <span class='ocrx_word' id='word_1_64' title='bbox 626 677 808 716; x_wconf 77' lang='lat' dir='ltr'><em>Galliam</em></span> <span class='ocrx_word' id='word_1_65' title='bbox 836 674 1037 715; x_wconf 77' lang='lat' dir='ltr'><em>obtinenti</em></span> <span class='ocrx_word' id='word_1_66' title='bbox 1052 677 1317 727; x_wconf 77' lang='lat' dir='ltr'><strong>provinciam</strong></span> <span class='ocrx_word' id='word_1_67' title='bbox 1345 677 1505 715; x_wconf 79' lang='lat' dir='ltr'><strong>litteras</strong></span> <span class='ocrx_word' id='word_1_68' title='bbox 1534 677 1707 723; x_wconf 81' lang='lat' dir='ltr'><strong>mittere,</strong></span> 
     </span>
     <span class='ocr_line' id='line_1_9' title="bbox 160 746 1707 802; baseline 0 -15"><span class='ocrx_word' id='word_1_69' title='bbox 160 753 210 787; x_wconf 78' lang='lat' dir='ltr'><strong>ut</strong></span> <span class='ocrx_word' id='word_1_70' title='bbox 252 755 457 789; x_wconf 79' lang='lat' dir='ltr'><strong>sexcentos</strong></span> <span class='ocrx_word' id='word_1_71' title='bbox 510 750 660 801; x_wconf 84' lang='lat' dir='ltr'><em>equites</em></span> <span class='ocrx_word' id='word_1_72' title='bbox 706 747 983 787; x_wconf 78' lang='lat' dir='ltr'><em>conscriberet.</em></span> <span class='ocrx_word' id='word_1_73' title='bbox 1062 746 1176 787; x_wconf 88' lang='lat' dir='ltr'><strong>Eum</strong></span> <span class='ocrx_word' id='word_1_74' title='bbox 1227 746 1382 801; x_wconf 89' lang='lat' dir='ltr'><strong>igitur,</strong></span> <span class='ocrx_word' id='word_1_75' title='bbox 1445 746 1515 788; x_wconf 89' lang='lat' dir='ltr'><strong>cui</strong></span> <span class='ocrx_word' id='word_1_76' title='bbox 1566 746 1707 802; x_wconf 89' lang='lat' dir='ltr'><strong>priore</strong></span> 
     </span>
     <span class='ocr_line' id='line_1_10' title="bbox 160 817 1709 874; baseline -0.001 -14"><span class='ocrx_word' id='word_1_77' title='bbox 160 818 256 860; x_wconf 91' lang='lat' dir='ltr'><strong>loco</strong></span> <span class='ocrx_word' id='word_1_78' title='bbox 299 818 464 860; x_wconf 88' lang='lat' dir='ltr'><strong>Italiam</strong></span> <span class='ocrx_word' id='word_1_79' title='bbox 507 817 648 859; x_wconf 83' lang='lat' dir='ltr'><strong>datam</strong></span> <span class='ocrx_word' id='word_1_80' title='bbox 686 832 780 859; x_wconf 89' lang='lat' dir='ltr'><strong>esse</strong></span> <span class='ocrx_word' id='word_1_81' title='bbox 825 817 907 867; x_wconf 90' lang='lat' dir='ltr'><strong>ait,</strong></span> <span class='ocrx_word' id='word_1_82' title='bbox 952 817 1108 859; x_wconf 89' lang='lat' dir='ltr'><strong>deinde</strong></span> <span class='ocrx_word' id='word_1_83' title='bbox 1150 817 1314 860; x_wconf 88' lang='lat' dir='ltr'><strong>Galliae</strong></span> <span class='ocrx_word' id='word_1_84' title='bbox 1358 817 1596 874; x_wconf 82' lang='lat' dir='ltr'><strong>praefuisse</strong></span> <span class='ocrx_word' id='word_1_85' title='bbox 1639 817 1709 859; x_wconf 86' lang='lat' dir='ltr'><strong>vel</strong></span> 
     </span>
     <span class='ocr_line' id='line_1_11' title="bbox 162 889 1709 947; baseline -0.001 -15"><span class='ocrx_word' id='word_1_86' title='bbox 162 889 348 933; x_wconf 81' lang='lat' dir='ltr'><strong>Galliam</strong></span> <span class='ocrx_word' id='word_1_87' title='bbox 373 889 639 947; x_wconf 86' lang='lat' dir='ltr'><strong>provinciam</strong></span> <span class='ocrx_word' id='word_1_88' title='bbox 670 889 908 931; x_wconf 87' lang='lat' dir='ltr'><strong>obtinuisse</strong></span> <span class='ocrx_word' id='word_1_89' title='bbox 941 896 1106 931; x_wconf 85' lang='lat' dir='ltr'><strong>narrat:</strong></span> <span class='ocrx_word' id='word_1_90' title='bbox 1151 905 1237 946; x_wconf 92' lang='lat' dir='ltr'><strong>quo</strong></span> <span class='ocrx_word' id='word_1_91' title='bbox 1275 905 1379 931; x_wconf 91' lang='lat' dir='ltr'><strong>num</strong></span> <span class='ocrx_word' id='word_1_92' title='bbox 1414 890 1529 945; x_wconf 91' lang='lat' dir='ltr'><strong>quod</strong></span> <span class='ocrx_word' id='word_1_93' title='bbox 1567 896 1709 946; x_wconf 90' lang='lat' dir='ltr'><strong>potest</strong></span> 
     </span>
     <span class='ocr_line' id='line_1_12' title="bbox 159 961 1707 1017; baseline -0.001 -12"><span class='ocrx_word' id='word_1_94' title='bbox 159 963 296 1005; x_wconf 89' lang='lat' dir='ltr'><strong>maius</strong></span> <span class='ocrx_word' id='word_1_95' title='bbox 325 963 507 1005; x_wconf 89' lang='lat' dir='ltr'><strong>inveniri</strong></span> <span class='ocrx_word' id='word_1_96' title='bbox 537 962 856 1012; x_wconf 76' lang='lat' dir='ltr'><strong>documentum,</strong></span> <span class='ocrx_word' id='word_1_97' title='bbox 886 961 1003 1017; x_wconf 92' lang='lat' dir='ltr'><strong>quod</strong></span> <span class='ocrx_word' id='word_1_98' title='bbox 1031 961 1215 1004; x_wconf 83' lang='lat' dir='ltr'><strong>Galliam</strong></span> <span class='ocrx_word' id='word_1_99' title='bbox 1246 977 1344 1004; x_wconf 92' lang='lat' dir='ltr'><strong>cum</strong></span> <span class='ocrx_word' id='word_1_100' title='bbox 1376 962 1497 1004; x_wconf 89' lang='lat' dir='ltr'><strong>Italia</strong></span> <span class='ocrx_word' id='word_1_101' title='bbox 1520 961 1579 1003; x_wconf 92' lang='lat' dir='ltr'><strong>ita</strong></span> <span class='ocrx_word' id='word_1_102' title='bbox 1606 976 1707 1003; x_wconf 91' lang='lat' dir='ltr'><strong>con-</strong></span> 
     </span>
     <span class='ocr_line' id='line_1_13' title="bbox 163 1032 1709 1090; baseline -0.001 -14"><span class='ocrx_word' id='word_1_103' title='bbox 163 1035 352 1077; x_wconf 87' lang='lat' dir='ltr'><strong>iunctam</strong></span> <span class='ocrx_word' id='word_1_104' title='bbox 383 1035 518 1077; x_wconf 87' lang='lat' dir='ltr'><strong>fuisse</strong></span> <span class='ocrx_word' id='word_1_105' title='bbox 555 1034 841 1083; x_wconf 84' lang='lat' dir='ltr'><strong>demonstret,</strong></span> <span class='ocrx_word' id='word_1_106' title='bbox 889 1042 938 1075; x_wconf 91' lang='lat' dir='ltr'><strong>ut</strong></span> <span class='ocrx_word' id='word_1_107' title='bbox 974 1034 1092 1075; x_wconf 90' lang='lat' dir='ltr'><strong>nulla</strong></span> <span class='ocrx_word' id='word_1_108' title='bbox 1124 1034 1352 1090; x_wconf 89' lang='lat' dir='ltr'><strong>peculiaris</strong></span> <span class='ocrx_word' id='word_1_109' title='bbox 1389 1032 1554 1076; x_wconf 89' lang='lat' dir='ltr'><strong>Galliae</strong></span> <span class='ocrx_word' id='word_1_110' title='bbox 1595 1040 1709 1076; x_wconf 88' lang='lat' dir='ltr'><strong>esset</strong></span> 
     </span>
     <span class='ocr_line' id='line_1_14' title="bbox 161 1103 1707 1163; baseline -0.001 -14"><span class='ocrx_word' id='word_1_111' title='bbox 161 1107 413 1163; x_wconf 83' lang='lat' dir='ltr'><strong>provincia-¹?</strong></span> <span class='ocrx_word' id='word_1_112' title='bbox 471 1107 616 1161; x_wconf 84' lang='lat' dir='ltr'><strong>Atque</strong></span> <span class='ocrx_word' id='word_1_113' title='bbox 654 1105 715 1147; x_wconf 87' lang='lat' dir='ltr'><strong>illi</strong></span> <span class='ocrx_word' id='word_1_114' title='bbox 755 1103 805 1147; x_wconf 91' lang='lat' dir='ltr'><strong>C.</strong></span> <span class='ocrx_word' id='word_1_115' title='bbox 837 1105 1004 1148; x_wconf 91' lang='lat' dir='ltr'><strong>Licinio</strong></span> <span class='ocrx_word' id='word_1_116' title='bbox 1045 1104 1225 1156; x_wconf 85' lang='lat' dir='ltr'><strong>Crasso,</strong></span> <span class='ocrx_word' id='word_1_117' title='bbox 1271 1106 1371 1148; x_wconf 87' lang='lat' dir='ltr'><strong>anni</strong></span> <span class='ocrx_word' id='word_1_118' title='bbox 1416 1106 1493 1149; x_wconf 82' lang='grc'><strong>168</strong></span> <span class='ocrx_word' id='word_1_119' title='bbox 1530 1106 1707 1156; x_wconf 86' lang='lat' dir='ltr'><strong>consuli,</strong></span> 
     </span>
     <span class='ocr_line' id='line_1_15' title="bbox 160 1176 1714 1234; baseline -0.001 -13"><span class='ocrx_word' id='word_1_120' title='bbox 160 1179 316 1221; x_wconf 91' lang='lat' dir='ltr'><strong>Livius</strong></span> <span class='ocrx_word' id='word_1_121' title='bbox 345 1178 524 1228; x_wconf 92' lang='lat' dir='ltr'><strong>XLIV,</strong></span> <span class='ocrx_word' id='word_1_122' title='bbox 564 1178 611 1221; x_wconf 85' lang='grc'><strong>17</strong></span> <span class='ocrx_word' id='word_1_123' title='bbox 646 1176 793 1220; x_wconf 84' lang='lat' dir='ltr'><strong>scribit</strong></span> <span class='ocrx_word' id='word_1_124' title='bbox 821 1178 988 1220; x_wconf 88' lang='lat' dir='ltr'><strong>Italiam</strong></span> <span class='ocrx_word' id='word_1_125' title='bbox 1026 1178 1242 1228; x_wconf 89' lang='lat' dir='ltr'><strong>evenisse,</strong></span> <span class='ocrx_word' id='word_1_126' title='bbox 1279 1192 1378 1220; x_wconf 91' lang='lat' dir='ltr'><strong>cum</strong></span> <span class='ocrx_word' id='word_1_127' title='bbox 1419 1178 1585 1234; x_wconf 86' lang='lat' dir='ltr'><strong>collega</strong></span> <span class='ocrx_word' id='word_1_128' title='bbox 1615 1178 1714 1220; x_wconf 87' lang='lat' dir='ltr'><strong>eius.</strong></span> 
     </span>
     <span class='ocr_line' id='line_1_16' title="bbox 159 1249 1707 1306; baseline -0.001 -12"><span class='ocrx_word' id='word_1_129' title='bbox 159 1252 212 1294; x_wconf 89' lang='lat' dir='ltr'><strong>L.</strong></span> <span class='ocrx_word' id='word_1_130' title='bbox 243 1251 455 1294; x_wconf 88' lang='lat' dir='ltr'><strong>Aemilius</strong></span> <span class='ocrx_word' id='word_1_131' title='bbox 470 1250 769 1292; x_wconf 87' lang='lat' dir='ltr'><strong>Macedoniam</strong></span> <span class='ocrx_word' id='word_1_132' title='bbox 798 1250 1030 1306; x_wconf 86' lang='lat' dir='ltr'><strong>acciperet3</strong></span> <span class='ocrx_word' id='word_1_133' title='bbox 1061 1258 1102 1293; x_wconf 91' lang='lat' dir='ltr'><strong>at</strong></span> <span class='ocrx_word' id='word_1_134' title='bbox 1130 1250 1316 1292; x_wconf 87' lang='lat' dir='ltr'><strong>eundem</strong></span> <span class='ocrx_word' id='word_1_135' title='bbox 1344 1250 1440 1292; x_wconf 88' lang='lat' dir='ltr'><strong>libr.</strong></span> <span class='ocrx_word' id='word_1_136' title='bbox 1463 1250 1611 1300; x_wconf 91' lang='lat' dir='ltr'><strong>XLV,</strong></span> <span class='ocrx_word' id='word_1_137' title='bbox 1646 1249 1707 1300; x_wconf 78' lang='lat'><strong>12,</strong></span> 
     </span>
     <span class='ocr_line' id='line_1_17' title="bbox 158 1321 1708 1378; baseline -0.001 -12"><span class='ocrx_word' id='word_1_138' title='bbox 158 1323 264 1366; x_wconf 89' lang='lat' dir='ltr'><strong>nihil</strong></span> <span class='ocrx_word' id='word_1_139' title='bbox 291 1338 474 1378; x_wconf 82' lang='lat' dir='ltr'><strong>usquam</strong></span> <span class='ocrx_word' id='word_1_140' title='bbox 502 1322 555 1364; x_wconf 88' lang='lat' dir='ltr'><strong>de</strong></span> <span class='ocrx_word' id='word_1_141' title='bbox 587 1321 819 1364; x_wconf 88' lang='lat' dir='ltr'><strong>mutatione</strong></span> <span class='ocrx_word' id='word_1_142' title='bbox 848 1322 1094 1377; x_wconf 87' lang='lat' dir='ltr'><strong>provinciae</strong></span> <span class='ocrx_word' id='word_1_143' title='bbox 1122 1322 1300 1373; x_wconf 82' lang='lat' dir='ltr'><strong>addens,</strong></span> <span class='ocrx_word' id='word_1_144' title='bbox 1331 1322 1374 1364; x_wconf 91' lang='lat' dir='ltr'><strong>in</strong></span> <span class='ocrx_word' id='word_1_145' title='bbox 1393 1321 1579 1365; x_wconf 86' lang='lat' dir='ltr'><strong>Galliam</strong></span> <span class='ocrx_word' id='word_1_146' title='bbox 1607 1337 1708 1378; x_wconf 90' lang='lat' dir='ltr'><strong>pro-</strong></span> 
     </span>
     <span class='ocr_line' id='line_1_18' title="bbox 160 1393 1707 1451; baseline 0.001 -14"><span class='ocrx_word' id='word_1_147' title='bbox 160 1396 321 1438; x_wconf 83' lang='lat' dir='ltr'><strong>fectum</strong></span> <span class='ocrx_word' id='word_1_148' title='bbox 349 1410 443 1436; x_wconf 88' lang='lat' dir='ltr'><strong>esse</strong></span> <span class='ocrx_word' id='word_1_149' title='bbox 473 1393 619 1450; x_wconf 87' lang='lat' dir='ltr'><strong>ibique</strong></span> <span class='ocrx_word' id='word_1_150' title='bbox 643 1394 854 1437; x_wconf 88' lang='lat' dir='ltr'><strong>adversus</strong></span> <span class='ocrx_word' id='word_1_151' title='bbox 881 1394 1025 1437; x_wconf 88' lang='lat' dir='ltr'><strong>hostes</strong></span> <span class='ocrx_word' id='word_1_152' title='bbox 1056 1410 1146 1437; x_wconf 88' lang='lat' dir='ltr'><strong>rem</strong></span> <span class='ocrx_word' id='word_1_153' title='bbox 1173 1395 1363 1451; x_wconf 85' lang='lat' dir='ltr'><strong>gessisse</strong></span> <span class='ocrx_word' id='word_1_154' title='bbox 1394 1396 1535 1438; x_wconf 85' lang='lat' dir='ltr'><strong>refert.</strong></span> <span class='ocrx_word' id='word_1_155' title='bbox 1568 1393 1707 1438; x_wconf 90' lang='lat' dir='ltr'><strong>Cuius</strong></span> 
     </span>
     <span class='ocr_line' id='line_1_19' title="bbox 158 1467 1707 1524; baseline 0 -15"><span class='ocrx_word' id='word_1_156' title='bbox 158 1467 258 1509; x_wconf 85' lang='lat' dir='ltr'><strong>anni</strong></span> <span class='ocrx_word' id='word_1_157' title='bbox 292 1467 527 1509; x_wconf 90' lang='lat' dir='ltr'><strong>similitudo</strong></span> <span class='ocrx_word' id='word_1_158' title='bbox 556 1467 680 1516; x_wconf 89' lang='lat' dir='ltr'><strong>facit,</strong></span> <span class='ocrx_word' id='word_1_159' title='bbox 711 1474 760 1508; x_wconf 91' lang='lat' dir='ltr'><strong>ut</strong></span> <span class='ocrx_word' id='word_1_160' title='bbox 790 1481 898 1521; x_wconf 90' lang='lat' dir='ltr'><strong>quae</strong></span> <span class='ocrx_word' id='word_1_161' title='bbox 929 1467 1084 1509; x_wconf 87' lang='lat' dir='ltr'><strong>Livius</strong></span> <span class='ocrx_word' id='word_1_162' title='bbox 1114 1467 1270 1518; x_wconf 90' lang='lat' dir='ltr'><strong>XLV,</strong></span> <span class='ocrx_word' id='word_1_163' title='bbox 1306 1468 1356 1511; x_wconf 82' lang='lat'><strong>16</strong></span> <span class='ocrx_word' id='word_1_164' title='bbox 1387 1469 1440 1510; x_wconf 86' lang='lat' dir='ltr'><strong>de</strong></span> <span class='ocrx_word' id='word_1_165' title='bbox 1471 1467 1707 1524; x_wconf 88' lang='lat' dir='ltr'><strong>provinciis</strong></span> 
     </span>
     <span class='ocr_line' id='line_1_20' title="bbox 159 1537 1709 1596; baseline 0.001 -16"><span class='ocrx_word' id='word_1_166' title='bbox 159 1538 258 1580; x_wconf 85' lang='lat' dir='ltr'><strong>anni</strong></span> <span class='ocrx_word' id='word_1_167' title='bbox 292 1539 366 1582; x_wconf 83' lang='grc'><strong>167</strong></span> <span class='ocrx_word' id='word_1_168' title='bbox 400 1554 437 1580; x_wconf 89' lang='lat' dir='ltr'><strong>a.</strong></span> <span class='ocrx_word' id='word_1_169' title='bbox 467 1537 568 1581; x_wconf 89' lang='lat' dir='ltr'><strong>Chr.</strong></span> <span class='ocrx_word' id='word_1_170' title='bbox 609 1538 765 1588; x_wconf 87' lang='lat' dir='ltr'><strong>tradit,</strong></span> <span class='ocrx_word' id='word_1_171' title='bbox 811 1538 940 1594; x_wconf 88' lang='lat' dir='ltr'><strong>paulo</strong></span> <span class='ocrx_word' id='word_1_172' title='bbox 977 1553 1107 1595; x_wconf 88' lang='lat' dir='ltr'><strong>supra</strong></span> <span class='ocrx_word' id='word_1_173' title='bbox 1152 1546 1266 1582; x_wconf 88' lang='lat' dir='ltr'><strong>recte</strong></span> <span class='ocrx_word' id='word_1_174' title='bbox 1307 1540 1574 1596; x_wconf 90' lang='lat' dir='ltr'><strong>interpretati</strong></span> <span class='ocrx_word' id='word_1_175' title='bbox 1614 1555 1709 1582; x_wconf 90' lang='lat' dir='ltr'><strong>esse</strong></span> 
     </span>
     <span class='ocr_line' id='line_1_21' title="bbox 161 1609 1708 1666; baseline 0.001 -15"><span class='ocrx_word' id='word_1_176' title='bbox 161 1609 400 1660; x_wconf 83' lang='lat' dir='ltr'><strong>videamur;</strong></span> <span class='ocrx_word' id='word_1_177' title='bbox 428 1610 712 1666; x_wconf 88' lang='lat' dir='ltr'><strong>consulesque</strong></span> <span class='ocrx_word' id='word_1_178' title='bbox 745 1610 837 1653; x_wconf 89' lang='lat' dir='ltr'><strong>eius</strong></span> <span class='ocrx_word' id='word_1_179' title='bbox 869 1611 983 1660; x_wconf 88' lang='lat' dir='ltr'><strong>anni,</strong></span> <span class='ocrx_word' id='word_1_180' title='bbox 1009 1625 1269 1666; x_wconf 88' lang='lat' dir='ltr'><strong>quamquam</strong></span> <span class='ocrx_word' id='word_1_181' title='bbox 1296 1612 1421 1654; x_wconf 89' lang='lat' dir='ltr'><strong>Pisas</strong></span> <span class='ocrx_word' id='word_1_182' title='bbox 1449 1619 1491 1654; x_wconf 90' lang='lat' dir='ltr'><strong>et</strong></span> <span class='ocrx_word' id='word_1_183' title='bbox 1522 1611 1708 1655; x_wconf 87' lang='lat' dir='ltr'><strong>Galliam</strong></span> 
     </span>
     <span class='ocr_line' id='line_1_22' title="bbox 161 1682 1708 1740; baseline 0.002 -17"><span class='ocrx_word' id='word_1_184' title='bbox 161 1688 274 1724; x_wconf 85' lang='lat' dir='ltr'><strong>sorte</strong></span> <span class='ocrx_word' id='word_1_185' title='bbox 303 1690 555 1738; x_wconf 87' lang='lat' dir='ltr'><strong>acceperant</strong></span> <span class='ocrx_word' id='word_1_186' title='bbox 595 1697 644 1725; x_wconf 91' lang='lat' dir='ltr'><strong>ac</strong></span> <span class='ocrx_word' id='word_1_187' title='bbox 685 1682 968 1725; x_wconf 91' lang='lat' dir='ltr'><strong>communiter</strong></span> <span class='ocrx_word' id='word_1_188' title='bbox 999 1683 1043 1724; x_wconf 91' lang='lat' dir='ltr'><strong>in</strong></span> <span class='ocrx_word' id='word_1_189' title='bbox 1075 1683 1315 1739; x_wconf 88' lang='lat' dir='ltr'><strong>Liguribus</strong></span> <span class='ocrx_word' id='word_1_190' title='bbox 1352 1699 1441 1726; x_wconf 89' lang='lat' dir='ltr'><strong>rem</strong></span> <span class='ocrx_word' id='word_1_191' title='bbox 1471 1691 1708 1740; x_wconf 85' lang='lat' dir='ltr'><strong>gesserant,</strong></span> 
     </span>
     <span class='ocr_line' id='line_1_23' title="bbox 160 1754 1706 1811; baseline 0.003 -17"><span class='ocrx_word' id='word_1_192' title='bbox 160 1759 299 1795; x_wconf 87' lang='lat' dir='ltr'><strong>tamen</strong></span> <span class='ocrx_word' id='word_1_193' title='bbox 328 1759 370 1795; x_wconf 88' lang='lat' dir='ltr'><strong>et</strong></span> <span class='ocrx_word' id='word_1_194' title='bbox 396 1762 493 1796; x_wconf 87' lang='lat' dir='ltr'><strong>ante</strong></span> <span class='ocrx_word' id='word_1_195' title='bbox 523 1754 686 1796; x_wconf 82' lang='lat' dir='ltr'><strong>exitum</strong></span> <span class='ocrx_word' id='word_1_196' title='bbox 724 1755 824 1796; x_wconf 90' lang='lat' dir='ltr'><strong>anni</strong></span> <span class='ocrx_word' id='word_1_197' title='bbox 865 1755 990 1797; x_wconf 91' lang='lat' dir='ltr'><strong>ambo</strong></span> <span class='ocrx_word' id='word_1_198' title='bbox 1020 1755 1075 1796; x_wconf 84' lang='lat' dir='ltr'><strong>ad</strong></span> <span class='ocrx_word' id='word_1_199' title='bbox 1105 1755 1380 1811; x_wconf 83' lang='lat' dir='ltr'><strong>magistratus</strong></span> <span class='ocrx_word' id='word_1_200' title='bbox 1407 1754 1706 1811; x_wconf 87' lang='lat' dir='ltr'><strong>subrogandos</strong></span> 
     </span>
     <span class='ocr_line' id='line_1_24' title="bbox 162 1824 1707 1884; baseline 0.003 -18"><span class='ocrx_word' id='word_1_201' title='bbox 162 1825 206 1866; x_wconf 90' lang='lat' dir='ltr'><strong>in</strong></span> <span class='ocrx_word' id='word_1_202' title='bbox 237 1824 389 1867; x_wconf 88' lang='lat' dir='ltr'><strong>urbem</strong></span> <span class='ocrx_word' id='word_1_203' title='bbox 416 1826 635 1868; x_wconf 88' lang='lat' dir='ltr'><strong>redierunt</strong></span> <span class='ocrx_word' id='word_1_204' title='bbox 667 1827 785 1884; x_wconf 89' lang='lat' dir='ltr'><strong>(Liv.</strong></span> <span class='ocrx_word' id='word_1_205' title='bbox 811 1825 962 1880; x_wconf 89' lang='lat' dir='ltr'><strong>XCV,</strong></span> <span class='ocrx_word' id='word_1_206' title='bbox 991 1826 1087 1882; x_wconf 77' lang='lat'><strong>44),</strong></span> <span class='ocrx_word' id='word_1_207' title='bbox 1131 1835 1173 1869; x_wconf 86' lang='lat' dir='ltr'><strong>et</strong></span> <span class='ocrx_word' id='word_1_208' title='bbox 1202 1834 1430 1883; x_wconf 87' lang='lat' dir='ltr'><strong>antequam</strong></span> <span class='ocrx_word' id='word_1_209' title='bbox 1457 1828 1502 1869; x_wconf 92' lang='lat' dir='ltr'><strong>in</strong></span> <span class='ocrx_word' id='word_1_210' title='bbox 1531 1828 1707 1884; x_wconf 91' lang='lat' dir='ltr'><strong>provin-</strong></span> 
     </span>
     <span class='ocr_line' id='line_1_25' title="bbox 161 1897 1708 1954; baseline 0.003 -16"><span class='ocrx_word' id='word_1_211' title='bbox 161 1897 270 1939; x_wconf 88' lang='lat' dir='ltr'><strong>ciam</strong></span> <span class='ocrx_word' id='word_1_212' title='bbox 297 1897 428 1948; x_wconf 84' lang='lat' dir='ltr'><strong>irent,</strong></span> <span class='ocrx_word' id='word_1_213' title='bbox 468 1898 732 1954; x_wconf 86' lang='lat' dir='ltr'><strong>aliquamdiu</strong></span> <span class='ocrx_word' id='word_1_214' title='bbox 761 1899 924 1942; x_wconf 86' lang='lat' dir='ltr'><strong>Romae</strong></span> <span class='ocrx_word' id='word_1_215' title='bbox 964 1899 1211 1942; x_wconf 88' lang='lat' dir='ltr'><strong>commorati</strong></span> <span class='ocrx_word' id='word_1_216' title='bbox 1241 1909 1379 1949; x_wconf 90' lang='lat' dir='ltr'><strong>erant,</strong></span> <span class='ocrx_word' id='word_1_217' title='bbox 1420 1907 1468 1941; x_wconf 92' lang='lat' dir='ltr'><strong>ut</strong></span> <span class='ocrx_word' id='word_1_218' title='bbox 1506 1900 1560 1942; x_wconf 90' lang='lat' dir='ltr'><strong>de</strong></span> <span class='ocrx_word' id='word_1_219' title='bbox 1597 1915 1708 1943; x_wconf 89' lang='lat' dir='ltr'><strong>nova</strong></span> 
     </span>
     <span class='ocr_line' id='line_1_26' title="bbox 161 1969 1707 2028; baseline 0.003 -18"><span class='ocrx_word' id='word_1_220' title='bbox 161 1969 380 2024; x_wconf 87' lang='lat' dir='ltr'><strong>provincia</strong></span> <span class='ocrx_word' id='word_1_221' title='bbox 402 1977 505 2012; x_wconf 87' lang='lat' dir='ltr'><strong>tunc</strong></span> <span class='ocrx_word' id='word_1_222' title='bbox 535 1969 676 2013; x_wconf 89' lang='lat' dir='ltr'><strong>subito</strong></span> <span class='ocrx_word' id='word_1_223' title='bbox 697 1972 927 2014; x_wconf 89' lang='lat' dir='ltr'><strong>constituta</strong></span> <span class='ocrx_word' id='word_1_224' title='bbox 945 1986 1121 2028; x_wconf 90' lang='lat' dir='ltr'><strong>prorsus</strong></span> <span class='ocrx_word' id='word_1_225' title='bbox 1152 1971 1331 2027; x_wconf 87' lang='lat' dir='ltr'><strong>cogitari</strong></span> <span class='ocrx_word' id='word_1_226' title='bbox 1349 1979 1544 2027; x_wconf 88' lang='lat' dir='ltr'><strong>nequeat.</strong></span> <span class='ocrx_word' id='word_1_227' title='bbox 1577 1971 1707 2014; x_wconf 88' lang='lat' dir='ltr'><strong>Anno</strong></span> 
     </span>
     <span class='ocr_line' id='line_1_27' title="bbox 162 2040 1707 2100; baseline 0.003 -18"><span class='ocrx_word' id='word_1_228' title='bbox 162 2047 305 2083; x_wconf 82' lang='lat' dir='ltr'><strong>autem</strong></span> <span class='ocrx_word' id='word_1_229' title='bbox 336 2041 412 2086; x_wconf 43' lang='lat'><strong>&#39;170</strong></span> <span class='ocrx_word' id='word_1_230' title='bbox 440 2056 477 2083; x_wconf 88' lang='lat' dir='ltr'><strong>a.</strong></span> <span class='ocrx_word' id='word_1_231' title='bbox 506 2040 609 2084; x_wconf 85' lang='lat' dir='ltr'><strong>Chr.</strong></span> <span class='ocrx_word' id='word_1_232' title='bbox 640 2058 749 2098; x_wconf 89' lang='lat' dir='ltr'><strong>quae</strong></span> <span class='ocrx_word' id='word_1_233' title='bbox 779 2044 910 2086; x_wconf 85' lang='lat' dir='ltr'><strong>fuerit</strong></span> <span class='ocrx_word' id='word_1_234' title='bbox 934 2043 1253 2100; x_wconf 89' lang='lat' dir='ltr'><strong>provinciarum</strong></span> <span class='ocrx_word' id='word_1_235' title='bbox 1280 2043 1457 2093; x_wconf 88' lang='lat' dir='ltr'><strong>sortitio,</strong></span> <span class='ocrx_word' id='word_1_236' title='bbox 1485 2044 1601 2100; x_wconf 88' lang='lat' dir='ltr'><strong>apud</strong></span> <span class='ocrx_word' id='word_1_237' title='bbox 1630 2044 1707 2086; x_wconf 88' lang='lat' dir='ltr'><strong>Li-</strong></span> 
     </span>
     <span class='ocr_line' id='line_1_28' title="bbox 164 2112 1707 2172; baseline 0.002 -18"><span class='ocrx_word' id='word_1_238' title='bbox 164 2112 284 2155; x_wconf 89' lang='lat' dir='ltr'><strong>vium</strong></span> <span class='ocrx_word' id='word_1_239' title='bbox 311 2129 397 2155; x_wconf 91' lang='lat' dir='ltr'><strong>non</strong></span> <span class='ocrx_word' id='word_1_240' title='bbox 427 2121 554 2163; x_wconf 86' lang='lat' dir='ltr'><strong>extat,</strong></span> <span class='ocrx_word' id='word_1_241' title='bbox 597 2116 673 2157; x_wconf 89' lang='lat' dir='ltr'><strong>sed</strong></span> <span class='ocrx_word' id='word_1_242' title='bbox 703 2115 784 2158; x_wconf 87' lang='lat' dir='ltr'><strong>hoc</strong></span> <span class='ocrx_word' id='word_1_243' title='bbox 813 2123 954 2158; x_wconf 85' lang='lat' dir='ltr'><strong>tamen</strong></span> <span class='ocrx_word' id='word_1_244' title='bbox 985 2114 1196 2166; x_wconf 85' lang='lat' dir='ltr'><strong>videmus,</strong></span> <span class='ocrx_word' id='word_1_245' title='bbox 1225 2115 1493 2172; x_wconf 88' lang='lat' dir='ltr'><strong>praetoribus</strong></span> <span class='ocrx_word' id='word_1_246' title='bbox 1522 2115 1707 2171; x_wconf 90' lang='lat' dir='ltr'><strong>reliquas</strong></span> 
     </span>
     <span class='ocr_line' id='line_1_29' title="bbox 133 2184 1707 2241; baseline 0.001 -14"><span class='ocrx_word' id='word_1_247' title='bbox 133 2224 137 2227; x_wconf 74' lang='grc'><strong>,</strong></span> <span class='ocrx_word' id='word_1_248' title='bbox 163 2184 284 2226; x_wconf 87' lang='lat' dir='ltr'><strong>datas</strong></span> <span class='ocrx_word' id='word_1_249' title='bbox 313 2200 407 2227; x_wconf 90' lang='lat' dir='ltr'><strong>esse</strong></span> <span class='ocrx_word' id='word_1_250' title='bbox 435 2186 690 2241; x_wconf 87' lang='lat' dir='ltr'><strong>provincias,</strong></span> <span class='ocrx_word' id='word_1_251' title='bbox 717 2201 770 2228; x_wconf 86' lang='lat' dir='ltr'><strong>ex</strong></span> <span class='ocrx_word' id='word_1_252' title='bbox 801 2186 1052 2229; x_wconf 91' lang='lat' dir='ltr'><strong>consulibus</strong></span> <span class='ocrx_word' id='word_1_253' title='bbox 1080 2187 1135 2229; x_wconf 93' lang='lat' dir='ltr'><strong>A.</strong></span> <span class='ocrx_word' id='word_1_254' title='bbox 1162 2187 1398 2229; x_wconf 89' lang='lat' dir='ltr'><strong>Hostilium</strong></span> <span class='ocrx_word' id='word_1_255' title='bbox 1427 2187 1471 2228; x_wconf 91' lang='lat' dir='ltr'><strong>in</strong></span> <span class='ocrx_word' id='word_1_256' title='bbox 1499 2187 1707 2230; x_wconf 90' lang='lat' dir='ltr'><strong>Macedo-</strong></span> 
     </span>
     <span class='ocr_line' id='line_1_30' title="bbox 161 2256 1707 2314; baseline 0.003 -17"><span class='ocrx_word' id='word_1_257' title='bbox 161 2256 276 2298; x_wconf 89' lang='lat' dir='ltr'><strong>niam</strong></span> <span class='ocrx_word' id='word_1_258' title='bbox 311 2257 638 2313; x_wconf 87' lang='lat' dir='ltr'><strong>impressionem</strong></span> <span class='ocrx_word' id='word_1_259' title='bbox 674 2258 830 2300; x_wconf 88' lang='lat' dir='ltr'><strong>fecisse</strong></span> <span class='ocrx_word' id='word_1_260' title='bbox 861 2258 979 2314; x_wconf 90' lang='lat' dir='ltr'><strong>(Liv.</strong></span> <span class='ocrx_word' id='word_1_261' title='bbox 1011 2258 1108 2301; x_wconf 90' lang='lat' dir='ltr'><strong>libr.</strong></span> <span class='ocrx_word' id='word_1_262' title='bbox 1137 2259 1310 2309; x_wconf 93' lang='lat' dir='ltr'><strong>XLIII,</strong></span> <span class='ocrx_word' id='word_1_263' title='bbox 1336 2258 1405 2314; x_wconf 83' lang='lat'><strong>9),</strong></span> <span class='ocrx_word' id='word_1_264' title='bbox 1442 2259 1497 2301; x_wconf 90' lang='lat' dir='ltr'><strong>A.</strong></span> <span class='ocrx_word' id='word_1_265' title='bbox 1525 2259 1707 2301; x_wconf 90' lang='lat' dir='ltr'><strong>Atilium</strong></span> 
     </span>
     <span class='ocr_line' id='line_1_31' title="bbox 161 2327 1707 2387; baseline 0.003 -19"><span class='ocrx_word' id='word_1_266' title='bbox 161 2327 206 2368; x_wconf 92' lang='lat' dir='ltr'><strong>in</strong></span> <span class='ocrx_word' id='word_1_267' title='bbox 224 2328 463 2384; x_wconf 88' lang='lat' dir='ltr'><strong>Liguribus</strong></span> <span class='ocrx_word' id='word_1_268' title='bbox 486 2329 604 2387; x_wconf 87' lang='lat' dir='ltr'><strong>(Liv.</strong></span> <span class='ocrx_word' id='word_1_269' title='bbox 627 2330 754 2381; x_wconf 85' lang='lat' dir='ltr'><strong>ibid.)</strong></span> <span class='ocrx_word' id='word_1_270' title='bbox 781 2345 881 2372; x_wconf 89' lang='lat' dir='ltr'><strong>cum</strong></span> <span class='ocrx_word' id='word_1_271' title='bbox 908 2331 1099 2373; x_wconf 87' lang='lat' dir='ltr'><strong>exercitu</strong></span> <span class='ocrx_word' id='word_1_272' title='bbox 1125 2331 1275 2382; x_wconf 86' lang='lat' dir='ltr'><strong>fuisse,</strong></span> <span class='ocrx_word' id='word_1_273' title='bbox 1302 2331 1418 2373; x_wconf 90' lang='lat' dir='ltr'><strong>unde</strong></span> <span class='ocrx_word' id='word_1_274' title='bbox 1446 2331 1508 2373; x_wconf 90' lang='lat' dir='ltr'><strong>illi</strong></span> <span class='ocrx_word' id='word_1_275' title='bbox 1534 2331 1707 2387; x_wconf 89' lang='lat' dir='ltr'><strong>provin-</strong></span> 
     </span>
     <span class='ocr_line' id='line_1_32' title="bbox 166 2399 1708 2459; baseline 0.003 -18"><span class='ocrx_word' id='word_1_276' title='bbox 166 2399 275 2441; x_wconf 87' lang='lat' dir='ltr'><strong>ciam</strong></span> <span class='ocrx_word' id='word_1_277' title='bbox 308 2399 622 2451; x_wconf 90' lang='lat' dir='ltr'><strong>Macedoniam‚</strong></span> <span class='ocrx_word' id='word_1_278' title='bbox 649 2401 751 2443; x_wconf 91' lang='lat' dir='ltr'><strong>huic</strong></span> <span class='ocrx_word' id='word_1_279' title='bbox 780 2402 946 2443; x_wconf 89' lang='lat' dir='ltr'><strong>Italiam</strong></span> <span class='ocrx_word' id='word_1_280' title='bbox 975 2402 1183 2459; x_wconf 88' lang='lat' dir='ltr'><strong>obtigisse</strong></span> <span class='ocrx_word' id='word_1_281' title='bbox 1212 2409 1461 2446; x_wconf 89' lang='lat' dir='ltr'><strong>statuemus.</strong></span> <span class='ocrx_word' id='word_1_282' title='bbox 1506 2402 1617 2446; x_wconf 89' lang='lat' dir='ltr'><strong>Nam</strong></span> <span class='ocrx_word' id='word_1_283' title='bbox 1647 2403 1708 2445; x_wconf 89' lang='lat' dir='ltr'><strong>sic</strong></span> 
     </span>
     <span class='ocr_line' id='line_1_33' title="bbox 163 2471 1707 2529; baseline 0.003 -17"><span class='ocrx_word' id='word_1_284' title='bbox 163 2471 323 2513; x_wconf 84' lang='lat' dir='ltr'><strong>factum</strong></span> <span class='ocrx_word' id='word_1_285' title='bbox 351 2479 441 2514; x_wconf 88' lang='lat' dir='ltr'><strong>erat</strong></span> <span class='ocrx_word' id='word_1_286' title='bbox 471 2487 581 2515; x_wconf 89' lang='lat' dir='ltr'><strong>anno</strong></span> <span class='ocrx_word' id='word_1_287' title='bbox 617 2474 707 2523; x_wconf 85' lang='lat'><strong>171,</strong></span> <span class='ocrx_word' id='word_1_288' title='bbox 746 2488 830 2529; x_wconf 92' lang='lat' dir='ltr'><strong>quo</strong></span> <span class='ocrx_word' id='word_1_289' title='bbox 858 2474 957 2516; x_wconf 90' lang='lat' dir='ltr'><strong>Liv.</strong></span> <span class='ocrx_word' id='word_1_290' title='bbox 984 2473 1079 2516; x_wconf 90' lang='lat' dir='ltr'><strong>libr.</strong></span> <span class='ocrx_word' id='word_1_291' title='bbox 1105 2474 1255 2525; x_wconf 92' lang='lat' dir='ltr'><strong>XLII,</strong></span> <span class='ocrx_word' id='word_1_292' title='bbox 1287 2475 1335 2518; x_wconf 86' lang='lat'><strong>31</strong></span> <span class='ocrx_word' id='word_1_293' title='bbox 1369 2475 1428 2516; x_wconf 89' lang='lat' dir='ltr'><strong>ait</strong></span> <span class='ocrx_word' id='word_1_294' title='bbox 1457 2475 1707 2518; x_wconf 89' lang='lat' dir='ltr'><strong>consulibus</strong></span> 
     </span>
     <span class='ocr_line' id='line_1_34' title="bbox 119 2542 1708 2601; baseline 0.003 -17"><span class='ocrx_word' id='word_1_295' title='bbox 119 2568 121 2575; x_wconf 93' lang='lat'><em>·</em></span> <span class='ocrx_word' id='word_1_296' title='bbox 164 2542 358 2585; x_wconf 89' lang='lat' dir='ltr'><strong>decretas</strong></span> <span class='ocrx_word' id='word_1_297' title='bbox 403 2558 497 2586; x_wconf 89' lang='lat' dir='ltr'><strong>esse</strong></span> <span class='ocrx_word' id='word_1_298' title='bbox 535 2544 702 2587; x_wconf 87' lang='lat' dir='ltr'><strong>Italiam</strong></span> <span class='ocrx_word' id='word_1_299' title='bbox 743 2556 784 2587; x_wconf 89' lang='lat' dir='ltr'><strong>et</strong></span> <span class='ocrx_word' id='word_1_300' title='bbox 820 2545 1146 2596; x_wconf 87' lang='lat' dir='ltr'><strong>Macedoniam,</strong></span> <span class='ocrx_word' id='word_1_301' title='bbox 1192 2545 1460 2601; x_wconf 84' lang='lat' dir='ltr'><strong>praetoribus</strong></span> <span class='ocrx_word' id='word_1_302' title='bbox 1503 2545 1708 2596; x_wconf 87' lang='lat' dir='ltr'><strong>Siciliam,</strong></span> 
     </span>
     <span class='ocr_line' id='line_1_35' title="bbox 166 2614 1708 2673; baseline 0.003 -18"><span class='ocrx_word' id='word_1_303' title='bbox 166 2614 424 2665; x_wconf 85' lang='lat' dir='ltr'><strong>Sardiniam,</strong></span> <span class='ocrx_word' id='word_1_304' title='bbox 452 2616 720 2672; x_wconf 87' lang='lat' dir='ltr'><strong>Hispaniam,</strong></span> <span class='ocrx_word' id='word_1_305' title='bbox 753 2617 962 2659; x_wconf 84' lang='lat' dir='ltr'><strong>urbanam</strong></span> <span class='ocrx_word' id='word_1_306' title='bbox 987 2624 1029 2659; x_wconf 91' lang='lat' dir='ltr'><strong>et</strong></span> <span class='ocrx_word' id='word_1_307' title='bbox 1057 2617 1329 2673; x_wconf 86' lang='lat' dir='ltr'><strong>peregrinam</strong></span> <span class='ocrx_word' id='word_1_308' title='bbox 1355 2617 1708 2667; x_wconf 88' lang='lat' dir='ltr'><strong>iurisdictionem,</strong></span> 
     </span>
     <span class='ocr_line' id='line_1_36' title="bbox 165 2685 1708 2745; baseline 0.002 -18"><span class='ocrx_word' id='word_1_309' title='bbox 165 2685 350 2741; x_wconf 88' lang='lat' dir='ltr'><strong>denique</strong></span> <span class='ocrx_word' id='word_1_310' title='bbox 394 2686 588 2728; x_wconf 88' lang='lat' dir='ltr'><strong>classem.</strong></span> <span class='ocrx_word' id='word_1_311' title='bbox 666 2686 756 2742; x_wconf 85' lang='lat' dir='ltr'><strong>Qui</strong></span> <span class='ocrx_word' id='word_1_312' title='bbox 788 2695 932 2731; x_wconf 86' lang='lat' dir='ltr'><strong>autem</strong></span> <span class='ocrx_word' id='word_1_313' title='bbox 969 2688 1136 2731; x_wconf 86' lang='lat' dir='ltr'><strong>Italiam</strong></span> <span class='ocrx_word' id='word_1_314' title='bbox 1177 2697 1399 2745; x_wconf 88' lang='lat' dir='ltr'><strong>acceperat</strong></span> <span class='ocrx_word' id='word_1_315' title='bbox 1437 2688 1487 2732; x_wconf 89' lang='lat' dir='ltr'><strong>C.</strong></span> <span class='ocrx_word' id='word_1_316' title='bbox 1528 2687 1708 2731; x_wconf 88' lang='lat' dir='ltr'><strong>Cassius</strong></span> 
     </span>
     <span class='ocr_line' id='line_1_37' title="bbox 166 2757 1709 2815; baseline 0.003 -16"><span class='ocrx_word' id='word_1_317' title='bbox 166 2758 317 2800; x_wconf 87' lang='lat' dir='ltr'><strong>consul</strong></span> <span class='ocrx_word' id='word_1_318' title='bbox 343 2757 462 2815; x_wconf 88' lang='lat' dir='ltr'><strong>(Liv.</strong></span> <span class='ocrx_word' id='word_1_319' title='bbox 481 2757 554 2800; x_wconf 90' lang='lat' dir='ltr'><strong>lib.</strong></span> <span class='ocrx_word' id='word_1_320' title='bbox 581 2758 732 2810; x_wconf 91' lang='lat' dir='ltr'><strong>XLII,</strong></span> <span class='ocrx_word' id='word_1_321' title='bbox 762 2759 857 2815; x_wconf 78' lang='lat'><strong>32),</strong></span> <span class='ocrx_word' id='word_1_322' title='bbox 886 2775 972 2802; x_wconf 89' lang='lat' dir='ltr'><strong>non</strong></span> <span class='ocrx_word' id='word_1_323' title='bbox 1000 2760 1045 2802; x_wconf 90' lang='lat' dir='ltr'><strong>in</strong></span> <span class='ocrx_word' id='word_1_324' title='bbox 1073 2760 1146 2803; x_wconf 91' lang='lat' dir='ltr'><strong>illa</strong></span> <span class='ocrx_word' id='word_1_325' title='bbox 1173 2761 1263 2803; x_wconf 89' lang='lat' dir='ltr'><strong>sola</strong></span> <span class='ocrx_word' id='word_1_326' title='bbox 1292 2769 1487 2804; x_wconf 88' lang='lat' dir='ltr'><strong>versatus</strong></span> <span class='ocrx_word' id='word_1_327' title='bbox 1514 2767 1591 2811; x_wconf 86' lang='lat' dir='ltr'><strong>est,</strong></span> <span class='ocrx_word' id='word_1_328' title='bbox 1631 2760 1709 2803; x_wconf 86' lang='lat' dir='ltr'><strong>sed</strong></span> 
     </span>
    </p>
   </div>
  </div>
 </body>
</html>
