1846 3100
199 169 281 212 226
643 170 698 202 De
726 167 899 201 dictatoris
927 166 1082 199 Caesaris
1109 166 1305 198 honoribus.

201 281 373 322 decreto
400 294 529 321 usum
559 293 654 320 esse
682 274 912 319 Caesarem
939 282 1103 318 certum
1130 281 1208 323 est,
1238 280 1287 316 ut
1315 275 1499 331 spatium
1526 275 1634 317 illud
1662 290 1747 317 non

199 353 329 408 paulo
360 351 538 394 coartari
569 350 779 392 videatur.
839 347 1112 402 Quamquam
1139 347 1195 388 ad
1225 346 1307 388 hoc
1336 354 1526 403 tempus,
1563 363 1649 403 quo
1676 348 1748 390 ille

201 425 426 467 consulatu
467 428 618 477 quarto
659 428 835 463 ornatus
877 418 978 461 Sex.
1021 419 1272 475 Pompeium
1313 434 1577 475 persequens
1618 427 1748 462 totam

200 496 465 553 provinciam
496 493 792 550 componebat,
824 491 1007 548 pertinet
1031 491 1148 546 quod
1181 489 1404 547 Appianus
1434 490 1533 532 bell.
1561 492 1643 534 civ.
1667 492 1748 542 III,

207 569 282 611 103
320 569 397 610 ait:
444 567 575 610 Αὐτὸς
615 567 659 607 δὲ
697 563 948 619 (ὁ.Καῖσαρ)
987 564 1066 619 ἤδη
1109 563 1296 618 τέταρτον
1338 563 1549 604 ὑπατεύων
1588 564 1652 604 ἐπὶ
1681 565 1747 605 τὸν

202 641 292 682 νέον
330 639 542 694 Πομπήϊον
581 638 815 692 ἐστράτευεν
855 637 895 677 ἐν
925 635 1100 693 Ἰβηρίᾳ;
1141 651 1241 678 nam
1272 642 1497 690 postquam
1526 635 1571 694 in
1598 635 1749 677 urbem

202 711 389 762 advenit,
420 710 561 753 abisse
591 725 688 751 eum
718 707 972 764 magistratu
1000 714 1221 763 totumque
1248 708 1355 750 illud
1381 707 1434 749 de
1460 707 1749 750 continuando

202 799 280 840 per
310 784 460 825 decem
495 797 628 824 annos
660 781 820 822 honore
851 781 1103 836 repudiasse
1138 780 1230 836 ipse
1259 779 1355 822 libr.
1381 780 1427 821 II
1459 794 1495 821 c.
1530 779 1604 823 107
1635 794 1751 822 com-

205 863 423 898 memorat.
467 853 579 896 Cum
605 853 739 909 igitur
755 851 917 895 Caesar
946 852 1097 895 urbem
1123 852 1391 907 triumphans
1421 851 1595 893 ineunte
1615 849 1750 893 Octo—

201 928 268 970 bri
305 943 451 969 mense
487 927 712 982 ingressus
749 933 885 976 esset,
925 915 1142 968 abdicavit
1180 939 1273 966 sese
1302 923 1553 979 magistratu
1585 937 1749 978 suoque

202 1002 297 1043 loco
330 999 512 1042 comitiis
543 998 698 1040 habitis
731 997 1010 1040 sufficiendos
1042 997 1209 1039 curavit
1235 995 1290 1049 Ω.
1309 995 1492 1037 Fabium
1512 994 1749 1037 Maximum

203 1081 246 1115 et
277 1072 327 1115 C.
356 1072 619 1114 Trebonium
651 1078 746 1112 ante
778 1071 844 1112 III
871 1070 938 1112 Id.
966 1068 1166 1118 Octobr.;
1211 1084 1311 1110 nam
1347 1068 1428 1109 hoo
1469 1066 1538 1108 die
1579 1065 1634 1120 Ω.
1666 1066 1750 1108 Fa-

203 1145 322 1187 bium
358 1145 443 1187 iam
481 1144 707 1186 consulatu
743 1149 939 1184 ornatum
979 1156 1076 1183 cum
1115 1140 1328 1196 triumpho
1367 1138 1517 1180 urbem
1551 1138 1750 1180 introisse

202 1218 301 1260 fasti
323 1216 602 1272 triumphales
619 1223 804 1265 narrant,
821 1229 901 1256 nec
921 1214 956 1256 si
973 1213 1116 1255 medio
1132 1214 1201 1255 vel
1219 1222 1399 1254 exeunte
1419 1226 1564 1252 mense
1584 1210 1749 1257 suffecti

205 1297 369 1338 essent,
407 1288 640 1330 Suetonius
669 1285 795 1329 Caes.
826 1302 860 1329 c.
887 1287 942 1330 76
977 1301 1050 1327 eos
1076 1286 1118 1326 in
1146 1292 1231 1326 tres
1263 1299 1430 1326 menses
1461 1291 1626 1325 creatos
1656 1298 1750 1324 esse

204 1362 379 1403 diceret.
434 1361 594 1402 Fuerat
619 1359 690 1401 hic
715 1359 876 1401 Fabius
905 1367 1000 1399 ante
1030 1355 1229 1398 Caesaris
1257 1356 1300 1397 in
1330 1355 1542 1411 Hispania
1567 1355 1750 1410 legatus,

202 1434 466 1490 praemissus
502 1447 552 1474 eo
593 1447 690 1473 cum
728 1430 782 1483 Ω.
816 1430 975 1479 Pedio,
1019 1437 1245 1483 antequam
1279 1428 1371 1484 ipse
1407 1427 1752 1483 proficisceretur

203 1506 310 1562 (Dio
339 1505 520 1554 XLIII,
553 1504 625 1553 313
665 1509 776 1544 auct.
806 1502 905 1544 bell.
931 1501 1114 1557 Hispan.
1149 1516 1184 1544 c.
1215 1501 1282 1552 2),
1323 1500 1439 1541 unde
1475 1499 1752 1555 redarguitur

203 1593 351 1620 eorum
383 1577 539 1632 opinio,
567 1575 642 1630 qui
671 1575 778 1616 miro
807 1588 948 1616 errore
979 1588 1077 1615 eum
1104 1581 1292 1615 extremo
1320 1586 1429 1613 anno
1447 1571 1514 1620 46,
1539 1585 1624 1625 quo
1644 1578 1750 1611 tem-

202 1665 304 1707 pore
336 1648 498 1691 Caesar
526 1647 838 1703 expeditionem
867 1645 1198 1701 Hispaniensem
1230 1643 1441 1699 suscepit,
1483 1642 1751 1684 consulatum

204 1722 392 1779 gessisse
430 1727 648 1776 putarunt.
706 1718 856 1773 Neque
889 1718 1001 1759 enim
1030 1725 1142 1759 certe
1174 1716 1329 1759 absens
1357 1715 1509 1757 consul
1535 1714 1637 1764 fuit,
1675 1712 1750 1756 ab-

202 1795 285 1836 fuit
324 1800 486 1842 autem,
534 1791 569 1834 si
607 1806 691 1832 non
728 1790 911 1840 diutius,
952 1797 994 1831 at
1032 1789 1133 1831 dum
1167 1787 1330 1831 Caesar
1368 1787 1530 1837 abfuit,
1569 1801 1620 1828 ac
1657 1792 1751 1842 post

202 1866 427 1923 proelium,
456 1879 541 1920 quo
567 1862 818 1919 Pompeiani
850 1861 951 1903 victi
979 1867 1091 1911 sunt,
1122 1861 1333 1903 Mundam
1362 1861 1526 1916 cepisse
1554 1865 1751 1900 narratur

205 1938 301 1980 bell.
335 1938 460 1993 Hisp.
492 1952 527 1979 c.
556 1937 623 1978 51.
680 1935 770 1976 Nec
799 1934 942 1975 minus
973 1933 1024 1975 C.
1051 1933 1315 1975 Trebonium
1343 1933 1425 1974 hoc
1451 1947 1561 1974 anno
1593 1945 1749 1973 consu-

202 2011 284 2053 lem
323 2010 458 2052 fuisse
498 2014 675 2050 constat.
745 2006 835 2059 Qui
871 2012 1096 2061 postquam
1127 2011 1369 2060 praeturam
1399 2004 1608 2046 urbanam
1638 2017 1749 2045 anno

205 2083 257 2125 48
288 2080 616 2129 administravit,
646 2093 721 2134 pro
752 2078 927 2120 consule
954 2077 1112 2118 missus
1143 2085 1208 2118 est
1235 2077 1278 2118 in
1298 2076 1550 2131 Hispaniam
1574 2075 1749 2117 ulterio-

203 2170 291 2196 rem
324 2167 549 2195 successor
579 2151 634 2203 Ω.
663 2149 815 2191 Cassio
841 2149 1043 2204 Longino
1071 2149 1178 2202 (Dio
1195 2148 1367 2197 XLIII,
1395 2147 1472 2197 293
1503 2148 1601 2190 bell.
1621 2147 1748 2189 Alex.

204 2241 239 2269 c.
259 2226 333 2281 64)
367 2226 612 2279 eiectusque
640 2223 693 2265 ab
710 2222 981 2277 Pompeianis
1012 2236 1122 2262 anno
1144 2220 1217 2263 46:
1248 2235 1333 2275 quo
1363 2228 1552 2275 tempore
1574 2234 1620 2261 re
1641 2219 1748 2261 male

203 2306 326 2354 gesta
353 2298 593 2352 amissaque
624 2294 842 2350 provincia
870 2292 1164 2349 copiosissima
1191 2292 1288 2346 quis
1316 2291 1489 2346 praemii
1513 2291 1634 2346 quasi
1655 2291 1749 2333 loco

204 2371 258 2413 ad
299 2371 568 2412 consulatum
609 2373 804 2409 evectum
847 2380 940 2408 esse
979 2363 1266 2406 existimabit?
1317 2363 1408 2405 Nec
1447 2365 1586 2420 potuit
1625 2362 1748 2404 evehi

203 2443 436 2498 aberatque
462 2456 547 2482 non
577 2440 720 2482 minus
751 2454 878 2493 quam
909 2437 963 2490 Ω.
991 2436 1176 2485 Fabius,
1208 2451 1305 2477 cum
1334 2436 1427 2491 ipso
1457 2434 1642 2478 Caesare
1671 2449 1749 2490 per

205 2513 389 2557 Galliam
418 2514 462 2554 in
491 2512 643 2555 urbem
671 2525 885 2552 reversus.
942 2507 1051 2550 Nam
1080 2508 1135 2548 ad
1162 2508 1241 2549 hoc
1271 2508 1352 2550 iter
1381 2514 1484 2549 tunc
1512 2522 1564 2549 ex
1585 2507 1746 2563 Hispa-

203 2587 274 2628 nia
305 2591 550 2641 susceptum
580 2583 775 2639 pertinet,
803 2580 920 2636 quod
951 2580 1209 2622 Plutarchus
1240 2577 1401 2622 Anton.
1431 2594 1466 2621 c.
1491 2579 1539 2620 13
1571 2576 1621 2620 C.
1640 2578 1747 2620 Tre-

204 2658 380 2700 bonium
408 2671 506 2698 cum
534 2656 596 2697 M.
616 2653 804 2698 Antonio
832 2653 885 2694 de
914 2649 1099 2694 Caesare
1129 2651 1422 2695 interficiendo
1452 2650 1630 2692 consilia
1655 2649 1748 2706 agi-

202 2736 316 2771 tasse
345 2736 501 2778 narrat,
535 2728 588 2770 cf.
618 2725 710 2768 Cic.
738 2725 848 2767 Phil.
876 2724 934 2773 II,
969 2723 1031 2765 14.
1086 2722 1303 2765 Habuisse
1332 2723 1455 2764 etiam
1485 2722 1748 2764 Trebonium

205 2801 365 2843 scimus
397 2815 450 2842 ex
475 2799 558 2841 hoc
587 2798 839 2853 magistratu
869 2795 1131 2851 provinciam
1162 2795 1326 2844 Asiam,
1357 2809 1486 2850 quam
1515 2794 1560 2835 in
1589 2808 1747 2835 annum

204 2871 256 2914 44
292 2870 672 2913 administrandam
705 2869 890 2924 accepit,
929 2867 1028 2909 vide
1060 2865 1298 2910 Comment.
1329 2867 1374 2908 II
1403 2882 1443 2922 p.
1469 2866 1563 2908 235.
1622 2864 1746 2918 Quae
