1846 3100
148 147 202 191 ‘28
579 152 634 185 De
660 150 772 184 Gallia
799 152 1032 185 Rornanorum
1066 155 1249 195 provincia.

147 258 230 301 bus
261 259 415 303 dirutis
447 261 657 318 supplicio
689 268 962 318 consumptos
995 277 1089 306 esse
1114 264 1256 317 refert,
1286 283 1370 310 non
1391 269 1520 314 credo
1537 271 1695 329 Pighio

147 331 303 374 Annal.
333 333 402 375 III
432 350 472 390 p.
504 335 599 385 208,
635 335 707 390 qui
737 334 837 377 inde
863 334 912 376 P.
945 333 1194 379 Cornelium
1226 337 1470 396 Scipionem
1495 343 1696 387 Nasicam

146 402 383 460 Hispaniae
414 407 631 449 ulterioris
670 408 970 463 proconsulem
1009 408 1137 452 efficit
1176 425 1420 469 annumque
1457 415 1614 458 falsum
1641 416 1694 459 ab

147 473 427 532 Obsequente
455 486 647 521 notatum
676 493 771 521 esse
802 485 934 534 putat,
965 488 1188 537 propterea
1217 486 1333 540 quod
1358 486 1430 529 illo
1460 502 1572 530 anno
1589 487 1694 531 alios

146 548 315 603 utrique
347 550 582 607 Hispaniae
608 566 685 607 pro
718 551 967 594 consulibus
1000 555 1236 609 praefuisse
1264 565 1442 601 constat.
1478 558 1695 615 Equidem

149 619 370 672 Nasicam,
403 623 560 678 quippe
590 624 665 679 qui
690 638 768 665 nec
796 639 873 680 pro
903 632 1096 681 praetore
1125 643 1205 670 nec
1234 644 1309 685 pro
1341 631 1516 674 consule
1549 632 1694 688 appel-

145 693 270 743 letur,
302 694 371 736 vel
394 695 585 751 legatum
603 695 726 737 Didii
748 697 815 738 vel
845 711 979 739 unum
1006 713 1058 740 ex
1082 699 1230 742 decem
1250 702 1354 745 viris
1378 704 1696 760 componendae

146 765 389 821 provinciae
419 783 444 809 a
474 774 624 810 senatu
654 768 798 811 missis
833 769 969 812 fuisse
1007 770 1178 823 iudico,
1217 773 1340 816 cuius
1375 790 1504 832 opera
1531 775 1693 819 Didius

146 852 253 880 usus
283 838 336 880 sit
347 855 358 888 3
397 840 490 896 ipsa
519 840 694 896 quidem
719 856 810 891 res,
845 857 973 897 quam
1004 842 1263 900 Obsequens
1291 855 1453 898 narrat,
1495 848 1534 890 ei
1565 863 1694 904 quam

145 925 170 950 a
210 910 345 954 Didio
390 912 435 954 in
481 910 775 956 Colendenses
824 915 1095 957 commissam
1140 932 1234 960 esse
1279 918 1505 975 Appianus
1553 921 1694 972 tradit,

146 982 360 1026 simillima
387 992 465 1027 est.
507 985 799 1029 Veruntamen
829 986 864 1028 si
885 984 936 1029 C.
956 987 1157 1031 Valerius
1173 989 1430 1046 Hispaniam
1456 992 1694 1036 citeriorem

145 1055 350 1104 obtinuit,
396 1065 730 1101 consentaneum
767 1060 867 1109 erit,
906 1066 954 1101 ut
982 1060 1044 1102 M.
1074 1060 1345 1113 Herennius,
1387 1065 1552 1122 collega
1585 1065 1693 1117 eius,

144 1128 310 1171 Italiam
327 1136 369 1171 et
390 1128 576 1173 Galliam
593 1131 762 1173 rexerit.
792 1132 920 1174 Anno
938 1132 992 1175 92
1021 1133 1100 1174 etsi
1125 1135 1302 1185 nummi,
1334 1136 1492 1191 quibus
1510 1137 1693 1194 Pighius

144 1201 302 1243 Annal.
334 1201 403 1243 111
437 1218 478 1258 p.
510 1203 586 1245 211
633 1203 695 1244 M.
732 1203 983 1260 Perpennae
1023 1220 1108 1247 cos.
1152 1206 1407 1262 Hispaniam
1443 1209 1690 1251 ulteriorem

145 1273 353 1330 obtigisse
385 1274 717 1326 demonstrabat,
745 1276 846 1331 quia
871 1276 1089 1319 Goltziani
1111 1286 1224 1329 sunt,
1253 1279 1358 1321 nihil
1387 1280 1490 1322 fidei
1520 1280 1692 1332 habent,

145 1361 224 1389 nec
251 1347 333 1390 alia
361 1347 449 1390 ulla
479 1348 681 1390 memoria
711 1356 926 1404 superest,
966 1349 1146 1392 alterum
1183 1358 1323 1394 tamen
1359 1367 1412 1394 ex
1443 1352 1693 1396 consulibus

144 1426 343 1462 externae
369 1420 497 1462 alicui
528 1421 770 1476 provinciae
805 1421 1061 1477 praefuisse,
1101 1423 1282 1466 alterum
1308 1424 1474 1466 Italiam
1503 1424 1694 1467 tenuisse

144 1492 406 1548 reliquorum
431 1508 639 1536 annorum
665 1494 898 1536 similitudo
928 1494 1116 1536 ostendit
1146 1495 1277 1551 idque
1314 1511 1363 1538 eo
1389 1497 1539 1553 magis,
1577 1497 1692 1552 quod

143 1564 197 1606 L.
226 1563 348 1608 Sulla
378 1562 475 1608 cum
507 1574 602 1622 post
631 1574 872 1623 praeturam
900 1567 942 1608 in
962 1565 1279 1623 Cappodociam
1306 1568 1546 1610 mitteretur
1572 1568 1690 1623 (Liv.

144 1637 243 1693 epit.
274 1637 437 1688 LXX3
466 1639 581 1681 Plut.
614 1637 722 1681 Sull.
753 1655 788 1682 c.
820 1640 879 1694 5),
908 1655 993 1682 non
1020 1640 1278 1682 ordinariam
1308 1640 1584 1695 provinciam,
1615 1641 1693 1683 sed

144 1710 524 1753 extraordinariam
548 1711 806 1768 legationem
835 1712 1007 1754 videtur
1034 1711 1217 1762 subisse,
1249 1711 1365 1754 unde
1388 1711 1574 1768 reliquas
1595 1727 1691 1769 pro-

143 1783 306 1825 vincias
348 1784 432 1826 iam
473 1791 718 1840 praetorum
758 1799 935 1826 numero
974 1791 1202 1840 occupatas
1244 1799 1338 1826 esse
1373 1783 1421 1826 fit
1459 1783 1690 1840 probabile.

147 1857 276 1898 Anno
289 1857 357 1906 91,
387 1857 477 1899 sive
509 1856 626 1912 quod
649 1871 838 1899 summos
868 1857 1145 1912 imperatores
1169 1856 1285 1898 domi
1315 1855 1561 1898 retinendos
1591 1871 1686 1900 esse

142 1928 350 1984 putabant
381 1929 470 1972 sive
505 1930 621 1985 quod
652 1929 726 1984 qui
761 1928 934 1970 sortitus
967 1934 1055 1970 erat
1083 1927 1372 1984 provinciam,
1407 1928 1452 1970 in
1482 1944 1575 1971 eam
1601 1944 1688 1971 non

144 2001 259 2051 exiit,
290 2008 521 2057 utrumque
545 2001 765 2044 consulem
794 2000 838 2042 in
865 2001 972 2043 urbe
998 2000 1207 2042 mansisse
1239 2007 1422 2049 constat3
1453 2016 1550 2042 nam
1578 2009 1686 2044 tem-

142 2088 246 2128 pore
271 2074 474 2115 feriarum
504 2073 758 2115 Latinarum
791 2088 863 2115 eos
893 2072 1054 2115 Romae
1081 2072 1216 2114 fuisse
1248 2073 1436 2115 ostendit
1461 2072 1576 2115 Flor.
1606 2073 1689 2124 ΙΙΙ,

150 2146 210 2193 18,
243 2145 282 2195 8,
317 2145 419 2187 item
449 2153 598 2201 postea
626 2160 711 2200 quo
740 2152 930 2201 tempore
961 2145 1023 2186 M.
1053 2144 1208 2186 Livius
1239 2145 1335 2189 trib.
1365 2144 1479 2201 pleb.
1520 2145 1690 2188 occisus

143 2225 229 2267 est,
276 2217 391 2273 App.
429 2218 525 2260 bell.
559 2218 639 2260 civ.
667 2218 710 2267 I,
745 2217 810 2259 36.
867 2216 958 2258 Nec
999 2216 1139 2258 minus
1173 2231 1282 2258 anno
1319 2216 1374 2259 90
1405 2232 1442 2259 a.
1474 2215 1580 2259 Chr.
1616 2218 1690 2274 qui

143 2290 341 2332 consules
373 2291 550 2332 fuerunt
576 2290 630 2332 L.
659 2290 799 2331 Iulius
829 2287 990 2331 Caesar
1021 2295 1061 2330 et
1088 2289 1138 2331 P.
1170 2288 1359 2331 Rutilius
1389 2289 1559 2345 Lupus,
1590 2304 1689 2332 cum
1762 2321 1765 2323 -

142 2361 294 2417 ingens
324 2361 485 2404 bellum
515 2362 753 2404 Marsicum
779 2361 1039 2411 immineret,
1074 2361 1241 2403 Italiam
1271 2361 1534 2416 provinciam
1563 2361 1689 2404 ambo

142 2433 383 2476 habuerunt
396 2451 406 2484 ;
437 2434 499 2476 sic
528 2435 639 2476 enim
670 2435 727 2476 ait
748 2433 932 2489 Appian.
950 2432 1048 2475 bell.
1070 2433 1150 2475 civ.
1166 2433 1202 2482 Ι,
1220 2432 1286 2475 40.
1325 2432 1491 2476 Galliae
1514 2434 1690 2490 quidem

143 2505 402 2563 Cisalpinae,
432 2522 541 2563 quae
569 2506 757 2562 alioquin
787 2505 838 2548 ab
858 2505 987 2547 armis
1019 2505 1164 2560 quieta
1179 2505 1347 2556 mansit,
1379 2506 1498 2549 nulla
1512 2521 1689 2562 prorsus

140 2580 188 2621 fit
218 2579 391 2630 mentio,
421 2579 464 2620 in
493 2578 761 2621 Narbonensi
790 2585 933 2620 autem
963 2594 987 2619 a
1019 2579 1057 2619 C.
1078 2579 1252 2619 Caecilio
1275 2578 1443 2619 Metello
1471 2577 1688 2620 Salluvios

140 2651 397 2694 rebellantes
432 2652 567 2693 victos
605 2665 699 2693 esse
738 2651 867 2692 refert
896 2650 996 2692 Liv.
1025 2649 1123 2706 epit.
1155 2649 1386 2700 LXXIII,
1422 2650 1545 2705 isque
1583 2649 1689 2692 alter

141 2731 205 2766 est
234 2731 461 2780 postquam
491 2723 708 2779 provincia
734 2711 910 2764 aMario
940 2721 1111 2764 condita
1141 2729 1217 2772 est,
1248 2722 1321 2778 qui
1344 2722 1382 2764 ei
1401 2737 1476 2778 pro
1495 2728 1688 2777 praetore

141 2797 209 2839 vel
248 2811 300 2838 ex
341 2803 539 2852 praetura
578 2795 824 2851 praefuerit.
884 2793 1132 2849 Insequenti
1174 2809 1284 2836 anno
1317 2794 1369 2837 89
1403 2801 1489 2835 tres
1521 2806 1688 2835 summo

144 2883 242 2911 cum
267 2868 445 2926 imperio
474 2866 635 2910 bellum
655 2866 952 2910 administrare
984 2872 1236 2922 coeperunt;
1266 2881 1363 2908 nam
1390 2870 1688 2922 praeterquam
