1846 3100
159 155 213 198 94
603 156 657 188 De
683 154 797 188 Gallia
819 155 1053 188 Romanorum
1085 155 1270 198 provincia.

160 266 382 322 opiniones
411 265 684 307 introducere
717 266 972 322 coepissent.
1037 265 1126 320 Qui
1159 267 1192 309 si
1225 281 1325 309 vere
1358 265 1559 309 statuisse
1587 265 1710 308 vide-

159 345 321 388 rentur,
352 338 500 394 paucis
532 338 711 392 defungi
737 353 980 394 possemus,
1008 346 1057 380 ut
1085 354 1184 381 cum
1212 339 1456 382 laudatione
1486 345 1710 380 auctorum

161 425 230 462 ea,
261 426 370 466 quae
403 411 695 462 censuissent,
727 411 1037 468 reciperemus,
1073 427 1171 454 cum
1202 411 1369 454 sublata
1396 410 1573 452 veritate
1601 425 1710 465 quae

161 483 303 525 minus
344 498 446 525 vera
485 490 606 533 sunt,
645 497 883 539 propagare
922 484 1172 534 videantur,
1211 483 1294 525 hoc
1326 483 1450 525 nobis
1487 482 1711 539 imponunt

163 570 264 598 sane
294 555 640 597 molestissimum
680 556 922 611 negotium,
963 564 1011 598 ut
1044 555 1097 598 ab
1116 555 1428 611 redarguendo
1458 554 1710 611 disputatio-

161 643 259 669 nem
299 634 489 670 nostram
532 627 801 683 incipiamus.
877 628 1150 684 Quamquam
1193 642 1277 670 non
1322 628 1383 670 sic
1420 641 1620 682 agemus,
1663 633 1711 667 ut

158 700 319 751 omnia,
365 715 474 755 quae
509 700 572 742 illi
610 697 822 756 opinionis
859 716 962 743 suae
993 700 1272 743 stabiliendae
1305 715 1433 742 causa
1463 699 1709 748 attulerunt,

158 773 404 815 refellamus
433 772 609 828 (etenim
639 780 680 813 et
703 772 883 829 longum
911 773 956 814 id
983 780 1048 815 est
1076 787 1156 814 nec
1186 771 1486 822 contendendi,
1518 771 1593 814 sed
1619 771 1710 814 veri

159 845 405 887 inveniendi
438 859 568 886 causa
606 845 878 900 scribimus),
922 860 1072 889 verum
1111 845 1155 886 in
1189 845 1285 901 ipsa
1319 845 1409 886 veri
1447 844 1709 900 expositione

159 932 308 959 eorum
335 932 444 973 quae
474 917 615 959 minus
646 917 847 960 videntur
877 934 972 962 esse
999 917 1233 975 probanda,
1261 917 1462 973 optimam
1490 916 1709 958 refutatio-

158 1005 256 1031 nem
285 990 427 1032 inesse
457 990 723 1031 arbitramur.
777 989 866 1033 Sed
895 998 943 1033 ut
970 991 1157 1033 breviter
1184 1005 1356 1032 causam
1385 989 1521 1045 ipsam
1552 988 1709 1030 consti—

159 1069 345 1111 tuamus,
377 1062 658 1104 conveniebat
686 1062 786 1104 olim
813 1063 925 1105 inter
953 1063 1068 1105 viros
1097 1062 1261 1112 doctos,
1292 1062 1428 1104 fuisse
1457 1066 1498 1103 in
1527 1075 1576 1103 ea
1600 1075 1709 1116 quae

157 1133 309 1176 Rheno
350 1133 497 1175 finitur
516 1133 672 1177 *Gallia
700 1135 783 1178 iam
815 1136 949 1192 primo
979 1141 1077 1191 post
1105 1133 1327 1177 Christum
1359 1141 1506 1176 natum
1538 1132 1708 1184 saeculo

158 1206 401 1262 provincias
446 1221 555 1262 quae
594 1205 850 1250 Germaniae
893 1207 1158 1257 dicerentur,
1203 1223 1288 1249 non
1327 1214 1411 1250 tam
1452 1205 1709 1262 populorum

159 1279 447 1328 multitudine,
480 1293 606 1334 quam
636 1278 929 1331 barbarorum,
961 1295 986 1322 a
1012 1279 1171 1335 quibus
1190 1285 1397 1338 perpetuo
1414 1277 1708 1320 defendendae

159 1358 299 1401 erant,
336 1350 650 1407 propinquitate
678 1352 1028 1408 exercituumque
1058 1367 1166 1409 quos
1197 1339 1366 1394 alebant
1396 1350 1548 1393 robore
1578 1350 1709 1392 totius

157 1438 291 1478 prope
318 1423 483 1479 imperii
504 1423 687 1465 Romani
712 1425 932 1475 maximas,
961 1432 1010 1467 ut
1027 1425 1131 1467 viris
1155 1432 1196 1467 et
1213 1423 1463 1466 fortitudine
1483 1430 1525 1465 et
1545 1437 1709 1464 summa

159 1495 368 1551 dignitate
407 1495 651 1550 conspicuis
683 1497 888 1538 committi
918 1498 1114 1540 solerent.
1177 1497 1271 1539 Has
1302 1496 1437 1551 igitur
1469 1494 1708 1551 provincias

157 1567 215 1609 D.
245 1568 299 1609 A.
331 1568 567 1610 Fechterus
598 1568 857 1611 Basileensis
894 1570 938 1611 in
969 1569 1321 1612 commentatione
1353 1567 1408 1610 de
1437 1566 1580 1610 Gallia
1609 1581 1709 1622 pro-

157 1639 299 1682 vincia
327 1640 464 1694 qualis
497 1649 593 1683 ante
624 1639 896 1684 Constantini
924 1649 1116 1698 tempora
1145 1641 1274 1684 fuerit
1303 1642 1431 1696 (quae
1459 1639 1620 1681 inserta
1645 1645 1710 1681 est

156 1712 200 1753 in
232 1712 282 1754 F.
309 1712 366 1754 D.
398 1711 629 1764 Gerlachii,
657 1714 692 1755 Ι.
719 1714 755 1755 Ι.
783 1714 1046 1770 Hottingeri,
1078 1714 1151 1756 W.
1179 1711 1530 1768 Wackernagelii
1559 1725 1708 1753 museo

159 1784 386 1826 Helvetico
416 1784 638 1836 historiae,
673 1786 948 1828 Frauenfeld.
980 1801 1076 1828 ann.
1110 1785 1238 1835 1839,
1270 1784 1367 1827 Vol.
1392 1784 1495 1838 III),
1531 1783 1707 1839 negavit

156 1857 266 1899 ullas
306 1857 478 1899 omnino
518 1858 667 1900 fuisse.
725 1858 836 1901 Nam
874 1874 971 1901 cum
1009 1858 1053 1899 in
1085 1857 1318 1900 Germania
1347 1862 1490 1899 essent
1520 1862 1616 1898 octo
1645 1855 1708 1897 le-

158 1928 329 1984 giones,
368 1929 434 1971 his
471 1928 595 1971 binos
626 1930 789 1986 legatos
817 1931 1077 1986 praefuisse,
1117 1930 1191 1984 qui
1218 1929 1372 1971 milites
1401 1934 1599 1984 regerent
1626 1927 1707 1969 im-

156 2001 410 2056 periumque
439 2000 707 2043 aGermanis
737 2002 1038 2051 defenderent3
1069 2001 1243 2043 eosdem
1274 1999 1567 2042 iurisdictione
1594 1999 1707 2041 mili-

156 2073 250 2122 tari,
280 2088 407 2127 quam
434 2074 631 2129 appellat,
662 2088 807 2115 earum
831 2073 1070 2128 regionum,
1095 2074 1138 2114 in
1163 2074 1320 2129 quibus
1340 2072 1495 2114 milites
1514 2071 1707 2114 collocati

157 2152 324 2194 essent,
352 2160 455 2187 usos
477 2160 585 2195 esse,
614 2145 691 2187 sed
713 2145 883 2187 civilem
902 2145 1242 2188 iurisdictionem
1262 2145 1452 2187 omnium
1471 2143 1706 2192 civitatum,

156 2231 266 2270 quae
311 2231 450 2272 usque
493 2217 547 2258 ad
588 2217 787 2259 Rhenum
831 2218 1113 2273 pertinerent,
1162 2218 1297 2259 fuisse
1339 2231 1472 2272 penes
1519 2215 1707 2271 legatum

158 2286 325 2330 Galliae
361 2289 574 2344 Belgicae.
647 2288 794 2342 Quare
835 2295 950 2331 recte
993 2289 1076 2331 diei
1120 2289 1173 2330 de
1215 2288 1401 2330 ducibus
1439 2287 1706 2330 exercituum

158 2358 525 2411 Germanicorum,
557 2375 639 2402 non
669 2369 781 2403 recte
809 2361 895 2403 dici
926 2362 980 2402 de
1011 2361 1244 2417 provinciis
1274 2360 1556 2402 Germanicis.
1610 2360 1707 2402 Hac

156 2433 356 2489 opinione
395 2433 469 2488 qui
507 2433 679 2475 duobus
711 2433 779 2475 vel
807 2432 944 2475 tribus
977 2439 1074 2488 post
1099 2431 1202 2474 Chr.
1233 2439 1319 2474 nat.
1349 2432 1532 2475 saeculis
1557 2431 1705 2480 valuit,

155 2505 322 2561 imperii
349 2505 530 2547 Romani
575 2520 667 2547 mos
706 2519 884 2560 prorsus
925 2505 1132 2547 evertitur
1160 2505 1444 2560 statuiturque
1475 2503 1706 2546 disiunctio

156 2577 367 2632 quaedam
407 2577 600 2619 militaris
641 2584 683 2619 et
714 2576 852 2618 civilis
880 2576 1069 2632 imperii,
1115 2592 1224 2632 quae
1253 2577 1371 2618 nulla
1399 2591 1581 2631 usquam
1611 2575 1704 2617 fuit.

154 2647 220 2691 Ne
257 2649 369 2690 enim
409 2649 463 2691 de
504 2648 726 2690 senatoriis
762 2648 995 2704 provinciis
1033 2649 1195 2699 dicam,
1235 2647 1394 2704 quibus
1427 2656 1565 2690 tamen
1599 2647 1705 2702 ipsis

155 2722 229 2776 qui
265 2728 509 2777 praeerant,
551 2720 758 2776 quicquid
792 2720 973 2762 militum
1004 2720 1240 2770 habebant,
1280 2735 1366 2761 non
1403 2720 1545 2761 minus
1577 2734 1705 2774 quam

154 2793 342 2847 reliquas
370 2793 536 2849 imperii
567 2799 709 2849 partes
737 2792 958 2847 regebant,
991 2792 1194 2847 quoniam
1224 2793 1458 2848 antiquitus
1484 2792 1544 2834 ita
1572 2791 1704 2833 tradi—

155 2870 245 2905 tum
289 2873 397 2914 erat,
450 2872 498 2906 ut
542 2865 819 2920 imperatores
861 2864 1009 2919 populi
1048 2864 1229 2906 Romani
1264 2864 1520 2919 simulatque
1554 2860 1704 2903 urbem
