1846 3100
178 145 255 189 138
609 151 664 183 De
689 150 802 183 Gallia
829 152 1063 184 Romanorum
1088 153 1270 193 provincia.

172 256 314 308 batur,
344 259 597 302 muniendae
625 259 849 314 oportebat
873 274 1071 315 praeesse
1099 260 1298 311 eundem,
1324 263 1397 318 qni
1415 263 1574 320 legioni
1595 278 1717 320 prae—

173 337 276 379 erat,
308 330 523 387 longeque
553 331 773 374 diversum
802 340 867 374 est
897 332 1139 388 exemplum
1168 333 1363 390 Pompeii
1390 334 1574 387 Paulini,
1605 335 1716 379 Ger-

172 403 337 446 maniae
366 403 581 446 inferioris
609 404 759 460 legati3
788 404 861 459 qui
887 419 984 447 cum
1012 404 1254 448 inconsulto
1279 406 1531 462 imperatore
1557 408 1718 451 fossam

173 491 247 532 per
275 476 495 532 Belgicam
538 476 803 531 provinciam
842 476 1000 519 ducere
1030 484 1218 533 pararet,
1261 478 1356 520 iure
1383 479 1623 535 prohibitus
1654 487 1720 523 est

171 565 195 590 a
222 549 366 605 legato
394 548 594 605 Belgicae
624 548 747 604 (Tac.
779 549 935 591 Annal.
965 549 1096 600 XIII,
1128 549 1217 604 53).
1278 550 1370 593 Nec
1398 552 1537 608 magis
1568 554 1718 596 titulus

170 621 264 671 ille,
308 635 436 676 quem
475 623 519 668 Q.
558 623 696 663 Lollio
734 624 941 662 Frontoni
973 623 1064 666 trib.
1101 625 1189 665 mil.
1228 625 1306 677 leg.
1337 627 1404 665 Ill
1436 626 1543 678 Aug.
1575 627 1718 681 praqf.

158 694 283 747 fabr.
323 699 412 734 tert.
451 695 636 734 civitates
664 696 747 735 XX
747 698 827 736 ΧΧ
831 698 911 736 IIII
945 709 996 735 eae
1022 698 1189 748 pmm'n.
1219 698 1390 750 Africa,
1430 712 1535 750 quae
1569 698 1641 738 sub
1675 712 1720 739 eo

170 781 312 806 censae
339 772 449 815 sunl,
481 774 717 822 posuerunt
748 766 975 823 (Kellerm.
1002 766 1104 823 Vig.
1131 783 1173 809 n.
1202 767 1327 823 256),
1367 768 1488 811 citari
1516 768 1667 812 debuit
1695 784 1719 811 a

171 838 428 880 Mommsen.
459 838 632 881 Bullett.
661 839 689 880 l.
715 839 743 883 l.
774 854 814 894 p.
848 838 938 890 165,
966 854 1094 894 quem
1121 839 1297 882 Tiberio
1327 839 1576 896 imperante,
1611 857 1719 884 non-

171 910 276 952 dum
305 911 535 953 constituta
551 911 770 962 Numidia,
800 911 1005 968 scriptum
1036 927 1130 954 esse
1156 912 1256 955 hinc
1281 913 1577 969 intelligimus,
1603 916 1718 970 quod

172 984 415 1039 praefectus
454 983 625 1026 fabrum
665 984 838 1027 tertium
877 984 1047 1026 dicitur.
1110 984 1219 1026 Nam
1254 1000 1352 1027 cum
1386 987 1622 1029 secundum
1655 1003 1719 1039 ea,

171 1070 279 1110 quae
311 1056 578 1112 Borghesius
607 1057 651 1098 in
682 1057 838 1099 Annal.
869 1056 976 1099 Inst.
1005 1057 1120 1099 arch.
1148 1072 1244 1099 ann.
1280 1058 1386 1100 <1849
1415 1073 1456 1114 p.
1485 1059 1535 1103 47
1569 1060 1719 1117 dispu-

171 1129 291 1179 tavit,
319 1129 521 1185 praefecti
549 1128 718 1171 fabrum
744 1130 804 1171 ita
830 1130 914 1171 sint
940 1145 1023 1171 non
1049 1129 1282 1185 legionum,
1309 1130 1386 1172 sed
1402 1130 1719 1187 imperatorum,

171 1209 219 1242 ut
248 1200 421 1256 quando
450 1202 726 1258 imperatores
757 1202 936 1258 imperio
957 1202 1182 1252 decedant,
1213 1202 1336 1244 etiam
1355 1202 1437 1258 ipsi
1455 1205 1721 1258 praefectura

172 1273 385 1316 decedant
415 1275 673 1330 titulumque
702 1276 891 1317 muneris
923 1275 1079 1317 totiens
1106 1282 1319 1331 repetant,
1356 1276 1554 1331 quotiens
1585 1276 1720 1332 impe-

172 1354 287 1389 rator
312 1347 405 1403 ipse
433 1347 674 1404 imperium,
706 1355 882 1404 apparet
908 1349 1147 1404 legatorum
1166 1347 1394 1389 Numidiae
1417 1363 1501 1390 non
1529 1348 1720 1404 potuisse

172 1434 267 1461 esse
296 1419 558 1474 praefectum
588 1420 757 1462 fabrum
791 1420 985 1470 tertium,
1015 1420 1098 1463 nisi
1127 1421 1252 1470 forte,
1281 1419 1327 1460 id
1356 1419 1472 1474 quod
1502 1436 1720 1476 nunquam

172 1499 285 1534 certe
315 1492 486 1542 accidit,
517 1492 702 1534 eundem
731 1493 871 1535 tribus
902 1491 1086 1534 diversis
1113 1491 1374 1548 temporibus
1396 1492 1450 1534 ab
1467 1492 1720 1549 imperatore

171 1562 402 1606 Numidiae
430 1565 689 1620 praefectum
712 1565 950 1621 eodemque
973 1579 1140 1620 semper
1164 1564 1377 1619 praefecto
1399 1564 1568 1607 fabrum
1592 1580 1721 1608 usum

173 1650 268 1678 esse
298 1635 567 1692 putabimus3
613 1645 701 1680 erat
740 1638 852 1680 enim
889 1652 1036 1680 eorum
1066 1635 1292 1692 imperium
1323 1635 1600 1688 diuturnum,
1635 1653 1719 1679 non

171 1724 374 1750 annuum.
443 1710 500 1751 At
540 1710 818 1765 proconsules
858 1710 1055 1759 Africae,
1095 1708 1169 1764 qui
1209 1708 1244 1751 si
1274 1709 1371 1765 plus
1399 1723 1531 1763 quam
1562 1724 1719 1751 annum

171 1781 438 1837 provinciam
465 1781 718 1832 obtinerent,
745 1782 972 1837 quotannis
1001 1780 1249 1837 repetebant
1277 1781 1518 1837 imperium,
1545 1781 1621 1823 ubi
1645 1796 1722 1837 per

172 1854 403 1896 triennium
421 1855 574 1897 eodem
589 1856 806 1911 praefecto
825 1855 995 1897 fabrum
1014 1853 1258 1903 utebantur,
1273 1853 1537 1909 praefectum
1551 1853 1722 1896 fabrum

171 1930 338 1968 tertium
382 1927 608 1970 habebant.
684 1928 830 1981 Quare
875 1927 930 1980 Q.
967 1925 1156 1967 Lollium
1197 1924 1414 1968 discemus
1453 1925 1721 1980 proconsulis

173 1999 308 2042 fuisse
349 2001 612 2055 praefectum
654 1999 822 2041 fabrum
861 2007 902 2041 et
927 1998 1102 2053 quidem
1132 1997 1246 2048 eius,
1283 1998 1355 2052 qui
1386 2012 1464 2053 per
1494 1996 1720 2038 triennium

173 2071 366 2114 Africam
405 2071 632 2120 tenuisset3
677 2086 757 2113 nec
795 2071 829 2113 si
867 2070 1113 2126 proconsuli
1152 2070 1292 2111 fuerat
1332 2068 1597 2124 praefectus,
1638 2069 1720 2111 sub

171 2143 311 2199 legato
340 2143 423 2184 fuit
453 2142 651 2184 tribunus
679 2142 883 2192 militum,
925 2143 1002 2185 sed.
1034 2141 1114 2184 sub
1146 2141 1297 2183 eodem
1327 2141 1605 2196 proconsule,
1645 2141 1720 2196 qui

170 2215 383 2272 legionem
414 2215 482 2256 111
521 2215 768 2271 Augustam
806 2222 996 2271 regeret,
1036 2214 1363 2267 confereturque
1398 2212 1637 2255 rectissime
1668 2211 1720 2255 C.

171 2287 333 2330 Maenii
359 2287 484 2329 Bassi
519 2287 761 2344 inscriptio,
803 2302 912 2342 quac
952 2301 1082 2342 supra
1109 2285 1236 2327 citata
1265 2291 1330 2326 est
1366 2283 1595 2338 (Kellerm.
1624 2283 1720 2336 Vig.

171 2376 214 2403 n.
241 2359 366 2413 257),
410 2359 486 2415 qui
516 2361 757 2412 praefectus
781 2360 964 2412 fabrum
1000 2360 1061 2398 M.
1090 2358 1233 2398 Silam·
1262 2359 1320 2397 M.
1336 2357 1383 2408 f
1425 2362 1585 2397 sextum
1616 2358 1719 2397 Car·

172 2435 356 2486 mag-inis
372 2439 422 2474 tr.
440 2435 527 2474 mil.
543 2434 620 2484 leg.
635 2434 697 2472 III
705 2436 914 2484 Augustae
930 2429 1100 2477 dicitur,
1117 2428 1219 2470 item
1235 2435 1351 2470 recto
1369 2442 1594 2470 munerum
1609 2427 1720 2470 mili-

173 2505 327 2546 tarium
372 2504 544 2554 ordine,
599 2503 808 2558 siquidem
851 2500 1094 2544 tribunatus
1136 2507 1233 2555 post
1274 2500 1584 2555 praefecturam
1627 2499 1720 2541 dari

173 2576 348 2619 solebat.
405 2575 529 2629 Quae
568 2590 667 2618 cum
703 2575 761 2616 ita
799 2574 904 2623 sint,
941 2573 1059 2614 nulla
1092 2571 1136 2613 in
1172 2572 1246 2613 illa
1273 2571 1573 2627 inscriptione,
1610 2586 1720 2628 quae

172 2649 408 2705 imperante
438 2647 614 2690 Tiberio
645 2647 784 2703 posita
815 2653 900 2696 est,
938 2644 1097 2687 mentio
1124 2643 1172 2684 fit
1200 2643 1353 2699 legati,
1394 2644 1511 2686 nulla
1543 2643 1719 2699 provin-

174 2721 263 2763 ciae
291 2720 543 2769 Numidiae,
580 2718 802 2775 provincia
835 2726 977 2760 autem
1014 2715 1163 2759 Africa
1202 2715 1369 2770 proprie
1407 2715 1565 2756 dicitur
1596 2722 1719 2757 vetus

172 2792 246 2834 illa
275 2791 614 2847 proconsularis,
647 2805 756 2845 quae
786 2788 991 2845 quicquid
1023 2794 1125 2830 tunc
1155 2787 1198 2829 in
1230 2788 1381 2830 Africa
1408 2787 1613 2829 Romanis
1643 2801 1719 2842 pa·

174 2864 310 2914 rebat,
338 2863 711 2920 complectebatur.
762 2860 928 2904 Dubito
955 2869 1097 2903 autem
1124 2876 1178 2903 an
1203 2858 1258 2913 Q.
1283 2859 1452 2902 Lollius
1477 2859 1719 2915 praefectus
