1846 3100
179 132 258 175 172
519 136 574 167 De
599 134 710 167 Gallia
737 135 970 169 Rornanorum
998 136 1169 177 provincia
1192 136 1373 178 appendix.

177 258 271 287 esse
289 245 361 295 ait,
391 252 438 286 ut
455 244 611 287 absens
631 250 671 285 et
694 246 880 286 retinens
900 245 1133 287 exercitum
1154 251 1330 301 peteret,
1357 247 1472 302 quod
1494 247 1719 303 imperium

174 316 329 359 fuisset
361 316 509 359 decem
537 331 757 358 annorum.
816 316 877 358 At
905 316 950 358 in
981 332 1066 372 qua
1092 332 1196 360 voce
1226 317 1341 361 illius
1372 333 1526 362 causae
1554 319 1719 376 signifi-

176 389 304 438 catio,
335 403 444 444 quae
476 394 622 445 aperta
650 403 747 430 esse
777 395 965 444 putatur,
996 390 1127 432 latet?
1178 390 1249 432 An
1277 392 1320 432 in
1346 391 1556 447 particula
1582 395 1721 434 enim?

175 462 235 502 At
273 477 323 503 ea
352 459 488 503 Attici
527 476 625 503 cum
663 460 1000 504 dissimulatione
1034 463 1217 518 quadam
1253 464 1550 519 respondentis
1585 471 1650 506 est
1679 469 1721 506 et

175 533 230 575 ad
263 533 530 582 sententiam,
562 548 668 588 quae
698 533 954 588 cogitatione
982 535 1220 591 supplenda
1251 543 1328 586 est,
1359 536 1556 592 pertinet.
1597 535 1720 578 Serio

175 605 287 647 enim
326 614 368 648 et
402 605 528 661 plene
568 605 781 660 loquentis
824 606 930 648 haec
960 614 1102 649 erant:
1145 607 1205 649 At
1244 622 1297 649 ne
1327 605 1515 651 absentis
1545 607 1720 663 quidem

173 678 379 720 rationem
404 676 567 727 haberi,
597 676 712 732 quod
736 685 777 720 et
797 686 943 721 contra
961 679 1079 734 leges
1097 686 1161 721 est
1178 686 1220 722 et
1237 680 1280 722 vi
1299 680 1521 736 perlatum,
1552 680 1720 736 placere

174 749 251 791 tibi
281 757 434 806 potest.
494 749 607 791 Num
638 754 746 791 enim
778 765 986 793 annorum
1016 751 1164 793 decem
1188 752 1414 808 imperium
1443 752 1522 795 tibi
1552 751 1720 808 placet?

174 821 292 864 Perit
324 822 458 878 igitur
482 822 723 864 coniunctio
747 822 963 878 petitionis
989 830 1030 865 et
1053 823 1202 866 decem
1219 838 1440 875 annorum,
1461 824 1573 881 perit
1592 838 1719 880 quam

174 894 267 936 eius
307 894 620 936 coniunctionis
650 894 856 937 rationem
900 896 981 939 sibi
1015 896 1204 939 invenire
1235 897 1405 938 videtur
1434 896 1721 946 Hofmannus,

175 967 285 1023 perit
314 967 500 1022 denique
528 975 852 1022 argumentum,
883 977 932 1009 ut
965 968 1206 1024 petitionem
1235 968 1288 1010 ad
1317 983 1476 1010 annum
1506 968 1559 1010 50
1584 967 1720 1023 >perti-

175 1040 322 1081 nuisse
353 1039 593 1081 credamus.
634 1039 784 1095 Neque
815 1041 985 1082 omnino
1017 1041 1117 1082 satis
1146 1055 1295 1082 verum
1326 1048 1404 1090 est,
1434 1039 1551 1095 quod
1581 1040 1721 1080 absens

175 1119 217 1154 et
245 1115 470 1153 exercitum
498 1115 678 1153 retinens
705 1111 820 1153 idem
849 1112 1090 1168 significare
1119 1112 1201 1162 ait3
1227 1112 1388 1154 dirimit
1415 1112 1525 1154 enim
1554 1110 1720 1161 Cicero,

175 1184 434 1226 dirimebant
463 1185 645 1226 fortasse
678 1185 802 1227 etiam
835 1184 1079 1227 cavillantes
1113 1184 1383 1240 Pompeiani3
1419 1199 1516 1226 nam
1544 1184 1626 1226 hoc
1657 1183 1721 1225 fa-

175 1257 255 1299 cile
285 1257 533 1299 Hofmanno
565 1256 768 1299 concedo.

289 1328 562 1384 Quamquam
598 1330 710 1371 inest
746 1329 790 1369 in
829 1328 912 1370 hoc
944 1327 1039 1370 loco
1066 1328 1277 1383 quaedam
1306 1328 1560 1378 difficultas,
1595 1341 1722 1381 quam

175 1417 254 1445 nos
284 1403 329 1444 in
362 1402 579 1457 superiore
609 1401 962 1443 commentatione
988 1416 1082 1442 cum
1111 1400 1165 1442 de
1195 1399 1374 1456 imperio
1404 1398 1603 1442 Caesaris
1633 1398 1722 1441 dis-

177 1480 447 1530 putaremus,
478 1474 677 1529 quamvis
709 1474 1066 1530 intelligeremus,
1095 1473 1236 1515 minus
1267 1480 1406 1515 tamen
1433 1473 1615 1514 fortasse
1648 1485 1722 1513 ex-

177 1545 448 1601 plicavimus.
493 1546 645 1588 Movet
672 1547 783 1588 enim
810 1562 877 1588 me
899 1561 982 1588 non
1001 1545 1117 1601 quod
1134 1545 1248 1587 idem
1271 1544 1347 1587 sed
1370 1544 1485 1600 quod
1503 1543 1723 1585 diversum

179 1633 275 1660 esse
309 1616 464 1660 Cicero
492 1618 703 1675 significat
731 1619 860 1659 abesse
887 1626 928 1660 et
961 1621 1134 1659 retinere
1166 1620 1402 1658 exercitum.
1459 1615 1651 1665 Etenim,
1675 1622 1725 1657 ut

176 1706 308 1746 supra
328 1690 432 1742 dixi,
463 1706 561 1734 cum
588 1691 753 1734 absenti
771 1690 946 1733 Caesari
968 1690 1116 1746 petitio
1144 1689 1322 1732 secundi
1353 1689 1598 1731 consulatus
1625 1688 1725 1731 data

173 1769 251 1811 est,
281 1762 380 1804 data
410 1771 474 1805 est
505 1763 702 1805 retinenti
735 1762 996 1819 provinciam
1025 1776 1163 1817 neque
1205 1761 1323 1804 aliud
1353 1761 1582 1817 quicquam
1609 1761 1722 1804 valet

174 1833 339 1884 abesse,
372 1850 500 1891 quam
530 1836 688 1878 habere
715 1835 990 1892 provinciam.
1042 1831 1143 1875 Scio
1169 1833 1382 1888 equidem,
1408 1848 1555 1876 omnes
1573 1841 1722 1876 aucto-

174 1921 268 1955 res,
296 1907 484 1950 Dionem
500 1908 614 1958 XL,
644 1909 716 1958 56,
745 1907 991 1964 Appianum
1019 1904 1116 1947 bell.
1147 1905 1227 1947 civ.
1260 1906 1327 1955 II,
1358 1906 1436 1955 25,
1469 1903 1721 1948 Ciceronem

171 1977 226 2018 ad
260 1978 352 2021 Att.
384 1979 508 2030 VIII,
538 1981 561 2020 3
580 1987 622 2021 et
638 1980 750 2021 Phil.
770 1980 827 2029 II,
859 1979 921 2028 10,
952 1978 1033 2019 hoc
1059 1993 1193 2019 unum
1221 1993 1416 2028 narrare,
1448 1977 1614 2020 absenti
1645 1977 1720 2020 da·

174 2058 257 2092 tam
291 2065 386 2092 esse
411 2052 674 2107 petitionem,
702 2051 777 2092 sed
805 2050 952 2092 dicunt
969 2049 1051 2091 hoc
1068 2050 1211 2106 ipsum
1228 2049 1427 2092 retinenti
1443 2050 1719 2106 provinciam.

171 2123 224 2164 Id
254 2131 295 2164 et
326 2139 378 2164 ex
410 2138 455 2165 re
484 2123 578 2179 ipsa
611 2132 652 2165 et
681 2138 732 2164 ex
754 2121 948 2164 Caesaris
968 2121 1143 2163 historia
1165 2122 1431 2178 apertissime
1454 2121 1720 2177 intelligitur.

175 2194 295 2249 Quid
324 2195 451 2246 enim,
483 2203 658 2251 quaeso,
689 2203 812 2237 vetus
845 2209 935 2236 mos
964 2194 1032 2235 vel
1058 2194 1141 2244 lex,
1178 2209 1287 2249 quae
1319 2193 1569 2236 candidatos
1597 2208 1720 2249 prae-

173 2275 314 2310 sentes
342 2268 532 2324 profiteri
560 2267 755 2317 iubebat,
794 2265 1081 2322 sequebatur?
1133 2265 1250 2307 Num
1285 2266 1536 2322 dignitatem
1575 2265 1720 2308 nescio

172 2355 301 2395 quam
328 2340 476 2396 populi
492 2340 674 2382 Romani
701 2348 897 2395 spectans
925 2336 1094 2380 vetabat
1121 2337 1383 2387 candidatos,
1412 2338 1447 2380 si
1476 2352 1623 2380 eorum
1651 2353 1719 2380 ra-

172 2413 308 2455 tiones
345 2414 404 2456 ita
440 2414 627 2462 ferrent,
666 2411 757 2454 ruri
797 2410 986 2453 versari?
1038 2409 1250 2465 Magnum
1282 2409 1482 2452 videlicet
1509 2409 1588 2451 hoc
1617 2416 1719 2458 erat,

172 2485 288 2540 quod
326 2500 411 2527 non
450 2485 622 2541 repulsa
651 2483 940 2540 puniendum,
989 2481 1065 2524 sed
1094 2481 1191 2537 lege
1224 2481 1502 2523 sanciendum
1535 2496 1630 2523 esse
1656 2481 1720 2523 vi—

173 2557 358 2599 deretur.
415 2557 488 2599 An
515 2557 597 2599 hoc
627 2555 865 2612 spectabat,
906 2554 1107 2609 quoniam
1138 2568 1236 2595 cum
1264 2554 1443 2609 imperio
1473 2552 1625 2596 urbem
1654 2553 1719 2594 in·

173 2636 284 2671 trare
312 2644 397 2670 non
426 2628 595 2679 licebat,
623 2643 677 2671 ne
707 2627 1057 2670 continuarentur
1085 2625 1264 2682 imperia
1296 2626 1564 2682 spatiumque
1591 2639 1718 2667 aceu-

173 2701 310 2751 sandi,
342 2701 377 2743 si
405 2702 500 2756 quis
529 2700 633 2756 quid
663 2699 904 2742 admisisset
932 2713 985 2740 ne
1015 2697 1306 2740 adimeretur?
1364 2697 1454 2754 Ipsi
1482 2697 1606 2739 etiam
1633 2696 1719 2753 legi

171 2773 414 2828 Pompeiae,
442 2788 551 2828 quae
581 2772 635 2814 de
665 2773 758 2814 iure
785 2771 1113 2827 magistratuum
1132 2770 1217 2812 lata
1233 2777 1312 2819 est,
1343 2770 1501 2812 scimus
1517 2768 1599 2811 hoc
1619 2781 1719 2824 pro-

172 2844 361 2901 positum
397 2845 554 2895 fuisse,
590 2852 638 2887 ut
677 2843 992 2886 intermissione
1024 2842 1208 2899 quadam
1243 2841 1453 2884 honorum
1485 2847 1612 2897 atque
1639 2839 1718 2882 im-
