1846 3100
181 137 236 181 64
612 140 665 173 De
693 138 808 172 Gallia
834 137 1068 171 Romanorum
1095 136 1280 179 provincia.

181 250 252 292 tiri
279 249 408 292 iussit
439 246 550 303 (Cic.
580 248 635 292 ad
666 247 757 290 Att.
786 246 831 296 Ι,
864 245 957 301 19),
994 259 1102 301 quas
1141 245 1337 300 proxime
1366 245 1425 289 ita
1450 245 1587 289 sortiti
1615 253 1729 297 sunt,

182 330 231 365 ut
260 322 438 365 Metello
457 319 751 364 Narbonensis
781 317 1016 375 provincia,
1044 316 1225 359 Afranio
1243 315 1465 374 Cisalpina
1492 333 1591 361 cum
1610 319 1732 362 Italia

182 395 384 438 eveniret.
445 394 544 436 Hoc
581 393 694 435 enim
732 397 876 447 aperte
913 389 1074 432 indicat
1105 387 1256 431 Cicero
1295 389 1351 432 ad
1381 389 1471 432 Att.
1499 391 1544 442 Ι,
1582 391 1636 434 20
1669 391 1731 434 sio

185 466 399 510 scribens:
445 463 639 508 ffiletel'lus
669 471 766 505 tuus
790 470 848 503 est
875 465 1062 517 egregius
1088 463 1240 503 consul.
1306 465 1439 504 Unum
1469 465 1729 516 reprehendo,

182 541 292 593 quod
316 542 445 580 otium
482 539 679 579 nuntiari
709 552 730 577 e
761 537 903 578 Gallia
938 535 1022 575 no'n
1053 549 1206 588 magno
1242 548 1358 587 opere
1377 537 1545 588 gaudet.
1593 538 1729 589 Cupit,

182 613 322 661 credo,
368 612 646 664 triumphare,
688 607 804 650 unde
832 607 1030 650 videmus
1063 606 1204 648 medio
1239 606 1355 661 quod
1394 606 1505 649 inter
1533 607 1582 650 19
1612 614 1654 650 et
1677 607 1732 650 20

183 682 407 740 epistolam
448 681 690 723 intercessit
726 687 916 736 tempore
961 678 1227 721 sortitionem
1262 678 1379 721 illam
1417 693 1512 721 esse
1559 679 1729 722 factam.

182 757 328 811 Atque
358 755 481 797 etiam
513 753 595 796 alia
623 753 677 794 de
692 752 857 794 Metelli
885 751 1107 808 provincia
1126 750 1283 792 mentio
1310 758 1520 806 superest.
1558 751 1730 794 Etenim

184 828 352 870 Plinius
378 833 463 869 nat.
498 826 592 867 hist.
622 825 681 876 ΙΙ,
709 824 777 875 67,
808 824 886 868 170
917 823 979 866 sic
1009 822 1158 866 tradit:
1206 824 1312 864 Idem
1340 823 1476 877 Nepos
1506 825 1554 864 de
1579 830 1732 877 septen·

183 901 361 942 trionali
388 901 567 940 circuitu
606 899 737 938 tradit
770 899 814 944 Q.
850 898 1017 938 Metello
1064 897 1208 944 Celeri,
1247 897 1300 937 L.
1333 897 1523 949 Afranii
1556 898 1602 936 in
1639 911 1731 938 con-

183 975 326 1013 sulatu
355 974 545 1024 collegae,
575 972 645 1012 secl
670 977 756 1010 tum
777 970 941 1010 Galliae
964 969 1204 1022 proconsuli
1219 969 1337 1009 Indos
1355 983 1382 1008 a
1396 983 1490 1022 rege
1506 971 1730 1011 Sue-vorum

185 1047 290 1086 dono
322 1046 455 1094 datos,
490 1046 564 1096 qui
588 1058 638 1083 ex
671 1042 791 1082 India
821 1042 1056 1081 commercii
1093 1054 1218 1080 causa
1247 1043 1495 1093 navigantes
1523 1047 1731 1095 tempesta-

187 1117 293 1158 tibus
327 1123 455 1157 essent
482 1118 526 1156 z'n
555 1117 822 1156 Germaniam
853 1113 1023 1165 abrepti.
1083 1109 1152 1153 Cf.
1191 1111 1400 1167 Pompon.
1434 1111 1537 1154 Mel.
1563 1112 1654 1164 III,
1692 1113 1732 1164 5,

183 1189 335 1232 iisdem
363 1202 497 1244 prope
529 1185 674 1228 verbis
713 1185 892 1228 eandem
919 1199 1008 1226 rem
1034 1198 1225 1226 narrans.
1285 1183 1459 1237 Quibus
1488 1183 1595 1227 locis
1625 1185 1732 1228 Gal-

183 1262 284 1304 liam
315 1275 399 1302 non
429 1275 524 1302 esse
541 1257 820 1314 Cisalpinam,
852 1257 929 1299 sed
956 1255 1194 1298 necessario
1211 1255 1537 1312 Transalpinam
1563 1256 1732 1299 Suevo-

184 1349 281 1375 rum
314 1332 430 1389 regis
458 1331 614 1374 mentio
644 1329 853 1380 ostendit,
893 1329 966 1384 qui
995 1327 1202 1384 quicquid
1232 1327 1436 1370 Romanis
1462 1328 1600 1379 misit,
1640 1329 1732 1372 sine

184 1405 317 1448 dubio
345 1405 565 1462 proximae
597 1403 839 1461 provinciae
876 1400 1123 1458 proconsuli
1150 1399 1277 1442 misit.
1333 1399 1395 1442 At
1431 1402 1544 1444 enim
1573 1410 1734 1458 negant

183 1477 266 1520 hoc
295 1491 394 1519 cum
422 1476 494 1518 alii
520 1483 611 1518 tum
639 1467 921 1517 Drumannus
951 1473 1050 1515 hist.
1078 1473 1202 1515 Rom.
1229 1472 1326 1516 Vol.
1344 1473 1391 1515 11
1419 1488 1462 1529 p.
1479 1473 1533 1517 28
1560 1474 1732 1531 dicique

181 1557 305 1607 putat
323 1548 508 1592 Galliam
527 1546 791 1604 Cisalpinam
821 1553 948 1601 atque
976 1545 1093 1588 illam
1109 1545 1389 1601 provinciam,
1420 1560 1547 1601 quam
1563 1546 1619 1601 Q.
1635 1547 1731 1590 Me-

183 1622 311 1665 tellus
345 1637 398 1664 ex
434 1628 636 1678 praetura
664 1618 840 1669 habuit,
885 1633 983 1661 cum
1018 1618 1081 1659 Μ.
1109 1614 1265 1659 Cicero
1307 1618 1345 1660 ei
1378 1617 1567 1670 Italiam,
1603 1634 1733 1675 quam

185 1696 279 1752 ipse
314 1695 593 1750 deposuerat,
635 1691 948 1734 decernendam
976 1689 1155 1732 curavit.
1211 1687 1349 1732 Cuius
1380 1690 1592 1747 opinionis
1622 1691 1732 1735 hane

184 1767 411 1824 praecipue
439 1780 613 1808 causam
644 1765 779 1814 affert,
808 1762 925 1819 quod
942 1762 1029 1804 Dio
1053 1761 1305 1812 XXXVII,
1334 1763 1387 1805 50
1417 1778 1516 1806 eum
1544 1778 1598 1806 ex
1629 1777 1731 1806 eon-

186 1839 328 1881 sulatu
364 1838 628 1894 provinciam
663 1835 868 1879 habuisse
906 1842 1048 1891 neget.
1105 1834 1270 1877 Verum
1315 1835 1386 1877 ille
1426 1834 1507 1877 hoc
1555 1836 1731 1892 quidem

182 1926 270 1953 non
294 1918 437 1966 negat3
465 1909 543 1952 sed
569 1916 726 1959 narrat,
763 1923 863 1951 cum
893 1906 948 1960 Q.
981 1906 1183 1949 Metellus
1214 1907 1365 1950 consul
1391 1907 1444 1949 L.
1477 1907 1627 1950 Flavio
1655 1908 1731 1950 tri-

184 1982 302 2025 buno
329 1981 469 2038 plebis
498 1981 638 2037 legem
675 1980 888 2036 agrariam
925 1978 978 2020 de
1009 1978 1370 2034 Pompeianorum
1404 1979 1587 2022 militum
1615 1994 1730 2022 com-

184 2054 324 2097 modis
345 2053 497 2096 ferenti
527 2053 603 2109 (cf.
622 2045 861 2094 Comment.
886 2051 1106 2107 epigraph.
1131 2050 1228 2093 Vol.
1255 2051 1279 2092 I
1307 2066 1348 2107 p.
1367 2051 1470 2107 274)
1500 2051 1730 2103 resisteret,

183 2126 299 2168 hunc
330 2125 536 2167 minatum
565 2139 682 2175 esse,
722 2139 767 2167 se
805 2139 891 2166 non
922 2137 1152 2179 passurum
1187 2137 1282 2164 esse
1309 2122 1535 2166 Metellum
1559 2124 1605 2166 in
1633 2138 1731 2181 pro-

185 2197 370 2239 vinciam
400 2204 510 2239 sorte
535 2204 752 2253 acceptam
778 2196 1017 2252 proficisci,
1049 2209 1135 2250 quo
1160 2195 1274 2237 facto
1304 2196 1523 2239 consulem
1553 2210 1639 2238 non
1663 2196 1730 2238 in-

184 2269 317 2312 vitum
353 2269 397 2310 in
443 2268 552 2311 urbe
591 2268 848 2311 remansisse
890 2268 1057 2325 (οὕκουν
1097 2267 1180 2309 οὐδ’
1218 2267 1336 2313 αὖθις
1373 2270 1636 2324 ἀπειλήσαντι
1673 2271 1732 2324 τῷ

187 2342 386 2397 Φλαουΐῳ
418 2341 522 2396 μηδὲ
549 2340 591 2385 ἐς
617 2341 660 2382 τὸ
691 2340 822 2393 ἔθνος,
854 2340 874 2381 ὃ
905 2340 1235 2394 ἐπεκεκλήρωτο,
1280 2340 1507 2396 ἐπιτρέψειν
1537 2341 1662 2396 αὐτῷ,
1695 2339 1731 2381 εἰ

186 2414 240 2470 μὴ
272 2412 580 2470 συγχωρήσαιέν
613 2413 651 2453 οἱ
679 2411 1044 2467 διανομοθετῆσαι,
1076 2411 1280 2465 ἐξελθεῖν,
1315 2413 1496 2463 ὑπεῖξεν,
1529 2412 1635 2454 ἀλλὰ
1663 2412 1730 2454 καὶ

188 2487 292 2527 πάνυ
325 2485 500 2540 ἅσμενος
528 2485 568 2526 ἐν
598 2488 649 2540 τῇ
676 2484 796 2525 πόλει
825 2483 1093 2540 κατέμεινεν).
1137 2483 1254 2527 Hinc
1284 2484 1482 2527 videmus
1509 2499 1611 2526 sane
1632 2482 1730 2526 Me-

187 2558 336 2600 tellum
366 2557 410 2599 in
439 2556 546 2599 urbe
575 2555 798 2606 mansisse,
831 2555 907 2599 sed
938 2569 1037 2598 eum
1067 2554 1234 2599 Galliae
1263 2572 1349 2600 non
1378 2557 1615 2614 praefuisse
1646 2570 1729 2599 non

185 2630 394 2672 debemus
428 2628 645 2684 colligere.
697 2627 808 2670 Nam
845 2627 1045 2670 tribunus
1077 2627 1214 2684 plebis
1251 2635 1416 2685 poterat
1452 2629 1524 2672 ille
1554 2628 1730 2685 quidem

183 2701 418 2758 impedire,
456 2716 509 2743 ne
549 2700 683 2743 exiret
715 2700 759 2741 in
793 2699 1078 2756 provinciam,
1119 2701 1196 2743 sed
1230 2716 1285 2743 ne
1325 2716 1418 2745 eam
1453 2716 1581 2758 quam
1615 2707 1728 2743 sorte
1759 2696 1762 2699 “

184 2781 404 2830 acceperat
424 2772 703 2830 provinciam,
733 2786 819 2814 non
846 2771 1036 2820 haberet,
1068 2779 1181 2814 certe
1200 2773 1425 2828 prohibere
1447 2787 1532 2815 non
1550 2778 1728 2829 poterat.

184 2845 321 2888 Immo
364 2845 472 2888 duas
511 2859 580 2887 res
619 2859 672 2886 ex
702 2843 859 2886 Dionis
897 2844 992 2886 loco
1031 2844 1271 2895 discemus,
1314 2845 1500 2901 primum
1535 2844 1729 2900 potuisse
