1846 3100
566 139 621 171 De
648 139 821 171 dictatoris
848 137 1003 171 Caesaris
1031 137 1229 169 honoribus.
1590 134 1666 178 231

123 248 270 304 quinta
304 249 409 292 haec
445 249 657 291 dictatura
691 262 788 289 cum
825 247 1035 289 fastorum
1071 245 1418 301 reliquorumque
1448 253 1672 290 auctorum

124 320 379 371 testimonio,
408 320 629 377 probabile
661 319 728 369 sit,
761 319 882 374 prius
910 318 1019 360 illud
1047 319 1090 359 τὸ
1119 318 1300 372 πέμπτον
1330 334 1464 375 prava
1488 319 1672 375 quadam

123 391 394 435 librariorum
434 393 683 449 repetitione
722 391 913 433 extitisse
943 405 1019 432 nec
1049 390 1279 446 quicquam
1311 392 1545 447 profectum
1576 406 1671 434 esse

123 463 177 507 ab
204 465 346 507 Dione
371 465 455 507 nisi
479 465 606 507 haec:
650 462 968 518 ἐδικτατώρευσέ
996 478 1038 503 τε
1068 463 1153 517 ἅμα
1178 462 1379 518 ἵππαρχον
1410 465 1475 505 τὸν
1497 464 1670 505 Λέπιδον

122 537 361 591 προςλαβὼν
394 538 460 578 καὶ
491 538 691 577 ὑπάτευσε
721 536 764 576 τὸ
796 534 976 588 πέμπτον
1007 542 1085 576 cet.
1133 534 1407 590 Quamquam
1429 543 1672 592 corruptam

121 609 235 650 illam
260 608 485 651 lectionem
512 614 686 650 secutus
714 615 779 649 est
807 607 933 648 etiam
959 607 1032 662 qui
1057 607 1239 663 singulis
1257 608 1413 650 Dionis
1435 609 1555 651 libris
1574 608 1672 652 bre-

123 696 219 723 vem
245 680 360 722 illam
390 680 592 736 temporis
619 679 876 720 notationem
909 679 1147 735 seriemque
1166 680 1394 722 consulum
1414 681 1670 737 anteposuit,

121 752 196 808 qui
236 767 334 795 cum
369 768 422 794 ex
459 751 662 800 triennio,
706 751 820 806 quod
853 750 962 793 libro
992 751 1152 794 XLIII
1183 753 1443 802 continetur,
1484 753 1671 808 primum

121 840 280 866 annum
319 822 505 866 Caesare
545 824 751 866 dictatore
784 824 852 865 ΙΙΙ
890 838 976 865 cos.
1013 824 1103 874 ΙΙΙ,
1146 825 1326 866 alterum
1367 824 1573 867 dictatore
1605 825 1670 868 IV

123 911 208 939 cos.
226 896 304 947 IV,
334 896 471 938 notari
502 896 695 945 vidisset,
723 895 847 937 facile
878 895 921 936 in
952 910 1043 936 eam
1076 897 1325 938 sententiam
1354 897 1570 940 deductus
1593 905 1670 947 est,

122 978 170 1011 ut
208 969 334 1011 etiam
372 969 544 1010 tertium
574 983 755 1017 annum,
798 982 884 1023 quo
911 982 1062 1027 rursus
1095 967 1347 1011 dictatorem
1378 977 1419 1010 et
1451 969 1670 1011 consulem

121 1041 344 1091 inveniret,
374 1040 525 1083 eodem
556 1040 799 1095 dictaturae
820 1055 1011 1089 numero,
1047 1055 1173 1095 quem
1204 1042 1451 1083 consulatus
1482 1041 1670 1091 haberet,

122 1113 355 1155 notandum
397 1128 491 1154 esse
533 1112 814 1154 existimaret:
862 1127 947 1167 quo
989 1127 1131 1155 errore
1171 1113 1297 1155 etiam
1340 1113 1478 1169 ipsius
1515 1114 1670 1155 Dionis

121 1185 305 1227 editores
343 1185 516 1227 videtur
552 1184 788 1240 decepisse.
858 1184 948 1226 Sed
985 1194 1098 1227 certe
1126 1186 1231 1228 haec
1256 1201 1465 1227 annorum
1493 1201 1671 1242 compu-

122 1256 224 1299 tatio
253 1272 307 1299 ex
337 1258 452 1307 eius,
482 1257 557 1312 qui
583 1257 777 1312 scripsit,
810 1257 985 1312 ingenio
1018 1258 1226 1307 manavit,
1260 1258 1348 1300 Dio
1377 1258 1549 1314 quidem
1578 1258 1671 1314 ipse

122 1344 334 1384 nusquam
373 1344 427 1371 ne
466 1335 659 1384 quartam
700 1329 875 1384 quidem
920 1330 1173 1372 dictaturam
1217 1331 1402 1386 appellat
1443 1346 1581 1386 neque
1627 1332 1670 1373 in

121 1401 443 1457 magistratibus
470 1402 569 1443 anni
591 1401 643 1443 45
671 1401 942 1443 nominandis
963 1401 1078 1456 (libr.
1096 1403 1270 1452 XLIII,
1289 1403 1362 1457 46)
1382 1403 1486 1446 alios
1504 1411 1673 1460 praeter

121 1473 320 1515 consules
347 1473 486 1516 habet.
529 1474 703 1530 Pugnat
732 1481 874 1515 autem
905 1474 1010 1517 haec
1032 1475 1180 1530 quinta
1197 1490 1305 1529 quae
1324 1483 1498 1531 putatur
1513 1476 1670 1518 Dionis

121 1545 334 1588 dictatura
359 1561 457 1588 cum
484 1546 605 1588 fastis
636 1546 896 1602 reliquisque
927 1547 1174 1589 auctoribus
1207 1555 1333 1602 atque
1363 1548 1457 1604 ipsa
1484 1549 1546 1590 rei
1575 1564 1671 1604 pro-

122 1616 339 1659 babilitate
370 1633 455 1660 non
484 1626 649 1660 tantum
678 1619 723 1660 in
753 1633 933 1660 numero
965 1619 1213 1670 dicta-turae,
1245 1620 1322 1662 sed
1353 1620 1479 1662 etiam
1506 1620 1548 1661 in
1582 1636 1671 1662 ma-

122 1689 257 1745 gistro
288 1689 491 1744 equitum.
552 1689 661 1732 Nam
687 1706 784 1731 cum
813 1690 881 1731 hic
908 1706 1080 1746 quoque
1108 1691 1171 1733 M.
1190 1692 1385 1748 Lepidus
1409 1707 1522 1748 mag.
1550 1692 1672 1748 equi-

121 1768 212 1802 tum
241 1761 501 1812 ascribatur,
533 1762 638 1816 quid
668 1770 753 1804 tam
784 1762 874 1803 veri
905 1762 1133 1813 dissimile,
1168 1778 1294 1818 quam
1326 1764 1512 1806 eundem
1542 1765 1667 1807 tertio

121 1833 355 1876 refectum?
411 1834 530 1876 Fasti
565 1849 666 1876 vero
697 1841 840 1890 aperte
870 1833 920 1876 C.
940 1833 1172 1876 Octavium
1201 1835 1300 1877 anni
1330 1836 1383 1877 45
1415 1837 1668 1892 magistrum

121 1907 312 1962 equitum
356 1906 558 1948 exhibent
585 1906 888 1963 Lepidumque
926 1907 1031 1948 dum
1067 1907 1110 1948 in
1151 1907 1414 1963 provinciam
1451 1907 1588 1950 abiret
1617 1924 1671 1950 ex

122 1979 335 2034 superiore
367 1979 580 2021 dictatura
608 1987 819 2029 retentum
852 1994 948 2021 esse
978 1979 1223 2021 ostendunt..
1273 1980 1392 2022 Perit
1418 1980 1553 2037 igitur
1583 1988 1672 2024 tota

120 2051 270 2106 quinta
286 2049 485 2093 Caesaris
508 2051 720 2094 dictatura
738 2066 817 2094 nec
835 2051 1091 2106 relinquitur
1111 2051 1193 2093 nisi
1209 2059 1372 2106 quarta,
1395 2067 1504 2107 quae
1521 2053 1670 2096 eadem

121 2123 203 2165 fuit
242 2123 413 2173 ultima,
451 2139 561 2179 quae
596 2124 795 2179 quoniam
834 2123 1088 2165 dictaturam
1129 2131 1377 2179 perpetuam
1417 2124 1600 2168 delatam
1631 2126 1670 2168 ei

121 2210 216 2238 esse
242 2203 407 2238 constat
434 2199 567 2254 (App.
584 2195 681 2238 bell.
700 2195 780 2238 civ,
797 2195 854 2245 ΙΙ,
881 2195 977 2244 107;
1006 2194 1092 2236 Dio
1108 2194 1279 2245 XLIV,
1297 2197 1322 2239 8
1341 2203 1382 2238 et
1399 2196 1571 2247 XLVI,
1598 2198 1669 2248 17;

121 2268 235 2310 Plut.
267 2265 393 2310 Caes.
423 2268 500 2318 573
532 2266 624 2310 Cic.
650 2268 760 2310 Phil.
778 2268 836 2318 II,
862 2268 914 2310 34
942 2270 1056 2321 cet.)‚
1087 2267 1329 2308 necessario
1358 2267 1418 2318 fit,
1448 2276 1496 2310 ut
1521 2269 1670 2312 eadem

121 2339 257 2382 fuisse
297 2339 564 2381 existimetur
600 2348 819 2396 perpetua.
873 2338 938 2382 At
976 2346 1123 2381 contra
1160 2339 1270 2381 hauc
1308 2354 1398 2381 rem
1428 2340 1516 2383 duo
1546 2357 1670 2397 prae-

122 2411 246 2467 cipue
285 2419 538 2467 argumenta
579 2420 620 2454 et
659 2419 842 2468 possunt
885 2411 1027 2454 afferri
1070 2418 1110 2452 et
1152 2411 1400 2453 afferuntur.
1475 2412 1670 2455 Primum

123 2483 236 2525 enim
265 2485 429 2526 nummi
461 2492 561 2526 sunt
588 2485 684 2534 alii,
714 2485 758 2525 in
787 2483 944 2539 quibus
966 2481 1128 2526 Caesar
1156 2482 1316 2524 dicitur
1340 2481 1462 2525 DIC·
1485 2484 1668 2537 QVAR-

112 2563 164 2597 ⁴ct
193 2553 324 2597 COS·
348 2555 551 2610 QVINC-
584 2556 783 2612 (Eckhel.
813 2556 948 2598 doctr.
977 2570 1138 2597 numm.
1161 2553 1225 2596 VI
1256 2569 1295 2609 p.
1318 2555 1365 2604 83
1401 2553 1563 2598 Caved.
1590 2556 1618 2598 1.
1638 2557 1667 2598 l.

121 2642 164 2682 p.
188 2627 296 2681 153),
323 2628 408 2678 alii,
435 2628 479 2670 in
508 2628 667 2684 quibus
697 2626 818 2670 DIC·
841 2624 1181 2675 PERPETVO,
1212 2626 1328 2668 unde
1355 2641 1452 2672 cum
1480 2627 1524 2669 in
1550 2627 1669 2670 nullo

122 2714 296 2741 nummo
324 2707 475 2755 quarta
505 2700 716 2742 dictatura
740 2706 781 2742 et
801 2706 1005 2755 perpetua
1035 2697 1286 2740 coniunctae
1317 2698 1530 2754 legantur,
1559 2699 1670 2743 hanc

123 2770 176 2813 ab
205 2771 279 2814 illa
308 2771 524 2814 diversam
561 2772 728 2827 alioque
765 2779 954 2828 tempore
993 2779 1159 2828 gestam
1190 2785 1284 2813 esse
1320 2771 1541 2827 colligunt.
1600 2770 1669 2814 Ac

125 2841 327 2898 colligant
358 2858 484 2901 posse
511 2859 605 2887 esse
633 2843 861 2894 diversam,
894 2859 1070 2887 necesse
1093 2859 1186 2886 esse
1208 2858 1291 2885 non
1314 2850 1427 2885 recte
1447 2842 1667 2901 colligunt.
