1846 3100
223 145 302 188 190
562 149 616 181 De
645 147 758 181 Gallia
782 148 1013 181 Romanorum
1039 149 1213 190 provincia
1235 148 1417 191 appendix.

219 256 336 299 visse
379 257 579 307 concedi,
625 257 699 312 qui
743 256 836 298 dies
876 271 963 299 non
1005 257 1157 313 procul
1197 256 1367 300 abesset
1408 257 1462 300 ab
1505 256 1598 301 Cal.
1636 258 1765 301 Mart.

221 328 346 383 Quae
383 345 511 385 quam
548 330 710 371 ineerta
745 336 787 371 et
824 329 1073 372 blandiendi
1115 329 1254 386 magis
1289 345 1417 386 quam
1445 330 1766 374 demonstrandi

220 416 351 445 causa
382 403 466 444 sint
496 402 732 458 disputata,
774 417 859 444 non
889 417 999 458 opus
1029 408 1092 444 est
1120 402 1275 445 dicere.
1332 403 1547 458 Equidem
1576 402 1658 446 sub
1685 403 1766 445 im-

219 474 486 531 peratoribus
527 477 644 529 (nam
679 473 888 516 libertatis
926 474 1121 516 exeuntis
1157 481 1294 517 aetate
1324 475 1430 517 haee
1454 475 1509 518 ad
1542 475 1765 519 arbitrium

218 547 519 603 imperatorum
558 547 670 588 facta
706 561 801 589 esse
837 547 929 602 ipse
966 546 1279 590 Mommsenius
1316 548 1492 602 fatetur)
1530 549 1766 591 voluntario

221 619 355 662 milite
397 619 639 662 constitisse
672 618 866 674 intelligo
905 618 1122 675 legiones,
1163 619 1356 663 delectus
1384 620 1439 662 ad
1472 620 1764 671 necessitates,

219 707 400 747 quarum
438 692 584 734 nullus
617 699 758 734 certus
789 691 883 733 dies
914 706 1009 733 esse
1041 698 1201 747 potest,
1244 692 1480 743 adhibitos3
1527 693 1766 735 voluntario

219 771 362 807 autem
396 764 517 806 militi
554 763 700 806 nullus
738 763 831 805 dies
869 763 1083 806 ineundae
1124 764 1298 806 militiae
1338 773 1478 820 potest
1517 764 1765 821 praescribi.

219 837 443 879 Missionis
471 837 654 891 denique
680 850 908 878 concessae
927 843 1096 892 tempus
1114 836 1320 879 extribus
1342 838 1547 894 exemplis
1571 841 1688 894 (nam
1705 845 1767 880 tot

221 909 426 964 citantur)
458 908 625 951 definiri
653 909 814 964 nequit,
846 924 925 951 nec
952 909 1092 959 video,
1121 924 1199 951 cur
1226 909 1398 952 omnino
1426 917 1568 954 certus
1599 910 1693 951 dies
1721 910 1765 952 in

221 996 271 1024 ea
299 997 346 1024 re
376 989 571 1024 servatus
600 981 667 1023 sit.

331 1054 623 1097 Veruntamen
661 1060 776 1095 esto:
824 1053 982 1095 fuerint
1009 1051 1101 1095 Cal.
1132 1053 1260 1096 Mart.
1298 1054 1358 1097 ita
1396 1055 1511 1111 apud
1547 1055 1764 1098 Romanos

220 1126 491 1175 observatae,
531 1133 579 1168 ut
618 1125 670 1167 iis
711 1125 860 1168 militia
898 1132 939 1167 et
973 1125 1153 1168 iniretur
1182 1142 1207 1169 a
1232 1127 1440 1170 militibus
1474 1129 1685 1185 gregariis
1726 1135 1766 1170 et

221 1199 528 1254 deponeretur:
560 1197 664 1252 quid
688 1198 770 1239 hoc
796 1198 979 1254 pertinet
1010 1198 1065 1240 ad
1093 1199 1380 1250 centuriones,
1407 1201 1661 1256 praefectos,
1690 1200 1766 1242 tri-

219 1270 373 1318 bunos,
401 1270 595 1325 legatos?
651 1270 802 1326 Neque
832 1271 942 1312 enim
970 1271 1086 1326 quod
1113 1271 1226 1313 cadit
1251 1271 1295 1313 in
1321 1272 1430 1322 illos,
1458 1273 1572 1315 idem
1601 1279 1766 1329 oportet

221 1344 373 1386 cadere
409 1343 453 1385 in
490 1343 582 1385 hos.
640 1343 771 1385 Velut
809 1343 936 1385 hodie
972 1344 1013 1385 in
1058 1351 1204 1386 nostra
1232 1343 1401 1386 civitate
1433 1345 1564 1388 moris
1594 1353 1680 1395 est,
1719 1353 1767 1387 ut

219 1417 286 1459 bis
325 1431 404 1472 per
439 1431 599 1458 annum
637 1415 756 1458 statis
795 1415 949 1458 diebus
984 1415 1176 1459 delectus
1214 1416 1472 1468 habeantur,
1526 1417 1603 1460 sed
1641 1432 1765 1460 nemo
1835 1436 1840 1441 ·

218 1496 444 1545 propterea
480 1488 775 1530 centurionum
818 1496 859 1530 et
895 1488 1166 1531 tribunorum
1203 1497 1245 1531 et
1281 1490 1523 1546 legatorum
1555 1490 1767 1546 stipendia

219 1561 272 1604 ab
301 1561 457 1603 iisdem
487 1561 642 1603 diebus
672 1561 888 1603 numerari
916 1561 1186 1603 existimabit.
1229 1561 1319 1604 Nec
1346 1562 1567 1605 dissimilis
1594 1570 1659 1606 est
1677 1563 1765 1605 Ro-

220 1649 370 1676 manae
402 1634 576 1676 militiae
603 1633 709 1676 ordo
738 1633 819 1676 sub
848 1633 1176 1690 imperatoribus
1203 1641 1330 1685 certe,
1369 1634 1449 1677 sub
1479 1634 1637 1690 quibus
1667 1650 1765 1677 cum

220 1707 431 1748 exereitus
471 1722 496 1748 a
524 1705 846 1761 magistratibus
879 1713 1201 1762 separarentur,
1241 1714 1367 1762 prout
1398 1707 1644 1763 imperatori
1674 1707 1765 1763 pla-

221 1779 403 1829 cuisset,
444 1778 649 1835 praefecti
686 1779 756 1820 vel
793 1779 1072 1821 sumebantur
1107 1779 1175 1821 vel
1213 1778 1548 1835 deponebantur.
1618 1778 1765 1833 Quare

219 1851 384 1894 etiamsi
423 1851 476 1893 de
519 1850 727 1893 militibus
765 1851 997 1907 gregariis,
1037 1851 1210 1906 quando
1247 1851 1402 1894 milites
1442 1851 1534 1894 fieri
1566 1852 1764 1902 solerent,

220 1930 446 1974 constaret,
478 1938 564 1965 non
595 1930 857 1978 sequeretur,
894 1931 942 1964 ut
969 1924 1120 1965 eodem
1147 1930 1337 1979 tempore
1368 1924 1567 1966 consules
1584 1930 1626 1966 et
1641 1938 1764 1981 prae-

219 2003 333 2037 tores
365 2003 407 2038 et
435 2003 587 2051 postea
614 1996 746 2051 legati
775 1996 933 2051 quique
966 1994 1036 2037 alii
1067 1995 1326 2037 exercitibus
1351 2002 1595 2051 praeerant,
1627 1995 1764 2051 impe-

219 2067 330 2109 rium
361 2067 555 2109 inissent.
607 2067 754 2110 Huius
781 2074 922 2109 autem
950 2067 1011 2108 rei
1040 2067 1353 2110 Mommsenius
1389 2067 1554 2109 nullum
1587 2082 1764 2124 prorsus

220 2147 519 2196 argumentum
559 2140 720 2189 attulit,
761 2140 838 2182 sed
876 2147 1090 2195 tamquam
1130 2139 1247 2180 nulla
1285 2138 1495 2181 dubitatio
1537 2154 1764 2196 superesse

219 2220 388 2269 posset,
429 2212 546 2268 quod
586 2212 630 2254 in
675 2211 883 2254 militibus
922 2211 1198 2268 praetorianis
1234 2218 1424 2267 tempore
1462 2211 1764 2268 imperatorum

219 2285 428 2341 reperisse
468 2283 549 2326 sibi
588 2284 707 2326 visus
737 2291 846 2333 erat,
887 2283 934 2325 id
970 2283 1026 2326 ad
1053 2284 1231 2340 imperia
1261 2283 1486 2326 consulum
1517 2291 1558 2326 et
1583 2299 1764 2341 procon-

221 2358 364 2400 sulum
393 2364 435 2399 et
463 2363 708 2413 praetorum
736 2354 965 2397 transtulit.

332 2430 393 2471 At
428 2428 555 2471 etiam
597 2428 708 2470 ultra
747 2426 1028 2483 progreditur.
1082 2427 1271 2477 Iudicia,
1309 2427 1449 2483 inquit
1478 2442 1518 2483 p.
1547 2427 1623 2478 21,
1664 2443 1765 2470 con-

218 2500 364 2543 iuncta
405 2508 506 2543 sunt
541 2515 639 2543 cum
678 2499 880 2555 imperio,
919 2514 1051 2554 quare
1087 2500 1122 2541 si
1150 2499 1319 2556 imperii
1348 2506 1490 2542 certus
1519 2499 1695 2555 quidam
1724 2507 1765 2542 et

219 2573 274 2615 ab
302 2573 472 2629 vulgari
503 2573 701 2615 diversus
732 2571 814 2613 fuit
841 2586 994 2622 annus,
1024 2571 1139 2614 idem
1163 2572 1296 2614 valuit
1324 2572 1368 2614 in
1392 2572 1579 2614 iudiciis.
1623 2571 1764 2614 Testi-

219 2644 359 2686 monia
391 2652 532 2687 tamen
566 2644 646 2687 hac
679 2644 729 2699 ‘in
760 2658 806 2685 re
836 2658 1013 2698 prorsus
1041 2643 1193 2687 deesse
1222 2644 1303 2694 ait,
1343 2644 1467 2700 quasi
1495 2659 1650 2700 magna
1678 2644 1766 2686 ulla

219 2717 407 2759 attulerit
446 2717 499 2760 de
539 2716 731 2772 imperio.
812 2715 901 2758 Sed
940 2723 1193 2772 argumenta
1231 2723 1371 2759 tamen
1409 2716 1619 2772 quaedam
1655 2731 1764 2766 esse,

218 2789 335 2831 unde
364 2789 624 2832 iudiciorum
653 2803 703 2831 ac
727 2788 864 2830 litium
890 2788 1150 2845 principium
1176 2804 1201 2829 a
1217 2786 1310 2833 Cal.
1327 2788 1495 2831 Martiis
1522 2788 1622 2830 duci
1648 2787 1765 2844 apud

220 2860 434 2903 Romanos
477 2861 753 2903 consuevisse
791 2860 1056 2915 colligamus.
1109 2861 1334 2903 Praetores
1377 2861 1488 2902 enim
1528 2859 1763 2915 praefuisse
