<?xml version="1.0" encoding="UTF-8"?>
<!DOCTYPE html PUBLIC "-//W3C//DTD XHTML 1.0 Transitional//EN"
    "http://www.w3.org/TR/xhtml1/DTD/xhtml1-transitional.dtd">
<html xmlns="http://www.w3.org/1999/xhtml" xml:lang="en" lang="en">
 <head>
  <title>
</title>
<meta http-equiv="Content-Type" content="text/html;charset=utf-8" />
  <meta name='ocr-system' content='tesseract 3.04.00' />
  <meta name='ocr-capabilities' content='ocr_page ocr_carea ocr_par ocr_line ocrx_word'/>
</head>
<body>
  <div class='ocr_page' id='page_1' title='image "./studiaromanasive00zump_0052.png"; bbox 0 0 1846 3100; ppageno 0'>
   <div class='ocr_carea' id='block_1_1' title="bbox 135 124 1239 171">
    <p class='ocr_par' dir='ltr' id='par_1_1' title="bbox 135 124 1239 171">
     <span class='ocr_line' id='line_1_1' title="bbox 135 124 1239 171; baseline 0.002 -14"><span class='ocrx_word' id='word_1_1' title='bbox 135 125 188 168; x_wconf 80' lang='lat'>40</span> <span class='ocrx_word' id='word_1_2' title='bbox 327 165 334 169; x_wconf 17' lang='grc' dir='ltr'>ἡ</span> <span class='ocrx_word' id='word_1_3' title='bbox 575 126 630 158; x_wconf 85' lang='lat' dir='ltr'>De</span> <span class='ocrx_word' id='word_1_4' title='bbox 655 124 770 158; x_wconf 84' lang='lat' dir='ltr'>Gallia</span> <span class='ocrx_word' id='word_1_5' title='bbox 795 125 1029 158; x_wconf 83' lang='lat' dir='ltr'>Romanorum</span> <span class='ocrx_word' id='word_1_6' title='bbox 1055 128 1239 171; x_wconf 82' lang='lat' dir='ltr'>provincia.</span> 
     </span>
    </p>
   </div>
   <div class='ocr_carea' id='block_1_2' title="bbox 74 233 1687 2750">
    <p class='ocr_par' dir='ltr' id='par_1_2' title="bbox 132 233 1687 945">
     <span class='ocr_line' id='line_1_2' title="bbox 133 233 1685 293; baseline 0 -14"><span class='ocrx_word' id='word_1_7' title='bbox 133 236 228 279; x_wconf 90' lang='lat' dir='ltr'>illas</span> <span class='ocrx_word' id='word_1_8' title='bbox 256 242 406 293; x_wconf 82' lang='lat' dir='ltr'>gentes</span> <span class='ocrx_word' id='word_1_9' title='bbox 435 234 639 278; x_wconf 87' lang='lat' dir='ltr'>barbaras</span> <span class='ocrx_word' id='word_1_10' title='bbox 664 248 715 277; x_wconf 89' lang='lat' dir='ltr'>ac</span> <span class='ocrx_word' id='word_1_11' title='bbox 740 234 853 276; x_wconf 85' lang='lat' dir='ltr'>feras</span> <span class='ocrx_word' id='word_1_12' title='bbox 888 233 962 277; x_wconf 89' lang='lat' dir='ltr'>vix</span> <span class='ocrx_word' id='word_1_13' title='bbox 985 249 1141 292; x_wconf 86' lang='lat' dir='ltr'>magna</span> <span class='ocrx_word' id='word_1_14' title='bbox 1157 249 1255 278; x_wconf 93' lang='lat' dir='ltr'>cum</span> <span class='ocrx_word' id='word_1_15' title='bbox 1272 236 1465 279; x_wconf 89' lang='lat' dir='ltr'>molestia</span> <span class='ocrx_word' id='word_1_16' title='bbox 1489 236 1685 288; x_wconf 88' lang='lat' dir='ltr'>domitas,</span> 
     </span>
     <span class='ocr_line' id='line_1_3' title="bbox 135 306 1686 365; baseline -0.001 -14"><span class='ocrx_word' id='word_1_17' title='bbox 135 308 232 365; x_wconf 88' lang='lat' dir='ltr'>quis</span> <span class='ocrx_word' id='word_1_18' title='bbox 263 314 410 351; x_wconf 91' lang='lat' dir='ltr'>censet</span> <span class='ocrx_word' id='word_1_19' title='bbox 440 308 509 351; x_wconf 88' lang='lat' dir='ltr'>vel</span> <span class='ocrx_word' id='word_1_20' title='bbox 525 306 771 350; x_wconf 81' lang='lat' dir='ltr'>Latinitatis</span> <span class='ocrx_word' id='word_1_21' title='bbox 802 307 871 349; x_wconf 91' lang='lat' dir='ltr'>vel</span> <span class='ocrx_word' id='word_1_22' title='bbox 891 306 1075 350; x_wconf 89' lang='lat' dir='ltr'>civitatis</span> <span class='ocrx_word' id='word_1_23' title='bbox 1097 307 1305 351; x_wconf 90' lang='lat' dir='ltr'>beneficio</span> <span class='ocrx_word' id='word_1_24' title='bbox 1326 308 1462 351; x_wconf 86' lang='lat' dir='ltr'>fuisse</span> <span class='ocrx_word' id='word_1_25' title='bbox 1482 308 1686 352; x_wconf 83' lang='lat' dir='ltr'>affectas?</span> 
     </span>
     <span class='ocr_line' id='line_1_4' title="bbox 135 379 1686 438; baseline 0 -15"><span class='ocrx_word' id='word_1_26' title='bbox 135 380 363 435; x_wconf 79' lang='lat' dir='ltr'>Quosdam</span> <span class='ocrx_word' id='word_1_27' title='bbox 393 380 590 437; x_wconf 91' lang='lat' dir='ltr'>populos,</span> <span class='ocrx_word' id='word_1_28' title='bbox 617 380 691 435; x_wconf 93' lang='lat' dir='ltr'>qui</span> <span class='ocrx_word' id='word_1_29' title='bbox 720 386 900 435; x_wconf 83' lang='lat' dir='ltr'>utraque</span> <span class='ocrx_word' id='word_1_30' title='bbox 929 379 1054 422; x_wconf 88' lang='lat' dir='ltr'>etiam</span> <span class='ocrx_word' id='word_1_31' title='bbox 1083 380 1213 422; x_wconf 91' lang='lat' dir='ltr'>Plinii</span> <span class='ocrx_word' id='word_1_32' title='bbox 1244 387 1433 438; x_wconf 88' lang='lat' dir='ltr'>tempore</span> <span class='ocrx_word' id='word_1_33' title='bbox 1460 381 1686 432; x_wconf 81' lang='lat' dir='ltr'>caruerint,</span> 
     </span>
     <span class='ocr_line' id='line_1_5' title="bbox 134 450 1686 510; baseline 0 -15"><span class='ocrx_word' id='word_1_34' title='bbox 134 453 356 496; x_wconf 82' lang='lat' dir='ltr'>attulimus</span> <span class='ocrx_word' id='word_1_35' title='bbox 392 453 437 495; x_wconf 90' lang='lat' dir='ltr'>in</span> <span class='ocrx_word' id='word_1_36' title='bbox 477 450 716 494; x_wconf 89' lang='lat' dir='ltr'>Comment.</span> <span class='ocrx_word' id='word_1_37' title='bbox 752 451 975 508; x_wconf 86' lang='lat' dir='ltr'>epigraph.</span> <span class='ocrx_word' id='word_1_38' title='bbox 1002 452 1026 494; x_wconf 95' lang='lat' dir='ltr'>I</span> <span class='ocrx_word' id='word_1_39' title='bbox 1065 467 1120 509; x_wconf 15' lang='lat' dir='ltr'>p..</span> <span class='ocrx_word' id='word_1_40' title='bbox 1139 452 1240 503; x_wconf 83' lang='grc'>488,</span> <span class='ocrx_word' id='word_1_41' title='bbox 1275 453 1381 496; x_wconf 89' lang='lat' dir='ltr'>alios</span> <span class='ocrx_word' id='word_1_42' title='bbox 1418 453 1686 510; x_wconf 77' lang='lat' dir='ltr'>apertissime</span> 
     </span>
     <span class='ocr_line' id='line_1_6' title="bbox 132 522 1687 580; baseline 0.001 -13"><span class='ocrx_word' id='word_1_43' title='bbox 132 525 294 568; x_wconf 88' lang='lat' dir='ltr'>indicat</span> <span class='ocrx_word' id='word_1_44' title='bbox 322 525 435 568; x_wconf 89' lang='lat' dir='ltr'>Plin.</span> <span class='ocrx_word' id='word_1_45' title='bbox 465 531 551 567; x_wconf 87' lang='lat' dir='ltr'>nat.</span> <span class='ocrx_word' id='word_1_46' title='bbox 583 523 682 566; x_wconf 89' lang='lat' dir='ltr'>hist.</span> <span class='ocrx_word' id='word_1_47' title='bbox 715 522 804 573; x_wconf 91' lang='lat' dir='ltr'>III,</span> <span class='ocrx_word' id='word_1_48' title='bbox 831 522 907 573; x_wconf 78' lang='lat'>20,</span> <span class='ocrx_word' id='word_1_49' title='bbox 937 538 1033 575; x_wconf 90' lang='lat' dir='ltr'>eos,</span> <span class='ocrx_word' id='word_1_50' title='bbox 1062 525 1136 580; x_wconf 87' lang='lat' dir='ltr'>qui</span> <span class='ocrx_word' id='word_1_51' title='bbox 1166 525 1235 568; x_wconf 89' lang='lat' dir='ltr'>vel</span> <span class='ocrx_word' id='word_1_52' title='bbox 1262 525 1377 568; x_wconf 89' lang='lat' dir='ltr'>cives</span> <span class='ocrx_word' id='word_1_53' title='bbox 1405 525 1586 568; x_wconf 85' lang='lat' dir='ltr'>Romani</span> <span class='ocrx_word' id='word_1_54' title='bbox 1617 526 1687 568; x_wconf 89' lang='lat' dir='ltr'>vel</span> 
     </span>
     <span class='ocr_line' id='line_1_7' title="bbox 133 595 1686 654; baseline 0 -14"><span class='ocrx_word' id='word_1_55' title='bbox 133 597 279 640; x_wconf 85' lang='lat' dir='ltr'>Latini</span> <span class='ocrx_word' id='word_1_56' title='bbox 304 604 460 648; x_wconf 81' lang='lat' dir='ltr'>essent,</span> <span class='ocrx_word' id='word_1_57' title='bbox 495 595 724 653; x_wconf 89' lang='lat' dir='ltr'>separatim</span> <span class='ocrx_word' id='word_1_58' title='bbox 746 596 985 646; x_wconf 87' lang='lat' dir='ltr'>nominans,</span> <span class='ocrx_word' id='word_1_59' title='bbox 1016 611 1199 651; x_wconf 91' lang='lat' dir='ltr'>quorum</span> <span class='ocrx_word' id='word_1_60' title='bbox 1229 597 1432 640; x_wconf 88' lang='lat' dir='ltr'>maiorem</span> <span class='ocrx_word' id='word_1_61' title='bbox 1447 604 1612 654; x_wconf 89' lang='lat' dir='ltr'>partem</span> <span class='ocrx_word' id='word_1_62' title='bbox 1632 596 1686 640; x_wconf 87' lang='lat' dir='ltr'>ab</span> 
     </span>
     <span class='ocr_line' id='line_1_8' title="bbox 133 667 1686 724; baseline 0 -12"><span class='ocrx_word' id='word_1_63' title='bbox 133 670 356 713; x_wconf 86' lang='lat' dir='ltr'>Hadriano</span> <span class='ocrx_word' id='word_1_64' title='bbox 385 670 558 712; x_wconf 89' lang='lat' dir='ltr'>demum</span> <span class='ocrx_word' id='word_1_65' title='bbox 589 683 639 710; x_wconf 90' lang='lat' dir='ltr'>ac</span> <span class='ocrx_word' id='word_1_66' title='bbox 670 667 876 724; x_wconf 81' lang='lat' dir='ltr'>deinceps</span> <span class='ocrx_word' id='word_1_67' title='bbox 917 668 1078 711; x_wconf 86' lang='lat' dir='ltr'>civitati</span> <span class='ocrx_word' id='word_1_68' title='bbox 1105 669 1323 713; x_wconf 87' lang='lat' dir='ltr'>Romanae</span> <span class='ocrx_word' id='word_1_69' title='bbox 1351 669 1564 712; x_wconf 86' lang='lat' dir='ltr'>admotam</span> <span class='ocrx_word' id='word_1_70' title='bbox 1591 685 1686 712; x_wconf 91' lang='lat' dir='ltr'>esse</span> 
     </span>
     <span class='ocr_line' id='line_1_9' title="bbox 132 739 1685 800; baseline -0.002 -14"><span class='ocrx_word' id='word_1_71' title='bbox 132 758 186 785; x_wconf 86' lang='lat' dir='ltr'>ex</span> <span class='ocrx_word' id='word_1_72' title='bbox 215 743 473 800; x_wconf 86' lang='lat' dir='ltr'>Tergestino</span> <span class='ocrx_word' id='word_1_73' title='bbox 510 742 634 784; x_wconf 91' lang='lat' dir='ltr'>titulo</span> <span class='ocrx_word' id='word_1_74' title='bbox 663 740 788 784; x_wconf 86' lang='lat' dir='ltr'>Fabii</span> <span class='ocrx_word' id='word_1_75' title='bbox 818 739 971 783; x_wconf 88' lang='lat' dir='ltr'>Severi</span> <span class='ocrx_word' id='word_1_76' title='bbox 1005 741 1227 785; x_wconf 83' lang='lat' dir='ltr'>discimus.</span> <span class='ocrx_word' id='word_1_77' title='bbox 1289 742 1407 785; x_wconf 92' lang='lat' dir='ltr'>Nihil</span> <span class='ocrx_word' id='word_1_78' title='bbox 1442 742 1576 799; x_wconf 88' lang='lat' dir='ltr'>igitur</span> <span class='ocrx_word' id='word_1_79' title='bbox 1607 748 1685 793; x_wconf 88' lang='lat' dir='ltr'>est,</span> 
     </span>
     <span class='ocr_line' id='line_1_10' title="bbox 133 813 1686 872; baseline -0.001 -14"><span class='ocrx_word' id='word_1_80' title='bbox 133 816 251 872; x_wconf 92' lang='lat' dir='ltr'>quod</span> <span class='ocrx_word' id='word_1_81' title='bbox 284 815 410 858; x_wconf 90' lang='lat' dir='ltr'>etiam</span> <span class='ocrx_word' id='word_1_82' title='bbox 445 820 544 871; x_wconf 89' lang='lat' dir='ltr'>post</span> <span class='ocrx_word' id='word_1_83' title='bbox 583 813 725 870; x_wconf 84' lang='lat' dir='ltr'>legem</span> <span class='ocrx_word' id='word_1_84' title='bbox 763 813 916 856; x_wconf 85' lang='lat' dir='ltr'>Iuliam</span> <span class='ocrx_word' id='word_1_85' title='bbox 953 814 997 856; x_wconf 93' lang='lat' dir='ltr'>in</span> <span class='ocrx_word' id='word_1_86' title='bbox 1029 814 1342 871; x_wconf 84' lang='lat' dir='ltr'>Transpadana</span> <span class='ocrx_word' id='word_1_87' title='bbox 1373 813 1516 858; x_wconf 87' lang='lat' dir='ltr'>Gallia</span> <span class='ocrx_word' id='word_1_88' title='bbox 1550 814 1686 857; x_wconf 87' lang='lat' dir='ltr'>fuisse</span> 
     </span>
     <span class='ocr_line' id='line_1_11' title="bbox 132 885 1173 945; baseline -0.001 -15"><span class='ocrx_word' id='word_1_89' title='bbox 132 903 343 945; x_wconf 82' lang='lat' dir='ltr'>negemus</span> <span class='ocrx_word' id='word_1_90' title='bbox 377 887 573 944; x_wconf 90' lang='lat' dir='ltr'>populos,</span> <span class='ocrx_word' id='word_1_91' title='bbox 602 885 676 941; x_wconf 91' lang='lat' dir='ltr'>qui</span> <span class='ocrx_word' id='word_1_92' title='bbox 703 885 936 928; x_wconf 85' lang='lat' dir='ltr'>Latinitate</span> <span class='ocrx_word' id='word_1_93' title='bbox 970 894 1173 929; x_wconf 87' lang='lat' dir='ltr'>carerent.</span> 
     </span>
    </p>

    <p class='ocr_par' dir='ltr' id='par_1_3' title="bbox 74 957 1686 2678">
     <span class='ocr_line' id='line_1_12' title="bbox 243 957 1685 1015; baseline -0.002 -12"><span class='ocrx_word' id='word_1_94' title='bbox 243 959 536 1003; x_wconf 86' lang='lat' dir='ltr'>Veruntamen</span> <span class='ocrx_word' id='word_1_95' title='bbox 566 965 613 1000; x_wconf 91' lang='lat' dir='ltr'>ut</span> <span class='ocrx_word' id='word_1_96' title='bbox 643 973 751 1014; x_wconf 88' lang='lat' dir='ltr'>quae</span> <span class='ocrx_word' id='word_1_97' title='bbox 784 958 838 1001; x_wconf 90' lang='lat' dir='ltr'>de</span> <span class='ocrx_word' id='word_1_98' title='bbox 871 959 1041 1002; x_wconf 84' lang='lat' dir='ltr'>civitate</span> <span class='ocrx_word' id='word_1_99' title='bbox 1060 959 1206 1002; x_wconf 89' lang='lat' dir='ltr'>Italiae</span> <span class='ocrx_word' id='word_1_100' title='bbox 1237 959 1337 1002; x_wconf 89' lang='lat' dir='ltr'>data</span> <span class='ocrx_word' id='word_1_101' title='bbox 1354 957 1685 1015; x_wconf 87' lang='lat' dir='ltr'>disputavimus,</span> 
     </span>
     <span class='ocr_line' id='line_1_13' title="bbox 131 1030 1685 1089; baseline -0.002 -14"><span class='ocrx_word' id='word_1_102' title='bbox 131 1032 281 1089; x_wconf 87' lang='lat' dir='ltr'>paucis</span> <span class='ocrx_word' id='word_1_103' title='bbox 314 1031 659 1088; x_wconf 86' lang='lat' dir='ltr'>complectamur,</span> <span class='ocrx_word' id='word_1_104' title='bbox 693 1031 755 1074; x_wconf 90' lang='lat' dir='ltr'>sic</span> <span class='ocrx_word' id='word_1_105' title='bbox 789 1047 878 1073; x_wconf 91' lang='lat' dir='ltr'>rem</span> <span class='ocrx_word' id='word_1_106' title='bbox 907 1038 1046 1074; x_wconf 88' lang='lat' dir='ltr'>actam</span> <span class='ocrx_word' id='word_1_107' title='bbox 1075 1047 1171 1074; x_wconf 89' lang='lat' dir='ltr'>esse</span> <span class='ocrx_word' id='word_1_108' title='bbox 1203 1047 1442 1074; x_wconf 89' lang='lat' dir='ltr'>censemus.</span> <span class='ocrx_word' id='word_1_109' title='bbox 1481 1030 1601 1073; x_wconf 89' lang='lat' dir='ltr'>Tulit</span> <span class='ocrx_word' id='word_1_110' title='bbox 1631 1030 1685 1072; x_wconf 92' lang='lat' dir='ltr'>L.</span> 
     </span>
     <span class='ocr_line' id='line_1_14' title="bbox 133 1102 1681 1159; baseline -0.001 -12"><span class='ocrx_word' id='word_1_111' title='bbox 133 1102 295 1148; x_wconf 86' lang='lat' dir='ltr'>Caesar</span> <span class='ocrx_word' id='word_1_112' title='bbox 326 1119 412 1147; x_wconf 87' lang='lat' dir='ltr'>cos.</span> <span class='ocrx_word' id='word_1_113' title='bbox 438 1118 549 1146; x_wconf 86' lang='lat' dir='ltr'>anno</span> <span class='ocrx_word' id='word_1_114' title='bbox 567 1103 622 1146; x_wconf 83' lang='lat'>90</span> <span class='ocrx_word' id='word_1_115' title='bbox 640 1103 795 1158; x_wconf 83' lang='lat' dir='ltr'>legem,</span> <span class='ocrx_word' id='word_1_116' title='bbox 827 1119 910 1159; x_wconf 86' lang='lat' dir='ltr'>qua</span> <span class='ocrx_word' id='word_1_117' title='bbox 941 1103 1192 1147; x_wconf 92' lang='lat' dir='ltr'>consulibus</span> <span class='ocrx_word' id='word_1_118' title='bbox 1220 1111 1260 1147; x_wconf 90' lang='lat' dir='ltr'>et</span> <span class='ocrx_word' id='word_1_119' title='bbox 1289 1102 1539 1148; x_wconf 84' lang='lat' dir='ltr'>censoribus</span> <span class='ocrx_word' id='word_1_120' title='bbox 1557 1103 1681 1154; x_wconf 85' lang='lat' dir='ltr'>iisve,</span> 
     </span>
     <span class='ocr_line' id='line_1_15' title="bbox 134 1175 1682 1233; baseline -0.001 -14"><span class='ocrx_word' id='word_1_121' title='bbox 134 1176 207 1233; x_wconf 93' lang='lat' dir='ltr'>qui</span> <span class='ocrx_word' id='word_1_122' title='bbox 239 1176 431 1219; x_wconf 87' lang='lat' dir='ltr'>censoria</span> <span class='ocrx_word' id='word_1_123' title='bbox 461 1182 670 1232; x_wconf 88' lang='lat' dir='ltr'>potestate</span> <span class='ocrx_word' id='word_1_124' title='bbox 702 1185 858 1226; x_wconf 88' lang='lat' dir='ltr'>essent,</span> <span class='ocrx_word' id='word_1_125' title='bbox 889 1177 1037 1219; x_wconf 89' lang='lat' dir='ltr'>liceret</span> <span class='ocrx_word' id='word_1_126' title='bbox 1065 1192 1212 1219; x_wconf 86' lang='lat' dir='ltr'>omnes</span> <span class='ocrx_word' id='word_1_127' title='bbox 1241 1177 1389 1218; x_wconf 87' lang='lat' dir='ltr'>Italiae</span> <span class='ocrx_word' id='word_1_128' title='bbox 1417 1176 1529 1218; x_wconf 87' lang='lat' dir='ltr'>intra</span> <span class='ocrx_word' id='word_1_129' title='bbox 1546 1175 1682 1231; x_wconf 85' lang='lat' dir='ltr'>Alpes</span> 
     </span>
     <span class='ocr_line' id='line_1_16' title="bbox 133 1237 1684 1305; baseline -0.001 -13"><span class='ocrx_word' id='word_1_130' title='bbox 133 1257 174 1292; x_wconf 89' lang='lat' dir='ltr'>et</span> <span class='ocrx_word' id='word_1_131' title='bbox 205 1250 361 1292; x_wconf 85' lang='lat' dir='ltr'>fretum</span> <span class='ocrx_word' id='word_1_132' title='bbox 386 1247 584 1290; x_wconf 86' lang='lat' dir='ltr'>Siculum</span> <span class='ocrx_word' id='word_1_133' title='bbox 619 1248 837 1298; x_wconf 90' lang='lat' dir='ltr'>civitates,</span> <span class='ocrx_word' id='word_1_134' title='bbox 880 1237 1008 1305; x_wconf 80' lang='lat' dir='ltr'>prout</span> <span class='ocrx_word' id='word_1_135' title='bbox 1047 1263 1155 1303; x_wconf 91' lang='lat' dir='ltr'>quae</span> <span class='ocrx_word' id='word_1_136' title='bbox 1198 1249 1251 1291; x_wconf 90' lang='lat' dir='ltr'>de</span> <span class='ocrx_word' id='word_1_137' title='bbox 1281 1248 1459 1304; x_wconf 91' lang='lat' dir='ltr'>imperio</span> <span class='ocrx_word' id='word_1_138' title='bbox 1489 1248 1684 1291; x_wconf 89' lang='lat' dir='ltr'>Romano</span> 
     </span>
     <span class='ocr_line' id='line_1_17' title="bbox 133 1319 1686 1376; baseline -0.001 -12"><span class='ocrx_word' id='word_1_139' title='bbox 133 1322 240 1365; x_wconf 92' lang='lat' dir='ltr'>bene</span> <span class='ocrx_word' id='word_1_140' title='bbox 267 1321 515 1371; x_wconf 89' lang='lat' dir='ltr'>meruisset,</span> <span class='ocrx_word' id='word_1_141' title='bbox 555 1321 599 1362; x_wconf 92' lang='lat' dir='ltr'>in</span> <span class='ocrx_word' id='word_1_142' title='bbox 629 1320 846 1363; x_wconf 91' lang='lat' dir='ltr'>civitatem</span> <span class='ocrx_word' id='word_1_143' title='bbox 876 1322 1113 1364; x_wconf 87' lang='lat' dir='ltr'>Romanam</span> <span class='ocrx_word' id='word_1_144' title='bbox 1144 1320 1347 1376; x_wconf 88' lang='lat' dir='ltr'>recipere.</span> <span class='ocrx_word' id='word_1_145' title='bbox 1406 1319 1686 1362; x_wconf 88' lang='lat' dir='ltr'>Addiderunt</span> 
     </span>
     <span class='ocr_line' id='line_1_18' title="bbox 131 1390 1686 1450; baseline -0.002 -13"><span class='ocrx_word' id='word_1_146' title='bbox 131 1394 373 1450; x_wconf 91' lang='lat' dir='ltr'>insequenti</span> <span class='ocrx_word' id='word_1_147' title='bbox 402 1407 513 1435; x_wconf 90' lang='lat' dir='ltr'>anno</span> <span class='ocrx_word' id='word_1_148' title='bbox 552 1393 615 1435; x_wconf 91' lang='lat' dir='ltr'>M.</span> <span class='ocrx_word' id='word_1_149' title='bbox 655 1393 853 1436; x_wconf 89' lang='lat' dir='ltr'>Plautius</span> <span class='ocrx_word' id='word_1_150' title='bbox 895 1391 1098 1436; x_wconf 86' lang='lat' dir='ltr'>Silvanus</span> <span class='ocrx_word' id='word_1_151' title='bbox 1137 1399 1178 1435; x_wconf 92' lang='lat' dir='ltr'>et</span> <span class='ocrx_word' id='word_1_152' title='bbox 1222 1391 1272 1434; x_wconf 89' lang='lat' dir='ltr'>C.</span> <span class='ocrx_word' id='word_1_153' title='bbox 1305 1392 1506 1448; x_wconf 88' lang='lat' dir='ltr'>Papirius</span> <span class='ocrx_word' id='word_1_154' title='bbox 1543 1390 1686 1434; x_wconf 84' lang='lat' dir='ltr'>Carbo</span> 
     </span>
     <span class='ocr_line' id='line_1_19' title="bbox 132 1464 1685 1522; baseline -0.001 -14"><span class='ocrx_word' id='word_1_155' title='bbox 132 1466 292 1509; x_wconf 90' lang='lat' dir='ltr'>tribuni</span> <span class='ocrx_word' id='word_1_156' title='bbox 309 1464 461 1522; x_wconf 89' lang='lat' dir='ltr'>plebis,</span> <span class='ocrx_word' id='word_1_157' title='bbox 476 1472 524 1507; x_wconf 93' lang='lat' dir='ltr'>ut</span> <span class='ocrx_word' id='word_1_158' title='bbox 540 1466 666 1508; x_wconf 86' lang='lat' dir='ltr'>etiam</span> <span class='ocrx_word' id='word_1_159' title='bbox 686 1465 759 1521; x_wconf 94' lang='lat' dir='ltr'>qui</span> <span class='ocrx_word' id='word_1_160' title='bbox 779 1464 1025 1508; x_wconf 86' lang='lat' dir='ltr'>civitatibus</span> <span class='ocrx_word' id='word_1_161' title='bbox 1046 1465 1277 1508; x_wconf 86' lang='lat' dir='ltr'>foederatis</span> <span class='ocrx_word' id='word_1_162' title='bbox 1293 1464 1468 1520; x_wconf 86' lang='lat' dir='ltr'>ascripti</span> <span class='ocrx_word' id='word_1_163' title='bbox 1487 1464 1685 1514; x_wconf 83' lang='lat' dir='ltr'>fuissent,</span> 
     </span>
     <span class='ocr_line' id='line_1_20' title="bbox 133 1536 1685 1595; baseline -0.001 -14"><span class='ocrx_word' id='word_1_164' title='bbox 133 1554 206 1582; x_wconf 93' lang='lat' dir='ltr'>eos</span> <span class='ocrx_word' id='word_1_165' title='bbox 231 1538 312 1581; x_wconf 89' lang='lat' dir='ltr'>sub</span> <span class='ocrx_word' id='word_1_166' title='bbox 343 1538 470 1581; x_wconf 91' lang='lat' dir='ltr'>certis</span> <span class='ocrx_word' id='word_1_167' title='bbox 499 1538 760 1594; x_wconf 91' lang='lat' dir='ltr'>quibusdam</span> <span class='ocrx_word' id='word_1_168' title='bbox 776 1538 948 1595; x_wconf 85' lang='lat' dir='ltr'>legibus</span> <span class='ocrx_word' id='word_1_169' title='bbox 973 1538 1144 1580; x_wconf 89' lang='lat' dir='ltr'>civitate</span> <span class='ocrx_word' id='word_1_170' title='bbox 1173 1537 1332 1579; x_wconf 88' lang='lat' dir='ltr'>donare</span> <span class='ocrx_word' id='word_1_171' title='bbox 1355 1536 1685 1592; x_wconf 87' lang='lat' dir='ltr'>permitteretur,</span> 
     </span>
     <span class='ocr_line' id='line_1_21' title="bbox 132 1608 1685 1666; baseline -0.002 -13"><span class='ocrx_word' id='word_1_172' title='bbox 132 1611 313 1654; x_wconf 87' lang='lat' dir='ltr'>fortasse</span> <span class='ocrx_word' id='word_1_173' title='bbox 344 1610 470 1653; x_wconf 87' lang='lat' dir='ltr'>etiam</span> <span class='ocrx_word' id='word_1_174' title='bbox 501 1611 555 1652; x_wconf 91' lang='lat' dir='ltr'>de</span> <span class='ocrx_word' id='word_1_175' title='bbox 584 1611 678 1654; x_wconf 89' lang='lat' dir='ltr'>aliis</span> <span class='ocrx_word' id='word_1_176' title='bbox 698 1610 958 1661; x_wconf 88' lang='lat' dir='ltr'>civitatibus,</span> <span class='ocrx_word' id='word_1_177' title='bbox 983 1625 1092 1666; x_wconf 81' lang='lat' dir='ltr'>quae</span> <span class='ocrx_word' id='word_1_178' title='bbox 1123 1610 1263 1652; x_wconf 89' lang='lat' dir='ltr'>minus</span> <span class='ocrx_word' id='word_1_179' title='bbox 1283 1608 1390 1651; x_wconf 91' lang='lat' dir='ltr'>bene</span> <span class='ocrx_word' id='word_1_180' title='bbox 1415 1609 1685 1659; x_wconf 90' lang='lat' dir='ltr'>meruissent,</span> 
     </span>
     <span class='ocr_line' id='line_1_22' title="bbox 134 1681 1686 1738; baseline -0.003 -11"><span class='ocrx_word' id='word_1_181' title='bbox 134 1684 227 1727; x_wconf 90' lang='lat' dir='ltr'>iure</span> <span class='ocrx_word' id='word_1_182' title='bbox 258 1683 375 1726; x_wconf 89' lang='lat' dir='ltr'>Latii</span> <span class='ocrx_word' id='word_1_183' title='bbox 406 1683 632 1725; x_wconf 83' lang='lat' dir='ltr'>donandis.</span> <span class='ocrx_word' id='word_1_184' title='bbox 690 1683 757 1726; x_wconf 90' lang='lat' dir='ltr'>Ita</span> <span class='ocrx_word' id='word_1_185' title='bbox 797 1683 1010 1725; x_wconf 86' lang='lat' dir='ltr'>civitatem</span> <span class='ocrx_word' id='word_1_186' title='bbox 1047 1688 1304 1738; x_wconf 90' lang='lat' dir='ltr'>acceperunt</span> <span class='ocrx_word' id='word_1_187' title='bbox 1333 1695 1444 1723; x_wconf 90' lang='lat' dir='ltr'>anno</span> <span class='ocrx_word' id='word_1_188' title='bbox 1478 1681 1531 1724; x_wconf 83' lang='lat'>89</span> <span class='ocrx_word' id='word_1_189' title='bbox 1563 1681 1686 1723; x_wconf 85' lang='lat' dir='ltr'>multi</span> 
     </span>
     <span class='ocr_line' id='line_1_23' title="bbox 132 1753 1685 1812; baseline -0.003 -13"><span class='ocrx_word' id='word_1_190' title='bbox 132 1757 281 1800; x_wconf 91' lang='lat' dir='ltr'>Italiae</span> <span class='ocrx_word' id='word_1_191' title='bbox 321 1755 492 1812; x_wconf 90' lang='lat' dir='ltr'>populi,</span> <span class='ocrx_word' id='word_1_192' title='bbox 533 1755 722 1811; x_wconf 91' lang='lat' dir='ltr'>primum</span> <span class='ocrx_word' id='word_1_193' title='bbox 751 1755 897 1797; x_wconf 91' lang='lat' dir='ltr'>Latini</span> <span class='ocrx_word' id='word_1_194' title='bbox 937 1761 1129 1805; x_wconf 89' lang='lat' dir='ltr'>veteres,</span> <span class='ocrx_word' id='word_1_195' title='bbox 1166 1761 1255 1796; x_wconf 88' lang='lat' dir='ltr'>tum</span> <span class='ocrx_word' id='word_1_196' title='bbox 1290 1753 1487 1804; x_wconf 88' lang='lat' dir='ltr'>Etrusci,</span> <span class='ocrx_word' id='word_1_197' title='bbox 1528 1753 1685 1797; x_wconf 90' lang='lat' dir='ltr'>Umbri</span> 
     </span>
     <span class='ocr_line' id='line_1_24' title="bbox 135 1825 1686 1886; baseline -0.003 -15"><span class='ocrx_word' id='word_1_198' title='bbox 135 1829 272 1886; x_wconf 90' lang='lat' dir='ltr'>(App.</span> <span class='ocrx_word' id='word_1_199' title='bbox 302 1828 401 1871; x_wconf 91' lang='lat' dir='ltr'>bell.</span> <span class='ocrx_word' id='word_1_200' title='bbox 431 1828 512 1871; x_wconf 91' lang='lat' dir='ltr'>civ.</span> <span class='ocrx_word' id='word_1_201' title='bbox 540 1829 577 1879; x_wconf 87' lang='grc' dir='ltr'>Ι,</span> <span class='ocrx_word' id='word_1_202' title='bbox 610 1827 698 1883; x_wconf 79' lang='grc'>49),</span> <span class='ocrx_word' id='word_1_203' title='bbox 725 1827 797 1869; x_wconf 90' lang='lat' dir='ltr'>alii</span> <span class='ocrx_word' id='word_1_204' title='bbox 824 1826 948 1869; x_wconf 90' lang='lat' dir='ltr'>etiam</span> <span class='ocrx_word' id='word_1_205' title='bbox 976 1826 1143 1870; x_wconf 88' lang='lat' dir='ltr'>Galliae</span> <span class='ocrx_word' id='word_1_206' title='bbox 1162 1825 1420 1882; x_wconf 81' lang='lat' dir='ltr'>Cisalpinae.</span> <span class='ocrx_word' id='word_1_207' title='bbox 1457 1825 1563 1868; x_wconf 88' lang='lat' dir='ltr'>Mox</span> <span class='ocrx_word' id='word_1_208' title='bbox 1587 1841 1686 1868; x_wconf 89' lang='lat' dir='ltr'>cum</span> 
     </span>
     <span class='ocr_line' id='line_1_25' title="bbox 134 1897 1686 1957; baseline -0.003 -13"><span class='ocrx_word' id='word_1_209' title='bbox 134 1916 292 1957; x_wconf 87' lang='lat' dir='ltr'>magna</span> <span class='ocrx_word' id='word_1_210' title='bbox 334 1900 406 1943; x_wconf 91' lang='lat' dir='ltr'>illa</span> <span class='ocrx_word' id='word_1_211' title='bbox 441 1901 734 1943; x_wconf 87' lang='lat' dir='ltr'>Marianorum</span> <span class='ocrx_word' id='word_1_212' title='bbox 775 1907 816 1942; x_wconf 88' lang='lat' dir='ltr'>et</span> <span class='ocrx_word' id='word_1_213' title='bbox 856 1897 1133 1942; x_wconf 86' lang='lat' dir='ltr'>Sullanorum</span> <span class='ocrx_word' id='word_1_214' title='bbox 1177 1899 1391 1942; x_wconf 89' lang='lat' dir='ltr'>dissensio</span> <span class='ocrx_word' id='word_1_215' title='bbox 1433 1899 1475 1941; x_wconf 90' lang='lat' dir='ltr'>in</span> <span class='ocrx_word' id='word_1_216' title='bbox 1525 1898 1686 1941; x_wconf 90' lang='lat' dir='ltr'>bellum</span> 
     </span>
     <span class='ocr_line' id='line_1_26' title="bbox 137 1971 1685 2030; baseline -0.002 -14"><span class='ocrx_word' id='word_1_217' title='bbox 137 1974 362 2030; x_wconf 89' lang='lat' dir='ltr'>erupisset,</span> <span class='ocrx_word' id='word_1_218' title='bbox 394 1973 499 2015; x_wconf 91' lang='lat' dir='ltr'>dum</span> <span class='ocrx_word' id='word_1_219' title='bbox 525 1973 694 2028; x_wconf 89' lang='lat' dir='ltr'>utrique</span> <span class='ocrx_word' id='word_1_220' title='bbox 725 1971 955 2015; x_wconf 86' lang='lat' dir='ltr'>amicitiam</span> <span class='ocrx_word' id='word_1_221' title='bbox 987 1971 1185 2027; x_wconf 87' lang='lat' dir='ltr'>viresque</span> <span class='ocrx_word' id='word_1_222' title='bbox 1198 1971 1444 2014; x_wconf 87' lang='lat' dir='ltr'>Italicarum</span> <span class='ocrx_word' id='word_1_223' title='bbox 1463 1971 1685 2014; x_wconf 86' lang='lat' dir='ltr'>civitatum</span> 
     </span>
     <span class='ocr_line' id='line_1_27' title="bbox 134 2043 1685 2101; baseline -0.002 -13"><span class='ocrx_word' id='word_1_224' title='bbox 134 2046 343 2089; x_wconf 85' lang='lat' dir='ltr'>asciscere</span> <span class='ocrx_word' id='word_1_225' title='bbox 373 2046 566 2101; x_wconf 89' lang='lat' dir='ltr'>cupiunt,</span> <span class='ocrx_word' id='word_1_226' title='bbox 599 2044 792 2087; x_wconf 86' lang='lat' dir='ltr'>certatim</span> <span class='ocrx_word' id='word_1_227' title='bbox 817 2043 1016 2086; x_wconf 90' lang='lat' dir='ltr'>omnibus</span> <span class='ocrx_word' id='word_1_228' title='bbox 1034 2044 1228 2087; x_wconf 87' lang='lat' dir='ltr'>Romana</span> <span class='ocrx_word' id='word_1_229' title='bbox 1258 2043 1408 2086; x_wconf 86' lang='lat' dir='ltr'>civitas</span> <span class='ocrx_word' id='word_1_230' title='bbox 1435 2043 1578 2086; x_wconf 88' lang='lat' dir='ltr'>oblata</span> <span class='ocrx_word' id='word_1_231' title='bbox 1606 2050 1685 2093; x_wconf 88' lang='lat' dir='ltr'>est,</span> 
     </span>
     <span class='ocr_line' id='line_1_28' title="bbox 134 2113 1685 2174; baseline -0.001 -15"><span class='ocrx_word' id='word_1_232' title='bbox 134 2125 196 2167; x_wconf 88' lang='lat' dir='ltr'>ut,</span> <span class='ocrx_word' id='word_1_233' title='bbox 223 2123 451 2174; x_wconf 88' lang='lat' dir='ltr'>postquam</span> <span class='ocrx_word' id='word_1_234' title='bbox 483 2115 606 2159; x_wconf 84' lang='lat' dir='ltr'>Sulla</span> <span class='ocrx_word' id='word_1_235' title='bbox 631 2131 774 2158; x_wconf 88' lang='lat' dir='ltr'>rerum</span> <span class='ocrx_word' id='word_1_236' title='bbox 799 2115 961 2172; x_wconf 89' lang='lat' dir='ltr'>potitus</span> <span class='ocrx_word' id='word_1_237' title='bbox 993 2123 1071 2166; x_wconf 88' lang='lat' dir='ltr'>est,</span> <span class='ocrx_word' id='word_1_238' title='bbox 1101 2117 1219 2158; x_wconf 89' lang='lat' dir='ltr'>nulla</span> <span class='ocrx_word' id='word_1_239' title='bbox 1247 2117 1453 2159; x_wconf 89' lang='lat' dir='ltr'>Italorum</span> <span class='ocrx_word' id='word_1_240' title='bbox 1473 2113 1685 2172; x_wconf 88' lang='lat' dir='ltr'>Cispada-</span> 
     </span>
     <span class='ocr_line' id='line_1_29' title="bbox 74 2184 1684 2245; baseline -0.002 -13"><span class='ocrx_word' id='word_1_241' title='bbox 74 2184 76 2186; x_wconf 52' lang='grc'><strong>’</strong></span> <span class='ocrx_word' id='word_1_242' title='bbox 134 2204 373 2245; x_wconf 88' lang='lat' dir='ltr'>norumque</span> <span class='ocrx_word' id='word_1_243' title='bbox 404 2188 554 2231; x_wconf 89' lang='lat' dir='ltr'>civitas</span> <span class='ocrx_word' id='word_1_244' title='bbox 584 2203 693 2243; x_wconf 90' lang='lat' dir='ltr'>quae</span> <span class='ocrx_word' id='word_1_245' title='bbox 723 2203 772 2230; x_wconf 89' lang='lat' dir='ltr'>ea</span> <span class='ocrx_word' id='word_1_246' title='bbox 789 2194 963 2237; x_wconf 89' lang='lat' dir='ltr'>careret,</span> <span class='ocrx_word' id='word_1_247' title='bbox 990 2187 1261 2244; x_wconf 86' lang='lat' dir='ltr'>reperiretur,</span> <span class='ocrx_word' id='word_1_248' title='bbox 1290 2188 1334 2230; x_wconf 91' lang='lat' dir='ltr'>in</span> <span class='ocrx_word' id='word_1_249' title='bbox 1349 2187 1684 2244; x_wconf 86' lang='lat' dir='ltr'>Transpadanis,</span> 
     </span>
     <span class='ocr_line' id='line_1_30' title="bbox 135 2258 1680 2318; baseline -0.002 -15"><span class='ocrx_word' id='word_1_250' title='bbox 135 2263 209 2318; x_wconf 91' lang='lat' dir='ltr'>qui</span> <span class='ocrx_word' id='word_1_251' title='bbox 238 2261 488 2303; x_wconf 90' lang='lat' dir='ltr'>remotiores</span> <span class='ocrx_word' id='word_1_252' title='bbox 516 2277 541 2303; x_wconf 88' lang='lat' dir='ltr'>a</span> <span class='ocrx_word' id='word_1_253' title='bbox 559 2260 671 2303; x_wconf 91' lang='lat' dir='ltr'>bello</span> <span class='ocrx_word' id='word_1_254' title='bbox 702 2267 828 2315; x_wconf 88' lang='lat' dir='ltr'>atque</span> <span class='ocrx_word' id='word_1_255' title='bbox 856 2259 955 2301; x_wconf 89' lang='lat' dir='ltr'>urbi</span> <span class='ocrx_word' id='word_1_256' title='bbox 984 2259 1125 2302; x_wconf 87' lang='lat' dir='ltr'>minus</span> <span class='ocrx_word' id='word_1_257' title='bbox 1154 2260 1385 2316; x_wconf 90' lang='lat' dir='ltr'>periculosi</span> <span class='ocrx_word' id='word_1_258' title='bbox 1414 2265 1545 2309; x_wconf 90' lang='lat' dir='ltr'>erant,</span> <span class='ocrx_word' id='word_1_259' title='bbox 1573 2258 1680 2301; x_wconf 89' lang='lat' dir='ltr'>aliae</span> 
     </span>
     <span class='ocr_line' id='line_1_31' title="bbox 137 2330 1682 2389; baseline -0.003 -13"><span class='ocrx_word' id='word_1_260' title='bbox 137 2333 308 2376; x_wconf 86' lang='lat' dir='ltr'>civitate</span> <span class='ocrx_word' id='word_1_261' title='bbox 349 2339 593 2383; x_wconf 88' lang='lat' dir='ltr'>uterentur,</span> <span class='ocrx_word' id='word_1_262' title='bbox 629 2332 736 2374; x_wconf 86' lang='lat' dir='ltr'>aliae</span> <span class='ocrx_word' id='word_1_263' title='bbox 764 2331 996 2374; x_wconf 86' lang='lat' dir='ltr'>Latinitate</span> <span class='ocrx_word' id='word_1_264' title='bbox 1038 2347 1063 2374; x_wconf 88' lang='lat' dir='ltr'>a</span> <span class='ocrx_word' id='word_1_265' title='bbox 1089 2330 1169 2373; x_wconf 88' lang='lat' dir='ltr'>Cn.</span> <span class='ocrx_word' id='word_1_266' title='bbox 1200 2332 1406 2389; x_wconf 91' lang='lat' dir='ltr'>Pompeio</span> <span class='ocrx_word' id='word_1_267' title='bbox 1443 2331 1682 2388; x_wconf 83' lang='lat' dir='ltr'>impertita:</span> 
     </span>
     <span class='ocr_line' id='line_1_32' title="bbox 136 2402 1683 2461; baseline -0.003 -12"><span class='ocrx_word' id='word_1_268' title='bbox 136 2421 264 2461; x_wconf 90' lang='lat' dir='ltr'>quam</span> <span class='ocrx_word' id='word_1_269' title='bbox 293 2405 568 2448; x_wconf 86' lang='lat' dir='ltr'>Latinitatem</span> <span class='ocrx_word' id='word_1_270' title='bbox 607 2411 822 2461; x_wconf 88' lang='lat' dir='ltr'>postremo</span> <span class='ocrx_word' id='word_1_271' title='bbox 854 2404 1037 2446; x_wconf 87' lang='lat' dir='ltr'>dictator</span> <span class='ocrx_word' id='word_1_272' title='bbox 1071 2402 1234 2446; x_wconf 88' lang='lat' dir='ltr'>Caesar</span> <span class='ocrx_word' id='word_1_273' title='bbox 1266 2405 1310 2446; x_wconf 93' lang='lat' dir='ltr'>in</span> <span class='ocrx_word' id='word_1_274' title='bbox 1350 2404 1566 2447; x_wconf 90' lang='lat' dir='ltr'>civitatem</span> <span class='ocrx_word' id='word_1_275' title='bbox 1594 2402 1683 2445; x_wconf 85' lang='lat' dir='ltr'>Ro-</span> 
     </span>
     <span class='ocr_line' id='line_1_33' title="bbox 136 2476 1684 2533; baseline -0.001 -13"><span class='ocrx_word' id='word_1_276' title='bbox 136 2493 305 2520; x_wconf 88' lang='lat' dir='ltr'>manam</span> <span class='ocrx_word' id='word_1_277' title='bbox 337 2477 560 2527; x_wconf 84' lang='lat' dir='ltr'>convertit,</span> <span class='ocrx_word' id='word_1_278' title='bbox 591 2484 640 2519; x_wconf 93' lang='lat' dir='ltr'>ut</span> <span class='ocrx_word' id='word_1_279' title='bbox 664 2484 805 2519; x_wconf 89' lang='lat' dir='ltr'>tamen</span> <span class='ocrx_word' id='word_1_280' title='bbox 831 2476 955 2518; x_wconf 83' lang='lat' dir='ltr'>etiam</span> <span class='ocrx_word' id='word_1_281' title='bbox 974 2483 1076 2518; x_wconf 94' lang='lat' dir='ltr'>tunc</span> <span class='ocrx_word' id='word_1_282' title='bbox 1091 2476 1200 2518; x_wconf 89' lang='lat' dir='ltr'>intra</span> <span class='ocrx_word' id='word_1_283' title='bbox 1216 2477 1352 2533; x_wconf 88' lang='lat' dir='ltr'>ipsam</span> <span class='ocrx_word' id='word_1_284' title='bbox 1367 2476 1534 2519; x_wconf 88' lang='lat' dir='ltr'>Italiam</span> <span class='ocrx_word' id='word_1_285' title='bbox 1553 2491 1684 2531; x_wconf 91' lang='lat' dir='ltr'>quos-</span> 
     </span>
     <span class='ocr_line' id='line_1_34' title="bbox 138 2548 1684 2607; baseline -0.002 -15"><span class='ocrx_word' id='word_1_286' title='bbox 138 2550 236 2593; x_wconf 89' lang='lat' dir='ltr'>dam</span> <span class='ocrx_word' id='word_1_287' title='bbox 266 2550 447 2607; x_wconf 88' lang='lat' dir='ltr'>populos</span> <span class='ocrx_word' id='word_1_288' title='bbox 478 2549 709 2593; x_wconf 82' lang='lat' dir='ltr'>ferociores</span> <span class='ocrx_word' id='word_1_289' title='bbox 743 2549 1002 2604; x_wconf 90' lang='lat' dir='ltr'>relinqueret</span> <span class='ocrx_word' id='word_1_290' title='bbox 1029 2563 1109 2592; x_wconf 91' lang='lat' dir='ltr'>nec</span> <span class='ocrx_word' id='word_1_291' title='bbox 1145 2549 1316 2592; x_wconf 89' lang='lat' dir='ltr'>civitate</span> <span class='ocrx_word' id='word_1_292' title='bbox 1344 2565 1421 2592; x_wconf 87' lang='lat' dir='ltr'>nec</span> <span class='ocrx_word' id='word_1_293' title='bbox 1453 2548 1684 2591; x_wconf 86' lang='lat' dir='ltr'>Latinitate</span> 
     </span>
     <span class='ocr_line' id='line_1_35' title="bbox 138 2622 371 2678; baseline 0 -14"><span class='ocrx_word' id='word_1_294' title='bbox 138 2622 371 2678; x_wconf 91' lang='lat' dir='ltr'>praeditos.</span> 
     </span>
    </p>

    <p class='ocr_par' dir='ltr' id='par_1_4' title="bbox 248 2691 1684 2750">
     <span class='ocr_line' id='line_1_36' title="bbox 248 2691 1684 2750; baseline -0.002 -14"><span class='ocrx_word' id='word_1_295' title='bbox 248 2694 421 2737; x_wconf 89' lang='lat' dir='ltr'>Etenim</span> <span class='ocrx_word' id='word_1_296' title='bbox 441 2694 496 2736; x_wconf 91' lang='lat' dir='ltr'>ad</span> <span class='ocrx_word' id='word_1_297' title='bbox 522 2694 662 2750; x_wconf 88' lang='lat' dir='ltr'>ipsum</span> <span class='ocrx_word' id='word_1_298' title='bbox 685 2692 800 2735; x_wconf 92' lang='lat' dir='ltr'>hunc</span> <span class='ocrx_word' id='word_1_299' title='bbox 826 2691 904 2735; x_wconf 90' lang='lat' dir='ltr'>Cn.</span> <span class='ocrx_word' id='word_1_300' title='bbox 918 2692 1186 2748; x_wconf 91' lang='lat' dir='ltr'>Pompeium,</span> <span class='ocrx_word' id='word_1_301' title='bbox 1219 2708 1244 2735; x_wconf 89' lang='lat' dir='ltr'>a</span> <span class='ocrx_word' id='word_1_302' title='bbox 1269 2707 1354 2749; x_wconf 92' lang='lat' dir='ltr'>quo</span> <span class='ocrx_word' id='word_1_303' title='bbox 1381 2691 1492 2735; x_wconf 87' lang='lat' dir='ltr'>hanc</span> <span class='ocrx_word' id='word_1_304' title='bbox 1517 2691 1684 2748; x_wconf 88' lang='lat' dir='ltr'>digres-</span> 
     </span>
    </p>
   </div>
   <div class='ocr_carea' id='block_1_3' title="bbox 138 2763 1731 2893">
    <p class='ocr_par' dir='ltr' id='par_1_5' title="bbox 138 2763 1731 2893">
     <span class='ocr_line' id='line_1_37' title="bbox 138 2763 1731 2821; baseline -0.003 -13"><span class='ocrx_word' id='word_1_305' title='bbox 138 2766 301 2809; x_wconf 89' lang='lat' dir='ltr'>sionem</span> <span class='ocrx_word' id='word_1_306' title='bbox 336 2766 643 2810; x_wconf 90' lang='lat' dir='ltr'>instituendam</span> <span class='ocrx_word' id='word_1_307' title='bbox 682 2779 776 2807; x_wconf 90' lang='lat' dir='ltr'>esse</span> <span class='ocrx_word' id='word_1_308' title='bbox 816 2763 1084 2820; x_wconf 89' lang='lat' dir='ltr'>putavimus,</span> <span class='ocrx_word' id='word_1_309' title='bbox 1129 2765 1342 2820; x_wconf 89' lang='lat' dir='ltr'>pertinent</span> <span class='ocrx_word' id='word_1_310' title='bbox 1379 2779 1487 2821; x_wconf 86' lang='lat' dir='ltr'>quae</span> <span class='ocrx_word' id='word_1_311' title='bbox 1516 2763 1684 2806; x_wconf 88' lang='lat' dir='ltr'>Plinius</span> <span class='ocrx_word' id='word_1_312' title='bbox 1727 2807 1731 2809; x_wconf 14' lang='grc' dir='ltr'><strong>Α</strong></span> 
     </span>
     <span class='ocr_line' id='line_1_38' title="bbox 138 2836 1685 2893; baseline -0.003 -14"><span class='ocrx_word' id='word_1_313' title='bbox 138 2845 222 2881; x_wconf 88' lang='lat' dir='ltr'>nat.</span> <span class='ocrx_word' id='word_1_314' title='bbox 253 2837 352 2881; x_wconf 91' lang='lat' dir='ltr'>hist.</span> <span class='ocrx_word' id='word_1_315' title='bbox 383 2839 472 2889; x_wconf 90' lang='grc' dir='ltr'>ΙΠ,</span> <span class='ocrx_word' id='word_1_316' title='bbox 502 2838 580 2889; x_wconf 78' lang='grc'>20,</span> <span class='ocrx_word' id='word_1_317' title='bbox 623 2838 701 2881; x_wconf 82' lang='lat'>138</span> <span class='ocrx_word' id='word_1_318' title='bbox 731 2836 878 2887; x_wconf 83' lang='lat' dir='ltr'>habet,</span> <span class='ocrx_word' id='word_1_319' title='bbox 917 2836 962 2878; x_wconf 86' lang='lat' dir='ltr'>in</span> <span class='ocrx_word' id='word_1_320' title='bbox 996 2836 1307 2893; x_wconf 75' lang='lat' dir='ltr'>Transpadana</span> <span class='ocrx_word' id='word_1_321' title='bbox 1333 2836 1475 2880; x_wconf 86' lang='lat' dir='ltr'>Gallia</span> <span class='ocrx_word' id='word_1_322' title='bbox 1502 2838 1685 2877; x_wconf 74' lang='lat' dir='ltr'>civitates</span> 
     </span>
    </p>
   </div>
  </div>
 </body>
</html>
