1846 3100
15 672 17 674 Ι
13 644 16 645 ¹
0 516 15 637 swa-nu·
0 499 1 507 ⁴

486 129 541 161 De
567 128 680 161 Gallia
706 128 939 160 Romanorum
966 127 1139 169 provincia
1162 126 1345 168 appendix.
1611 123 1690 166 183

254 239 460 282 Diximus
501 238 555 280 de
596 235 898 279 commentario
928 235 1246 278 Hofmanniano
1285 242 1327 277 et
1358 236 1460 278 satis
1491 235 1694 286 diximus,

144 319 189 353 ut
231 318 378 354 nostra
409 311 463 353 de
492 309 670 365 imperio
699 306 898 350 Caesaris
930 307 1139 350 sententia
1175 307 1353 349 defensa
1383 324 1433 350 ac
1465 308 1697 351 constituta

146 399 240 426 esse
275 383 494 426 videatur:
538 381 729 436 sequitur
768 388 815 422 ut
852 379 1070 422 Theodori
1097 379 1374 422 Mommsenii
1412 380 1606 424 libellum
1641 381 1695 423 de

143 455 236 497 iure
253 454 452 498 Caesaris
477 462 517 496 et
549 460 736 502 senatus,
769 452 841 507 qui
872 452 915 493 in
947 452 1052 494 actis
1084 453 1296 495 societatis
1314 453 1412 494 hist.
1432 453 1534 509 phil.
1566 454 1695 496 Bres-

146 527 229 571 lav.
263 527 476 582 (Breslav.
512 525 634 577 1857)
673 524 844 581 prodiit,
872 524 1177 583 examinemus.
1234 525 1279 566 Is
1311 524 1364 567 ab
1399 525 1541 581 priore
1568 526 1696 582 longe

148 607 214 641 est
240 598 452 641 diversus.
507 599 558 640 In
593 598 666 639 illo
694 611 851 653 magna
878 612 977 638 cum
1006 611 1109 638 cura
1135 596 1275 638 omnia
1313 604 1565 654 argumenta
1593 598 1696 641 affe-

143 679 309 721 runtur,
340 671 424 713 loci
453 678 643 712 veterum
664 669 979 725 expenduntur,
1011 675 1098 710 tota
1116 669 1308 723 quaestio
1331 669 1579 726 singillatim
1597 686 1695 727 per-

146 750 371 786 tractatur:
403 743 474 784 hic
503 741 708 784 minorem
737 756 883 783 curam
915 741 1086 796 singula
1115 741 1386 783 examinandi
1414 742 1580 798 prodit,
1620 742 1696 784 sed

146 815 274 858 altius
294 822 468 858 evectus
486 815 540 857 de
566 829 732 856 summa
753 813 975 869 republica
1006 813 1197 869 disputat
1224 829 1357 869 eaque
1382 815 1558 870 profert,
1587 829 1696 870 quae

145 889 181 930 si
208 903 309 930 vera
341 895 497 938 essent,
527 887 773 929 universam
801 885 1022 928 historiam
1050 885 1287 928 Romanam
1321 902 1407 929 non
1438 887 1590 929 leviter
1616 887 1696 929 im-

146 967 372 1003 mutarent.
429 960 580 1015 quue
622 958 760 1014 magis
798 973 852 999 ne
883 957 993 999 hanc
1022 957 1197 1012 quidem
1229 958 1307 1000 viri
1338 958 1575 1001 doctissimi
1607 959 1696 1002 dis—

146 1031 411 1088 putationem
453 1030 617 1074 silentio
643 1025 1059 1087 praetermittendam
1089 1045 1183 1072 esse
1213 1030 1486 1086 putavimus,
1525 1047 1634 1087 quae
1661 1033 1696 1074 si

144 1119 248 1145 vera
275 1104 343 1153 sit,
385 1103 510 1146 facile
537 1102 590 1145 ab
620 1103 687 1153 iis,
717 1103 791 1159 qui
821 1102 983 1145 litteras
1011 1109 1179 1144 nostras
1211 1117 1296 1144 non
1329 1103 1373 1144 in
1407 1103 1696 1159 opinionibus,

143 1176 220 1218 sed
258 1176 303 1217 in
340 1177 603 1232 argumentis
630 1191 680 1217 ac
708 1174 946 1217 rationibus
973 1174 1134 1230 positas
1163 1189 1258 1217 esse
1296 1175 1560 1225 existiment,
1595 1191 1697 1218 con-

148 1254 375 1298 temnatur,
408 1249 472 1291 sin
499 1248 620 1298 falsa,
649 1247 694 1288 in
725 1254 839 1288 tanta
862 1246 955 1288 eius
985 1261 1011 1287 a
1039 1261 1125 1302 quo
1155 1247 1351 1289 instituta
1369 1255 1434 1290 est
1450 1248 1699 1290 auctoritate

142 1335 195 1362 ne
222 1328 484 1376 propagetur
513 1327 638 1375 atque
667 1319 722 1362 ad
752 1319 1046 1374 antiquitatem
1062 1318 1299 1361 Romanam
1325 1319 1466 1361 minus
1488 1327 1602 1374 recte
1623 1335 1697 1363 ex-

144 1392 385 1448 plicandam
415 1392 669 1434 adhibeatur
699 1391 935 1434 verendum
965 1391 1032 1433 sit.

263 1465 345 1507 Est
373 1473 516 1508 autem
543 1464 815 1507 Mommsenii
844 1464 898 1505 de
927 1463 1107 1519 imperio
1148 1462 1346 1506 Caesaris
1393 1465 1536 1521 opinio
1580 1465 1698 1508 haec.

146 1536 293 1592 Vulgo
328 1537 386 1579 ait
425 1554 464 1594 p.
503 1538 554 1581 37
600 1537 662 1579 sic
699 1535 931 1579 existimari
962 1535 1187 1591 imperium
1215 1535 1308 1578 eius
1340 1536 1452 1592 prid.
1484 1534 1577 1579 Cal.
1606 1538 1697 1580 Ian.

149 1609 250 1650 anni
277 1609 329 1652 48
361 1610 501 1652 exisse
533 1624 779 1667 paucosque
809 1608 902 1650 dies
931 1608 976 1649 in
999 1607 1202 1649 universa
1228 1607 1406 1650 historia
1431 1623 1526 1652 esse
1543 1610 1697 1653 certio-

154 1696 237 1723 res.
294 1681 457 1723 Mirum
492 1682 627 1737 igitur
654 1681 797 1723 hercle
822 1687 900 1730 est,
929 1687 989 1721 tot
1016 1679 1132 1722 viros
1163 1679 1328 1730 doctos,
1357 1681 1432 1736 qui
1458 1681 1699 1725 testimonia

144 1760 270 1808 atque
307 1761 503 1796 auctores
541 1753 770 1810 diligenter
796 1752 1128 1801 examinassent,
1155 1758 1295 1794 tamen
1328 1752 1382 1795 de
1416 1768 1462 1795 re
1492 1754 1696 1798 facillima

145 1832 263 1880 (nam
291 1825 506 1880 quomodo
536 1840 621 1867 non
650 1826 704 1867 sit
733 1825 957 1874 facillima,
992 1839 1078 1879 qua
1111 1823 1218 1865 nihil
1239 1824 1284 1865 in
1302 1825 1504 1868 universa
1519 1826 1698 1870 historia

146 1898 303 1940 certius
330 1913 425 1940 esse
454 1898 669 1953 dicatur?)
700 1913 785 1940 non
815 1896 1050 1939 dubitarint
1081 1895 1219 1945 modO,
1252 1911 1401 1938 verum
1427 1897 1552 1940 etiam
1584 1899 1694 1942 alius

144 1969 189 2011 in
229 1969 353 2012 aliam
390 1970 643 2012 sententiam
678 1969 967 2012 discesserint.
1026 1967 1116 2010 Sed
1152 1982 1230 2009 cur
1267 1967 1359 2010 dies
1398 1968 1469 2011 ille
1501 1972 1697 2015 exeuntis

146 2041 244 2083 anni
271 2041 323 2083 49
356 2042 620 2085 certissimus
651 2043 745 2084 est?
787 2041 915 2096 Quia,
942 2040 1095 2096 inquit,
1127 2046 1304 2090 constat,
1336 2037 1567 2085 Caesarem
1600 2060 1696 2101 spe-

147 2127 267 2155 rasse
294 2128 339 2155 se
366 2113 471 2155 dum
500 2114 681 2157 alterum
709 2114 978 2157 consulatum
996 2127 1107 2154 anno
1131 2111 1184 2155 48
1201 2114 1509 2170 auspicaretur,
1535 2116 1580 2157 in
1597 2131 1697 2172 pro-

146 2185 288 2227 vincia
317 2200 411 2228 esse
442 2202 705 2229 mansurum.
763 2185 823 2229 At
852 2186 1072 2230 diversum
1103 2194 1180 2234 est,
1212 2186 1328 2240 quod
1357 2187 1590 2241 quaeritur,
1620 2203 1699 2230 nec

148 2256 184 2298 si
213 2257 491 2313 sperabat-ita
521 2256 695 2309 Caesar,
725 2259 941 2314 sequitur,
983 2268 1031 2301 ut
1059 2257 1398 2314 quinquennium
1424 2258 1535 2314 legis
1566 2259 1696 2302 Pom-

146 2328 231 2385 peii
260 2336 301 2371 et
323 2327 471 2371 Crassi
510 2345 561 2372 eo
591 2331 661 2372 die
689 2333 861 2384 exierit3
894 2333 1106 2389 siquidem
1137 2341 1178 2375 et
1204 2346 1425 2387 speramus
1445 2347 1571 2388 saepe
1589 2347 1697 2388 quae

146 2416 233 2443 non
268 2408 435 2458 oportet
473 2402 566 2444 fieri
601 2410 642 2444 et
678 2405 861 2461 relinqui
900 2412 1043 2462 potest
1079 2405 1124 2446 in
1153 2405 1376 2461 provincia
1413 2403 1540 2446 etiam
1572 2404 1696 2447 cuius

148 2473 241 2515 dies
272 2474 434 2515 exierit.
497 2473 734 2527 Quaeritur
768 2485 932 2527 autem,
966 2476 1072 2532 quid
1101 2492 1153 2518 ex
1180 2477 1276 2532 lege
1305 2474 1476 2518 licuerit
1506 2473 1695 2527 Caesari,

136 2545 292 2599 idque,
314 2544 590 2601 opinor‚‚nisi
617 2562 671 2589 ex
700 2548 753 2590 iis
783 2563 892 2604 quae
910 2548 1167 2605 postulabat,
1199 2547 1403 2603 cognosci
1429 2561 1515 2588 non
1544 2554 1696 2603 potest,

150 2617 394 2672 postulasse
420 2624 562 2659 autem
582 2617 813 2662 Caesarem
842 2621 924 2662 hoc
954 2628 1143 2670 tantum,
1174 2627 1221 2661 ut
1257 2619 1360 2661 dum
1399 2618 1698 2674 designaretur

151 2688 305 2731 consul
343 2688 371 2730 i.
399 2703 435 2730 e.
466 2704 604 2746 usque
634 2690 689 2732 ad
714 2691 905 2734 medium
935 2693 1024 2735 fere
1064 2707 1224 2735 annum
1253 2691 1306 2734 49
1335 2690 1601 2748 provinciam
1629 2705 1697 2734 re-

149 2760 302 2802 tineret
337 2761 431 2817 ipse
470 2762 627 2804 fatetur
668 2763 980 2807 Mommsenius
1019 2779 1061 2820 p.
1103 2764 1169 2806 54.
1214 2763 1387 2805 Poterat
1414 2763 1596 2806 fortasse
1625 2763 1697 2806 ille

152 2847 337 2889 sperare,
373 2833 409 2875 si
449 2834 581 2876 semel
618 2841 731 2877 esset
768 2834 1044 2893 designatus,
1084 2834 1331 2878 auctoritate
1366 2834 1466 2877 novi
1510 2834 1697 2886 honoris,
