1846 3100
164 121 219 165 90
605 127 798 161 De-Gania
824 130 1059 163 Romanorum
1090 133 1273 174 provincia.

164 232 261 276 Vol.
295 234 341 277 II
378 250 420 291 p.
457 236 539 279 232
581 237 671 279 dixi
710 252 857 280 omnes
895 237 991 280 illos
1030 253 1116 281 non
1156 256 1235 284 sua
1269 244 1463 300 auspicia
1491 243 1710 295 habuisse,

164 306 241 348 sed
282 307 446 364 legatos
490 307 689 352 Caesaris
729 310 879 353 fuisse.
950 309 1058 353 Nam
1099 313 1179 355 etsi
1226 314 1287 356 M.
1324 316 1558 359 Aemilium
1598 331 1710 359 anno

163 380 383 436 superiore
428 389 667 436 praetorem
710 382 846 425 fuisse
887 391 1052 426 constat
1094 383 1240 440 (Caes.
1275 386 1374 430 bell.
1412 388 1494 431 civ.
1526 388 1594 439 Π,
1635 389 1708 438 21;

161 451 247 494 Dio
276 453 402 503 XLI,
434 453 530 507 36),
561 463 609 495 ut
638 461 780 497 vetere
811 471 927 498 more
957 463 1060 498 tunc
1085 458 1347 514 provinciam
1375 475 1453 502 suo
1476 460 1569 503 iure
1598 459 1709 503 obti-

161 539 262 567 nere
291 525 500 575 debuerit,
529 533 668 569 tamen
697 527 919 583 probabile
943 535 1021 578 est,
1053 527 1282 573 Caesarem
1299 532 1541 588 provincias
1559 547 1708 576 recens

160 596 433 653 Pompeianis
481 606 646 654 ereptas
694 614 779 641 non
824 600 966 643 statim
1013 603 1169 658 populo
1205 603 1471 655 reddidisse,
1515 619 1707 660 praeser-

160 668 235 710 tim
262 683 358 710 cum
385 684 438 710 ex
463 670 560 726 lege
589 670 792 727 Pompeia
818 672 1010 715 nondum
1037 674 1205 717 sublata
1230 675 1569 731 quinquennium
1599 677 1710 719 inter

159 741 434 798 magistratus
461 742 580 798 ipsos
611 750 652 786 et
679 743 790 786 inter
806 745 1046 800 provincias
1064 746 1271 789 interesse
1289 755 1514 804 oporteret.
1559 748 1707 802 Quare

158 813 375 870 Lepidum
412 814 608 870 quamvis
643 830 696 858 ex
733 825 933 872 praetura
970 818 1101 874 legati
1137 826 1278 861 tamen
1314 819 1407 862 iure
1443 835 1573 863 usum
1613 835 1708 863 esse

160 893 328 936 censeo,
356 886 486 942 idque
516 902 566 930 eo
593 889 744 945 magis,
774 890 891 945 quod
920 890 978 932 D.
997 890 1195 942 Brutum,
1226 891 1300 947 qui
1320 891 1506 934 Galliam
1531 893 1708 949 accepit,

159 974 238 1001 nec
264 967 504 1015 praeturam
536 961 724 1016 gessisse
750 977 861 1004 anno
890 962 943 1005 49
971 970 1134 1005 certum
1157 971 1236 1015 est,
1263 971 1305 1006 et
1322 967 1504 1018 legatum
1527 965 1709 1021 appellat

158 1030 257 1073 Liv.
295 1032 394 1088 epit.
426 1030 618 1075 CXIIII.
682 1034 813 1076 Hunc
849 1042 991 1077 autem
1024 1035 1167 1092 ipsum
1204 1036 1262 1078 D.
1292 1037 1477 1078 Brutum
1518 1051 1603 1078 non
1634 1037 1708 1079 toti
1770 1071 1778 1076 .

161 1103 348 1154 Galliae,
386 1120 514 1160 quam
544 1103 705 1148 Caesar
732 1106 936 1158 habebat,
968 1108 1043 1150 sed
1074 1108 1111 1150 ei
1139 1108 1267 1150 modo
1297 1108 1426 1164 parti,
1459 1123 1585 1163 quam
1614 1108 1708 1165 Ap-

159 1176 311 1233 pianus
359 1192 510 1220 recens
555 1187 846 1235 expugnatam
892 1181 1088 1237 appellat,
1137 1181 1164 1222 i.
1193 1195 1228 1222 e.
1277 1180 1354 1223 toti
1399 1180 1708 1237 Transalpinae

158 1257 325 1305 praeter
353 1250 696 1300 Narbonensem,
738 1252 974 1308 praefuisse
1015 1253 1234 1304 existimo,
1276 1261 1324 1294 ut
1358 1253 1402 1294 in
1437 1252 1707 1296 Narbonensi

158 1329 200 1364 et
227 1323 271 1364 in
300 1323 495 1365 citeriore
525 1323 597 1365 alii
625 1324 755 1380 legati
787 1325 1067 1367 remanserint
1077 1341 1088 1375 3
1131 1341 1230 1368 nam
1258 1325 1480 1381 Illyricum
1510 1324 1566 1378 Q.
1597 1323 1706 1368 Cor—

157 1394 319 1445 nificio,
361 1396 617 1452 Hispaniam
655 1396 900 1439 ulteriorem
939 1395 1093 1440 Cassio
1133 1397 1357 1454 Longino,
1399 1397 1502 1439 item
1537 1397 1706 1453 legatis,

156 1467 353 1523 paruisse
381 1468 554 1510 scimus.
611 1467 699 1511 Sed
729 1477 827 1525 post
859 1470 1019 1512 victum
1051 1470 1328 1526 occisumque
1349 1470 1602 1526 Pompeium
1631 1469 1706 1512 ubi

159 1538 320 1582 Caesar
355 1555 465 1582 anno
498 1541 549 1583 47
588 1541 631 1582 in
669 1541 820 1584 urbem
857 1541 1005 1591 rediit,
1047 1558 1160 1585 nova
1186 1543 1256 1584 lex
1281 1542 1335 1584 de
1360 1542 1592 1597 provinciis
1621 1542 1708 1585 lata

158 1620 235 1662 est,
265 1627 351 1667 qua
378 1611 536 1655 abolita
562 1620 705 1655 vetere
733 1613 941 1669 Pompeia
968 1614 1214 1656 consulares
1244 1613 1487 1670 provinciae
1512 1613 1556 1655 in
1585 1620 1705 1670 pote-

158 1691 264 1725 state
302 1693 475 1727 senatus
515 1693 831 1736 remanserunt,
873 1686 1105 1741 praetoriae
1137 1701 1284 1728 omnes
1316 1684 1492 1728 Caesari
1524 1685 1703 1728 traditae

159 1764 271 1807 sunt,
301 1757 375 1812 qui
405 1772 513 1812 quos
546 1757 790 1813 placuisset,
821 1758 873 1800 iis
904 1758 1163 1814 praeficeret.
1209 1757 1323 1800 Vide
1346 1755 1585 1800 Comment.
1614 1757 1705 1813 epi-

156 1829 305 1886 graph.
322 1829 368 1871 II
385 1845 427 1886 p.
447 1830 541 1872 232.
593 1830 732 1885 quue
763 1845 813 1872 eo
842 1830 980 1886 magis
1007 1830 1295 1872 necessarium
1318 1836 1420 1879 erat,
1449 1829 1578 1884 quod,
1606 1844 1705 1871 cum

156 1919 268 1947 nova
303 1905 373 1947 lex
409 1918 507 1953 eos,
549 1902 623 1958 qui
665 1902 794 1944 modo
838 1902 1114 1958 magistratus
1156 1902 1415 1956 gessissent,
1462 1901 1705 1956 provincias

157 1977 351 2033 accipere
387 1976 574 2026 iuberet,
617 1975 835 2031 superiore
871 1990 982 2016 anno
1025 1975 1131 2016 nulli
1173 1980 1390 2030 praetores
1429 1972 1531 2016 facti
1570 1980 1704 2023 erant,

155 2064 234 2092 nec
270 2049 348 2091 rit-e
384 2049 470 2090 ulla
511 2048 675 2090 sortitio
710 2047 802 2088 fieri
840 2053 1017 2102 poterat.
1080 2046 1228 2101 Itaque
1270 2046 1312 2087 in
1345 2044 1500 2088 Galliis
1529 2044 1703 2100 quidem

155 2122 281 2164 etiam
318 2128 468 2178 postea
506 2135 578 2163 eos
615 2119 879 2167 invenimus,
926 2118 1000 2173 qui
1039 2133 1137 2161 cum
1178 2118 1318 2160 nullos
1358 2124 1482 2160 antea
1519 2116 1703 2159 honores

155 2194 404 2251 gessissent,
431 2193 563 2249 legati
588 2191 726 2247 magis
752 2206 881 2246 quam
909 2190 975 2232 sui
1003 2190 1110 2232 iuris
1135 2189 1355 2246 praesides
1371 2189 1510 2259 fuisse
1526 2188 1703 2231 videan-

154 2274 236 2308 tur.
307 2266 417 2308 Nam
456 2266 500 2307 in
537 2263 820 2319 Transalpina
859 2262 1068 2304 mansisse
1104 2262 1163 2304 D.
1192 2261 1374 2303 Brutum
1413 2260 1620 2303 discimus
1650 2275 1703 2302 ex

155 2339 255 2381 Liv.
293 2338 391 2394 epit.
416 2336 584 2386 CXIV,
624 2335 698 2391 qui
737 2349 848 2376 anno
888 2334 940 2376 46
979 2334 1032 2376 ab
1069 2349 1118 2375 eo
1154 2333 1406 2376 Bellovacos
1448 2332 1703 2375 rebellantes

154 2411 316 2467 proelio
353 2410 488 2452 victos
526 2423 620 2450 esse
659 2406 827 2456 scribit,
868 2421 946 2448 nec
982 2405 1221 2448 decessisse
1252 2420 1351 2448 eum
1379 2405 1576 2447 existimo
1605 2411 1703 2447 ante

155 2483 315 2526 bellum
345 2481 590 2523 Mundense
620 2480 882 2528 confectum,
915 2493 968 2520 ex
998 2493 1083 2533 quo
1114 2477 1283 2519 rediens
1314 2475 1476 2519 Caesar
1503 2477 1560 2519 D.
1591 2476 1703 2518 Bru-

154 2563 246 2596 tum
284 2570 431 2597 secum
467 2553 511 2594 in
549 2552 715 2594 Italiam
756 2550 994 2606 urbemque
1028 2549 1207 2591 deduxit
1249 2549 1382 2602 (Plut.
1415 2548 1518 2591 Ant.
1552 2563 1588 2590 c.
1619 2547 1702 2602 11).

157 2627 328 2669 Interim
357 2626 541 2673 Caesar,
582 2631 809 2678 antequam
845 2622 889 2664 in
917 2621 1108 2664 Africam
1141 2622 1356 2677 profectus
1386 2629 1471 2670 est,
1510 2635 1622 2663 anno
1650 2619 1701 2663 47

155 2707 337 2741 exeunte
362 2713 440 2754 pro
464 2703 673 2754 potestate
697 2694 824 2736 modo
849 2700 1023 2750 accepta
1045 2693 1210 2736 Galliae
1230 2692 1474 2749 Cisalpinae
1501 2691 1703 2748 praefecit

155 2770 218 2812 M.
251 2771 424 2813 Iunium
459 2770 642 2811 Brutum
684 2766 819 2822 (Plut.
857 2767 978 2808 Brut.
1017 2781 1052 2808 c.
1081 2767 1150 2821 6),
1192 2765 1486 2821 proconsulari
1523 2762 1702 2819 imperio

156 2850 352 2886 ornatum
380 2844 538 2901 (neque
567 2839 680 2883 enim
706 2837 847 2888 video,
878 2853 955 2880 cur
981 2839 1035 2880 de
1065 2838 1149 2880 fide
1178 2837 1365 2880 auctoris
1397 2836 1451 2879 de
1473 2835 1551 2878 vir.
1569 2834 1627 2878 ill.
1649 2834 1703 2877 82
