1846 3100
151 175 175 218 4
583 178 638 210 De
672 177 784 211 Gallia
808 179 1043 212 Romanorum
1077 180 1260 222 provincia.

149 293 291 345 partes
319 287 460 348 divisa
489 288 555 339 sit,
586 304 694 344 quae
723 290 853 333 fuerit
884 297 1099 333 rectorum
1127 291 1250 342 ratio,
1282 290 1520 347 similiaque
1549 291 1695 342 multa,

150 375 260 416 quae
293 361 349 403 ad
382 375 592 403 summam
618 362 928 418 rempublicam
964 363 1198 420 pertinent,
1233 378 1318 406 non
1347 378 1484 420 pauca
1509 363 1696 420 reperias

150 447 175 474 a
203 432 321 475 nullo
346 447 440 475 esse
467 434 674 490 exposita,
705 434 869 490 reliqua
897 435 950 478 ab
982 436 1074 478 aliis
1106 436 1216 478 tradi
1248 436 1382 486 aliter,
1410 442 1458 477 ut
1486 435 1559 491 qui
1581 436 1696 478 viro—

149 520 247 547 rum
287 505 512 547 doctorum
546 506 688 548 studia
726 507 849 562 quasi
889 507 1090 563 colligant
1129 523 1268 564 neque
1303 507 1387 564 ipsi
1422 523 1555 551 novas
1596 522 1698 550 con-

150 578 337 620 iecturas
372 578 628 634 excogitant,
658 578 765 620 nihil
793 593 871 621 nos
899 579 1006 622 scire
1024 579 1282 635 incertisque
1301 579 1549 636 opinionum
1575 579 1699 635 quasi

150 649 354 692 fluctibus
393 650 546 706 agitari
582 651 806 693 fateantur.
875 649 1022 704 Quare
1057 667 1154 695 cum
1186 667 1325 709 nuper
1359 653 1413 695 de
1451 651 1700 708 provinciali

150 722 319 779 imperii
348 722 531 764 Romani
566 723 728 765 ratione
766 738 894 779 agere
925 724 1162 780 coepissem
1198 739 1248 767 ac
1278 722 1446 780 Syriam
1484 731 1525 766 et
1551 723 1699 766 Mace-

152 794 348 844 doniam,
391 809 499 849 quae
531 794 740 837 maximae
780 802 880 837 sunt
918 797 1222 839 transmarinae
1250 795 1494 853 provinciae
1503 827 1515 847 ,
1552 796 1700 852 quales

151 868 287 910 fuisse
311 867 560 910 viderentur
583 867 892 924 exposuissem,
924 867 1000 910 ubi
1028 868 1083 910 ad
1107 868 1375 911 occidentem
1405 883 1471 910 me
1498 867 1700 918 converti,

152 939 340 983 Galliam
376 939 583 996 imprimis
626 940 891 983 tractandam
926 955 1021 982 esse
1063 940 1218 991 statui,
1262 941 1422 998 quippe
1459 941 1504 983 in
1542 955 1627 996 qua
1661 946 1702 983 et

153 1012 383 1055 maximam
415 1012 651 1067 quaerendi
689 1012 908 1054 materiem
946 1012 1129 1068 relinqui
1167 1020 1210 1055 et
1242 1013 1411 1068 insigne
1439 1018 1699 1055 momentum

154 1082 479 1128 ad‘universam
495 1084 805 1141 rempublicam
836 1085 1179 1141 cognoscendam
1202 1085 1384 1142 proponi
1406 1085 1701 1142 intelligerem.

150 1157 244 1200 Nec
272 1171 374 1199 vero
402 1156 461 1198 ita
493 1156 597 1198 mihi
629 1157 683 1199 ab
712 1157 832 1200 initio
863 1157 1005 1200 omnia
1034 1157 1286 1214 explicanda
1321 1172 1416 1200 esse
1447 1157 1618 1214 putavi,
1654 1164 1703 1200 ut

151 1230 265 1273 bella
277 1229 384 1286 ipsa,
405 1227 563 1285 quibus
585 1235 788 1285 temptata
808 1230 1005 1286 primum,
1025 1237 1115 1271 tum
1139 1230 1379 1286 perdomita
1393 1237 1458 1272 est
1474 1229 1703 1287 provincia,

154 1316 414 1345 enarrarem:
462 1301 506 1342 in
545 1316 631 1356 quo
673 1309 924 1358 argumento
961 1302 1040 1344 etsi
1073 1309 1173 1344 sunt
1209 1303 1343 1346 multa
1373 1310 1414 1345 et
1443 1317 1600 1359 magna
1624 1317 1704 1346 nec

151 1375 434 1424 infructuosa,
464 1373 607 1415 minus
638 1380 778 1416 tamen
809 1388 858 1416 ea
885 1374 939 1415 ad
965 1374 1272 1430 provincialem
1301 1374 1520 1425 rationem,
1548 1375 1593 1416 in
1619 1390 1705 1431 qua

152 1447 232 1489 hoc
257 1446 432 1502 quidem
463 1453 654 1502 tempore
686 1446 848 1488 versari
880 1447 1195 1497 constituimus,
1224 1447 1482 1489 referuntur.
1526 1446 1703 1489 Initium

151 1520 287 1577 igitur
312 1518 612 1575 disputationis
646 1525 817 1560 nostrae
855 1519 908 1562 ab
948 1534 998 1561 eo
1027 1526 1218 1576 tempore
1249 1519 1452 1569 ducetur,
1491 1534 1576 1575 quo
1603 1534 1704 1576 pro-

153 1592 307 1642 vincia,
335 1606 445 1648 quae
472 1591 644 1647 proprie
677 1591 848 1641 dicitur,
875 1592 1106 1635 constituta
1126 1599 1210 1634 est:
1243 1591 1384 1634 exitus
1415 1592 1494 1633 erit
1520 1591 1703 1649 impera.-

153 1672 219 1707 tor
247 1664 565 1720 Vespasianus,
611 1663 666 1706 ad
700 1678 830 1719 quem
871 1664 1056 1706 eundem
1095 1664 1139 1706 in
1168 1662 1320 1720 Syriae
1351 1670 1392 1706 ct
1422 1663 1703 1707 Macedoniae

153 1737 332 1780 historia
358 1735 613 1792 exponenda
644 1735 962 1778 descendimus.

268 1809 370 1865 Ipso
401 1815 545 1852 autem
573 1808 820 1864 provinciae
839 1808 1010 1851 nomine
1028 1807 1209 1850 Romani
1229 1813 1410 1849 utuntur
1430 1806 1546 1850 varie
1569 1821 1704 1862 eoque

155 1882 329 1925 tandem
353 1882 633 1931 devenerunt,
666 1887 715 1922 ut
745 1880 930 1936 quodvis
960 1880 1182 1936 negotium
1212 1879 1281 1922 vel
1312 1878 1484 1936 publice
1516 1878 1586 1921 vel
1618 1877 1703 1935 pri-

157 1954 290 1997 vatim
317 1954 567 2010 impositum
596 1952 861 2009 provinciam
892 1953 1175 2009 appellarent,
1210 1967 1235 1993 a
1262 1966 1348 2007 qua
1376 1950 1702 2007 significatione,

155 2042 264 2082 quae
294 2025 411 2082 apud
438 2025 620 2081 optimos
639 2023 884 2066 Latinitatis
914 2031 1111 2066 auctores
1141 2023 1364 2079 reperitur,
1397 2023 1433 2065 si
1459 2022 1702 2065 recedimus

155 2099 200 2140 in
226 2113 383 2153 eaque,
416 2111 526 2152 quae
555 2096 610 2138 ad
638 2096 904 2152 propositum
934 2103 1130 2138 nostrum
1159 2095 1336 2152 propius
1366 2094 1572 2152 pertinet,
1601 2109 1703 2137 con-

157 2170 363 2219 sistimus,
392 2168 620 2224 dupliciter
641 2168 903 2224 provinciam
925 2167 1010 2210 dici
1027 2167 1281 2209 invenimus.
1317 2167 1491 2209 Etenim
1518 2166 1704 2224 primum

156 2238 362 2295 quicquid
393 2246 513 2282 extra
542 2239 707 2281 Italiam
733 2239 911 2296 imperio
938 2239 1086 2295 populi
1114 2239 1297 2282 Romani
1326 2245 1465 2295 paret,
1505 2239 1703 2295 quamvis

156 2326 338 2369 parvum
379 2311 456 2361 sit,
504 2311 726 2368 provincia
769 2317 969 2361 vocatur,
1017 2311 1135 2352 velut
1173 2310 1375 2361 Graecia,
1422 2311 1523 2366 quia
1555 2311 1703 2368 populi

155 2383 339 2425 Romani
366 2389 468 2433 erat,
498 2383 694 2438 quamvis
710 2382 991 2425 Macedoniae
1019 2383 1228 2439 quaedam
1251 2383 1537 2440 appendicula
1557 2383 1701 2434 fuerit,

155 2461 270 2497 recte
298 2454 467 2496 dicetur
491 2455 733 2511 provincia,
773 2455 875 2497 item
916 2456 1110 2498 dicentur
1140 2456 1335 2512 singulae
1376 2455 1467 2498 eius
1493 2455 1701 2506 civitates,

157 2543 264 2583 quas
292 2527 464 2584 proprie
496 2527 539 2568 in
567 2527 787 2583 provincia
814 2527 958 2583 potius
987 2543 1081 2571 esse
1114 2528 1420 2571 existimemus.
1474 2528 1596 2571 Haec
1626 2542 1701 2570 vo-

158 2598 299 2642 cabuli
337 2605 528 2654 potestas
563 2598 617 2640 ab
653 2599 733 2641 hac
771 2598 1080 2654 disputatione,
1129 2615 1214 2656 qua
1241 2599 1409 2643 Gallica
1434 2601 1546 2644 bella
1570 2598 1701 2655 origi-

156 2686 339 2726 nemque
374 2669 542 2726 imperii
570 2670 752 2713 Romani
779 2671 1113 2726 praetermittere
1151 2673 1397 2723 statuimus,
1438 2672 1573 2714 aliena
1599 2669 1698 2712 erit:

156 2743 272 2785 illam
299 2756 541 2798 sequemur,
569 2757 653 2796 qua
671 2742 744 2798 qui
760 2743 908 2799 populi
935 2743 980 2785 in
1005 2759 1139 2787 unum
1159 2746 1281 2802 quasi
1310 2759 1464 2801 corpus
1483 2740 1699 2798 quoddam

159 2814 374 2857 coniuncti
405 2813 494 2856 suis
526 2828 576 2855 ac
593 2814 881 2869 peculiaribus
903 2818 1251 2872 propraetoribus
1282 2818 1350 2860 vel
1370 2811 1698 2873 proconsulibus

159 2885 531 2942 obtemperarunt,
566 2887 830 2942 provinciam
861 2888 1030 2931 efficere
1062 2889 1276 2934 dicuntur.
1333 2888 1455 2931 Haec
1481 2883 1699 2942 provincia
