1846 3100
169 143 251 186 332
587 147 642 179 De
668 148 914 190 propagatione
941 149 1087 181 civitatis
1115 148 1305 183 Romanae.

282 255 385 307 Sed,
409 262 458 299 ut
486 271 511 299 a
536 255 630 299 iure
658 255 714 299 ad
739 255 948 308 homines,
965 257 1040 314 qui
1063 272 1114 301 eo
1133 257 1377 310 utebantur,
1400 261 1716 318 perveniamus,

166 343 307 371 nonne
345 343 506 372 novum
541 344 719 386 prorsus
756 336 834 380 est,
872 330 1008 374 fuisse
1040 328 1214 374 Claudii
1246 338 1383 375 aetate
1412 334 1570 377 multos
1600 335 1716 379 cives

166 400 397 452 Romanos,
426 401 500 457 qui
529 416 614 444 non
645 402 813 458 plenam
845 403 1060 446 civitatem
1089 403 1309 456 haberent,
1337 406 1605 463 maximaque
1622 407 1716 450 eius

164 480 284 530 parte
314 474 536 516 carerent?
592 475 704 529 Quis
746 476 856 519 alius
888 486 1083 519 veterum
1122 477 1379 534 scriptorum
1406 479 1460 522 de
1489 479 1639 522 eadem
1669 494 1716 522 re

165 546 372 588 tradidit?
429 545 542 601 Quis
572 547 701 590 hodie
733 548 924 591 virorum
959 549 1179 592 doctorum
1210 550 1264 593 de
1293 551 1374 593 hac
1401 551 1564 594 minore
1593 551 1717 607 quasi

166 618 338 661 civitate
374 619 434 662 ita
474 620 724 676 disputavit,
761 628 823 671 ut,
854 622 1069 677 quomodo
1111 629 1203 665 orta
1240 622 1308 673 sit,
1341 630 1551 678 quatenus
1583 624 1716 680 perti-

165 691 328 741 nuerit,
375 706 461 746 qua
517 691 781 748 antiquitatis
827 694 1107 738 similitudine
1153 695 1417 746 illustretur,
1466 696 1716 753 explicarit?

167 761 339 820 Operae
368 763 503 820 igitur
530 765 718 820 pretium
751 773 829 817 est,
859 766 975 810 hunc
1004 768 1163 819 locum,
1185 768 1260 824 qui
1287 775 1328 810 et
1355 775 1548 811 veterum
1568 775 1716 812 aucto-

164 851 260 878 rum
290 836 435 892 inopia
464 837 689 880 obscurior
730 846 771 880 et
802 846 950 883 nostra
979 841 1243 898 negligentia
1274 854 1406 898 prope
1437 841 1613 884 relictus
1647 841 1715 892 sit,

166 908 438 965 diligentiore
480 924 583 952 cura
620 911 837 967 persequi.
894 913 995 967 Qua
1038 914 1083 955 in
1121 913 1370 970 quaestione
1409 913 1595 970 primum
1634 914 1716 958 hoc

163 981 496 1024 examinandum
533 998 627 1026 esse
659 991 874 1039 putamus,
907 992 955 1028 ut
989 984 1161 1029 Claudii
1200 993 1335 1029 aetate
1364 986 1439 1042 qui
1467 987 1613 1044 populi
1647 987 1716 1030 vel

163 1068 272 1109 quae
313 1053 442 1097 urbes
482 1055 562 1098 hac
605 1055 776 1098 civitate
816 1058 1023 1110 Romana,
1065 1059 1134 1101 0111
1178 1059 1246 1102 ius
1288 1059 1496 1101 honorum
1533 1059 1716 1110 deesset,

164 1127 233 1169 usi
275 1127 373 1178 sint,
419 1127 655 1170 videamus.
715 1132 784 1172 Ac
827 1131 1040 1187 significat
1078 1131 1242 1187 aliquid
1278 1131 1470 1183 Tacitus,
1510 1147 1608 1175 cum
1641 1147 1715 1175 eos

162 1199 237 1254 qui
280 1197 420 1242 Gallis
459 1200 813 1253 adversarentur,
854 1219 1125 1246 asseverasse
1164 1204 1236 1255 ait,
1282 1219 1367 1245 non
1411 1206 1510 1246 adeo
1547 1219 1714 1258 aegram

163 1287 258 1314 esse
287 1275 471 1322 Italiam,
505 1280 554 1314 ut
581 1281 767 1316 senatum
797 1278 1060 1329 suppeditare
1092 1278 1188 1318 urbi
1215 1292 1313 1318 suae
1341 1279 1537 1330 nequiret.
1591 1276 1717 1320 Italia

162 1345 298 1400 igitur
327 1346 529 1402 optimam
559 1346 674 1389 illam
704 1348 933 1399 civitatem,
963 1364 1048 1404 qua
1079 1348 1290 1391 honorum
1317 1348 1386 1391 ius
1406 1348 1714 1400 continebatur,

162 1417 346 1461 habebat
385 1426 427 1461 et
465 1419 639 1475 quidem
675 1427 776 1471 tota,
821 1421 857 1463 si
896 1436 921 1463 a
949 1420 1151 1477 gentibus
1182 1422 1268 1464 illis
1295 1421 1503 1472 barbaris,
1532 1437 1641 1477 quae
1670 1422 1714 1464 in

162 1490 350 1547 Alpibus
382 1491 644 1543 habitabant,
679 1493 969 1545 discedamus,
1002 1494 1056 1536 cf.
1087 1508 1218 1550 supra
1246 1510 1285 1550 p.
1318 1494 1384 1538 39.
1438 1493 1548 1537 Nam
1583 1494 1713 1536 iidem

161 1564 221 1606 illi
265 1567 430 1607 Venetos
469 1572 507 1606 et
549 1566 733 1606 Insubres
772 1570 933 1608 curiam
975 1571 1171 1621 irrupisse
1208 1567 1494 1617 clamitabant,
1531 1581 1713 1622 quarum

161 1637 354 1692 gentium
395 1636 570 1693 regione
619 1653 728 1693 quae
775 1645 988 1682 ext-remae
1030 1640 1178 1683 Italiae
1218 1648 1362 1697 partes
1401 1639 1712 1690 existimantur,

163 1717 370 1752 constant.
433 1711 532 1765 Ipse
561 1717 705 1752 autem
737 1709 948 1755 Claudius
982 1712 1026 1754 in
1059 1713 1249 1755 oratione
1283 1729 1361 1755 sua
1390 1713 1448 1763 II,
1475 1713 1500 1755 5
1532 1712 1712 1768 quaerit,

161 1798 213 1824 an
252 1782 429 1825 Italicus
469 1789 638 1825 senator
679 1784 819 1839 potior
857 1784 912 1826 sit
953 1800 1080 1840 quam
1119 1785 1406 1841 provincialis,
1439 1784 1555 1827 unde
1592 1793 1634 1825 et
1667 1783 1712 1826 in

163 1855 287 1897 Italia
317 1870 478 1905 omneS‚
518 1855 592 1911 qui
624 1855 839 1898 civitatem
873 1857 1110 1899 Romanam
1145 1857 1363 1908 haberent,
1396 1864 1435 1899 et
1466 1858 1510 1900 in
1537 1856 1712 1914 provin-

161 1927 238 1969 ciis
279 1927 436 1969 multos
478 1927 690 1970 honorum
729 1929 820 1971 iure
854 1944 958 1972 usos
994 1945 1088 1972 esse
1119 1930 1386 1986 colligemus.
1439 1929 1712 1985 Quamquam

161 2000 266 2042 haec
305 2000 622 2056 provinciarum
659 2002 765 2043 ratio
805 2017 906 2044 sane
946 2002 1132 2045 obscura
1168 2009 1232 2045 est
1261 2002 1549 2058 incertamque
1580 2001 1711 2044 inter-

160 2072 440 2128 pretationem
483 2072 623 2123 habet,
662 2074 778 2128 quod
821 2074 1000 2116 Tacitus
1033 2090 1084 2116 ex
1116 2073 1289 2117 Claudii
1325 2074 1515 2117 oratione
1557 2074 1709 2116 refert:

161 2148 270 2186 Num
306 2148 487 2198 poenitet
530 2146 675 2187 Balbos
711 2162 762 2187 ex
804 2150 1011 2200 Hispania
1052 2162 1126 2188 nec
1165 2149 1302 2187 minus
1335 2149 1516 2200 insignes
1554 2149 1660 2187 viros
1689 2161 1711 2188 ο

166 2221 307 2259 Gallia
339 2218 598 2259 Narbonensi
625 2221 888 2261 mmsim’sse?
942 2219 1070 2262 Unde
1102 2219 1138 2261 si
1167 2233 1252 2275 quo
1290 2226 1479 2274 tompore
1510 2218 1634 2261 Balbi
1665 2218 1709 2259 in

161 2298 356 2333 senatum
385 2291 626 2332 Romanum
660 2299 959 2346 pervenerunt,
1000 2292 1150 2334 eodem
1180 2291 1437 2347 Hispaniam
1466 2291 1535 2333 vel
1563 2290 1639 2346 qui
1664 2290 1710 2332 in

159 2363 369 2420 Hispania
397 2364 512 2405 cives
534 2363 714 2405 Romani
742 2371 898 2412 essent,
930 2364 1022 2406 iure
1053 2363 1265 2406 honorum
1293 2363 1473 2406 donatos
1501 2377 1596 2405 esse
1621 2362 1708 2405 col-

158 2436 406 2492 ligeremus,
447 2443 561 2478 certe
601 2450 859 2491 magnopere
899 2436 1156 2478 falleremur.
1211 2436 1310 2478 Hoc
1347 2435 1458 2477 enim
1494 2434 1708 2490 quomodo

158 2507 487 2564 intelligendum
516 2508 583 2558 sit,
615 2509 739 2550 docet
769 2508 860 2564 ipse
893 2507 1104 2550 Claudius
1135 2509 1194 2558 Il,
1221 2509 1270 2550 9:
1317 2510 1592 2549 ornatissima
1621 2521 1709 2547 ecce

158 2583 318 2621 colonia
358 2583 715 2634 vulentz'ssimaque
760 2581 1044 2621 Viennensium
1082 2596 1204 2634 quam
1245 2583 1366 2633 longo
1409 2583 1492 2620 iam
1533 2586 1708 2632 tempore

157 2659 359 2693 senatores
390 2654 486 2692 huic
514 2655 656 2692 euriae
683 2655 873 2707 confert!
907 2659 954 2692 ul
984 2654 1121 2692 dirum
1152 2668 1298 2694 nomen
1327 2654 1502 2694 latronis
1537 2657 1707 2699 taceam,

158 2731 200 2764 et
231 2725 303 2764 odi
333 2726 445 2766 illud
472 2726 772 2777 palaestricum
801 2726 1052 2777 prodigium,
1086 2726 1196 2778 quod
1221 2732 1318 2766 ante
1346 2728 1391 2765 in
1421 2726 1583 2766 domum
1614 2736 1706 2763 con-

157 2797 339 2836 sulatum
381 2798 541 2845 intulit,
582 2810 706 2849 quam
753 2798 914 2837 colonia
953 2811 1028 2838 sua
1063 2798 1237 2838 solidum
1275 2799 1455 2838 civitatis
1496 2797 1706 2836 Romanae

158 2868 397 2920 beneficium
439 2874 654 2909 consecula
697 2874 767 2909 est.
834 2867 958 2922 Quae
1001 2868 1112 2911 inter
1154 2884 1218 2912 se.
1241 2868 1442 2912 videntur
1482 2879 1703 2923 pugnare3
