1846 3100
576 173 631 205 De
655 172 767 206 Gallia
791 173 1026 205 Romanorum
1052 172 1238 214 provincia.
1626 172 1677 216 15

129 297 278 340 geogr.
310 289 411 325 tom.
436 281 509 324 IX
536 296 576 337 p.
598 280 645 331 2,
675 295 716 335 p.
747 279 825 322 146
853 286 895 322 et
921 281 1117 336 proximo
1149 282 1312 325 editore
1342 283 1483 326 eidem
1515 282 1678 325 homini

127 354 342 398 tribuitur.
390 354 442 396 In
481 367 566 409 quo
597 367 694 395 cum
724 352 775 394 P.
802 352 1014 408 Popillius
1042 353 1112 394 vel
1141 368 1227 397 cos.
1257 355 1326 397 vel
1354 370 1522 411 procos.
1559 358 1678 412 (nam

127 428 210 470 hoc
236 427 291 470 ad
319 426 436 468 idem
464 440 642 483 prorsus
671 423 810 478 redit)
855 431 1054 466 narretur
1090 425 1204 468 viam
1232 427 1448 483 publicam
1481 428 1524 469 in
1554 428 1680 470 Italia

127 499 329 542 inferiore
345 498 515 548 fecisse,
532 497 766 547 consulem,
788 497 862 552 qui
876 496 1025 539 Italiae
1041 506 1270 553 praeesset,
1291 500 1477 542 eundem
1494 498 1680 542 Galliam

131 569 396 628 Cisalpinam
427 583 601 612 curasse
630 569 933 625 intelligimus:
975 585 1084 625 quae
1119 586 1189 614 res
1217 578 1303 613 tam
1333 579 1478 628 aperta
1507 579 1593 622 est,
1632 578 1680 614 ut

131 658 186 686 ne
214 642 550 686 Mommsenium
589 641 788 698 quidem,
831 643 1028 697 quamvis
1068 643 1186 685 aliud
1224 652 1444 700 agentem,
1487 644 1533 686 in
1569 659 1679 686 mus.

129 715 265 759 Rhen.
288 715 316 757 l.
345 715 373 756 l.
402 730 441 771 p.
475 714 552 756 144
582 728 761 770 prorsus
785 714 970 770 fugeret,
1000 715 1128 756 modo
1157 731 1211 757 ne
1243 716 1296 758 de
1325 717 1548 773 provincia
1578 715 1680 758 Ari-

132 787 268 838 mino,
314 802 424 843 quae
469 786 588 828 nulla
631 801 821 842 unquam
868 786 1039 843 proprie
1077 787 1296 842 provincia
1337 788 1440 839 fuit,
1487 788 1680 838 dixisset,

131 859 335 916 quodque
352 858 581 914 aliquando
597 858 758 900 factum
781 873 875 901 esse
892 858 1083 914 putabat,
1115 872 1283 916 semper
1297 860 1432 903 fuisse
1451 860 1681 902 statuisset.

131 931 380 988 Insequenti
407 938 550 973 autem
578 945 689 973 anno
723 932 795 974 131
829 947 866 982 a.
899 928 1002 973 Chr.
1035 945 1133 973 cum
1161 931 1267 974 alter
1292 947 1379 975 cos.
1415 932 1466 974 P.
1482 932 1679 975 Licinius

133 1003 320 1047 Crassus
355 1003 499 1046 Asiam
539 1010 651 1045 sorte
687 1003 923 1059 accepisset
962 1003 1088 1055 (Liv.
1131 1004 1229 1060 epit.
1258 1004 1397 1053 LIX,
1436 1002 1528 1047 Cic.
1567 1004 1679 1047 Phil.

130 1077 218 1128 XI,
240 1077 302 1131 8),
330 1074 522 1118 Siciliam
548 1075 599 1118 P.
624 1076 823 1132 Rupilius
849 1091 928 1132 pro
953 1090 1039 1118 cos.
1069 1082 1244 1126 teneret,
1270 1077 1400 1119 unius
1432 1076 1679 1133 provinciae

130 1148 429 1206 prorogatione
469 1163 577 1204 opus
607 1155 721 1198 erat,
762 1163 872 1204 quae
910 1163 996 1204 qua
1034 1148 1078 1190 in
1109 1149 1331 1204 provincia
1370 1148 1574 1191 acciderit
1605 1164 1681 1190 ne-

137 1221 317 1271 scimus3
345 1222 531 1275 itemque
547 1235 658 1262 anno
678 1220 770 1270 131,
800 1235 898 1262 cum
911 1220 1021 1262 Asia
1037 1221 1099 1262 M.
1117 1221 1360 1276 Perpernae
1391 1236 1477 1263 cos.
1507 1220 1682 1263 obvenit

137 1293 256 1349 (Liv.
285 1291 526 1348 ep.L1X.).
571 1291 738 1335 Galliae
765 1293 941 1348 quidem
959 1299 1112 1334 neutro
1141 1307 1252 1335 anno
1283 1293 1332 1334 fit
1354 1293 1526 1343 mentio,
1553 1308 1682 1348 quam

137 1379 237 1407 cum
251 1364 375 1407 Italia
397 1363 451 1406 ab
467 1364 599 1406 altero
623 1379 709 1406 cos.
725 1363 1062 1406 administratam
1082 1379 1176 1406 esse
1205 1364 1490 1407 censebimus.
1519 1364 1684 1407 Verum

134 1451 246 1479 anno
269 1436 347 1478 129
374 1435 491 1478 haud
519 1436 701 1478 dubium
730 1435 913 1477 traditur
939 1436 1162 1487 indicium,
1189 1451 1276 1492 quo
1291 1436 1458 1479 Galliae
1489 1436 1684 1479 condicio

134 1524 244 1565 quae
258 1508 388 1550 fuerit
402 1522 728 1563 cognoscamus.
746 1507 918 1550 Etenim
931 1523 983 1550 ex
1000 1507 1249 1551 consulibus
1263 1515 1366 1550 tunc
1378 1509 1686 1564 M'Aquillium

135 1587 302 1624 constat
323 1581 473 1623 Asiam
498 1595 594 1623 esse
627 1580 820 1622 sortitum
852 1595 902 1622 ac
932 1581 1121 1623 tenuisse
1152 1596 1291 1636 usque
1322 1581 1377 1623 ad
1404 1596 1563 1624 annum
1594 1581 1685 1632 126,

135 1654 242 1696 alter
283 1651 334 1695 C.
376 1652 658 1709 Sempronius
699 1652 943 1694 Tuditanus
979 1652 1141 1695 Romae
1186 1653 1361 1703 mansit3
1410 1668 1542 1709 quare
1589 1668 1687 1696 cum

137 1724 453 1768 controversiae
499 1724 552 1767 de
595 1725 664 1768 III
682 1724 786 1767 viris
834 1739 887 1766 ex
934 1725 1031 1781 lege
1081 1723 1336 1781 Sempronia
1374 1726 1524 1767 creatis
1570 1732 1686 1768 ortae

137 1803 295 1848 essent,
329 1797 379 1839 P.
399 1795 546 1853 Scipio
578 1796 621 1838 in
651 1804 801 1839 senatu
831 1797 978 1848 suasit,
1008 1804 1057 1839 ut
1082 1797 1244 1839 iudicia
1273 1797 1327 1839 de
1356 1797 1472 1853 agris
1502 1796 1686 1853 publicis

139 1869 405 1927 privatisque
437 1869 492 1912 ad
513 1884 624 1919 eum,
652 1868 726 1924 qui
743 1869 787 1910 in
808 1869 914 1911 urbe
944 1877 1045 1920 erat,
1078 1869 1298 1912 consulem
1314 1868 1580 1911 Tuditanum
1611 1869 1687 1911 de-

137 1943 362 1985 ferrentur.
413 1941 594 1997 Recepit
622 1955 714 1983 rem
742 1942 913 1991 consul,
946 1942 1022 1984 sed
1050 1948 1252 1998 expertus
1283 1948 1325 1983 et
1349 1941 1567 1984 difficilem
1594 1957 1688 1984 eam

138 2030 234 2058 esse
273 2021 315 2058 et
354 2015 547 2057 odiosam
586 2014 631 2055 in
663 2013 884 2069 Hlyricum
926 2014 1030 2056 abiit
1072 2015 1213 2071 (App.
1256 2014 1354 2057 bell.
1395 2014 1476 2056 civ.
1507 2014 1550 2064 Ι,
1594 2014 1688 2067 19),

138 2087 255 2129 unde
285 2086 339 2129 de
372 2084 610 2142 Iapydibus
641 2100 787 2128 mense
818 2084 999 2128 Octobri
1028 2086 1308 2142 triumphavit
1336 2087 1453 2138 (fast.
1487 2084 1686 2142 Capitol„

138 2158 238 2201 Liv.
267 2157 367 2214 epit.
389 2157 516 2208 LIX,
549 2159 662 2213 App.
690 2157 808 2212 Illyr.
838 2172 873 2200 c.
899 2158 982 2212 10).
1032 2158 1262 2211 Quomodo
1294 2157 1429 2214 igitur
1458 2158 1497 2199 ei
1529 2157 1690 2200 iudicia

139 2230 212 2273 illa
243 2229 401 2272 deferri
427 2236 640 2285 poterant,
677 2229 758 2271 nisi
795 2229 839 2271 in
867 2229 992 2273 Italia
1018 2246 1246 2273 mansurus
1280 2230 1424 2272 esset?
1466 2229 1684 2285 quomodo

140 2316 291 2344 rursus
322 2301 414 2345 sine
448 2302 545 2358 lege
576 2307 650 2343 aut
679 2308 853 2343 senatus
892 2302 1086 2344 consulto
1130 2302 1221 2358 (sic
1251 2302 1364 2345 enim
1393 2301 1606 2357 traditur)
1643 2302 1687 2344 in

140 2374 362 2429 Illyricum
384 2373 599 2430 proficisci
629 2382 756 2429 atque
781 2373 883 2416 inde
914 2381 1010 2416 ante
1039 2374 1139 2416 anni
1169 2374 1330 2416 exitum
1348 2389 1447 2416 cum
1470 2373 1687 2430 triumpho

141 2446 367 2496 recedere,
414 2445 497 2488 nisi
528 2444 672 2489 Gallia
711 2454 813 2488 tunc
855 2461 1034 2502 prorsus
1076 2462 1174 2489 cum
1202 2446 1327 2489 Italia
1357 2446 1584 2488 coniuncta
1612 2445 1688 2487 uni

140 2518 382 2574 imperatori
419 2518 662 2574 paruisset?
718 2518 887 2560 Biennii
924 2518 1189 2574 insequentis
1228 2518 1347 2561 nulla
1387 2533 1520 2574 prope
1562 2517 1687 2560 nobis

141 2589 345 2632 memoria
371 2589 520 2632 relicta
547 2598 613 2633 est
640 2605 778 2646 neque
806 2605 916 2632 anno
946 2590 1023 2633 121)Ι
1055 2589 1198 2633 Gallia
1226 2590 1402 2646 quidem
1431 2604 1688 2632 commemo-

141 2667 281 2711 ratur;
334 2667 377 2702 at
418 2675 528 2703 anno
572 2662 649 2704 125
680 2662 778 2705 Liv.
816 2661 916 2718 epit.
953 2661 1044 2704 LX
1083 2662 1213 2704 tradit
1247 2662 1453 2705 Fulvium
1482 2661 1689 2704 Flaccum

143 2747 230 2775 cos.
279 2747 378 2775 cum
413 2732 758 2776 Massiliensibus
804 2733 963 2776 auxilio
1006 2733 1164 2776 missus
1209 2741 1344 2784 esset,
1390 2732 1686 2788 Transalpinis

142 2804 382 2860 Liguribus
412 2804 573 2847 bellum
601 2804 820 2856 intulisse,
857 2805 973 2847 unde
1002 2805 1270 2861 triumphans
1299 2819 1411 2848 anno
1451 2804 1528 2848 123
1561 2803 1688 2846 rediit

145 2876 260 2929 (fast.
300 2874 538 2933 Capitol.);
585 2876 770 2920 eundem
810 2883 952 2919 autem
992 2877 1107 2934 App.
1150 2877 1245 2920 bell.
1284 2877 1364 2920 civ.
1389 2878 1434 2928 Ι,
1468 2876 1544 2926 21,
1587 2875 1689 2932 quia
