1846 3100
0 1703 1 1715 ⁴„
0 1564 6 1633 —v—
0 1478 9 1555 ‹v-ffiA
0 1451 5 1474 Α..
0 1343 12 1442 -----==-·‹<

612 149 667 181 De
692 148 805 182 Gallia
828 149 1061 182 Romanorum
1094 149 1275 192 provincia.
1626 147 1703 190 149

161 260 372 316 idemque,
398 260 471 315 qui
493 260 677 316 scripsit,
705 260 740 302 si
758 259 904 302 liceret
921 258 1093 309 addere,
1118 259 1291 302 videtur
1309 259 1444 302 fuisse
1462 259 1704 302 additurus.

164 332 253 375 Sed
282 347 423 375 errare
450 339 592 374 tamen
620 339 709 374 erat
738 332 862 374 facile
893 337 1161 386 erratumque
1193 331 1289 374 esse
1319 346 1446 388 saepe
1480 332 1524 373 in
1555 331 1704 374 simili-

160 403 243 446 bus
286 404 418 447 rebus
455 403 689 446 omittendo
724 403 898 460 plurimi
933 403 1130 459 quamvis
1170 411 1367 447 accurate
1406 405 1553 461 scripti
1592 404 1704 446 tituli

160 477 404 519 ostendunt.
466 476 637 530 Quodsi
672 475 882 518 iuridious
919 475 1253 519 Tarraconensis
1294 477 1463 533 legatus
1498 477 1582 519 fuit
1618 492 1704 519 non

160 549 447 605 imperatoris,
489 548 564 591 sed
594 548 726 604 legati
756 548 974 598 Baeticae,
1006 563 1167 591 novum
1197 555 1398 596 nascetur
1424 549 1704 592 iuridicorum

161 636 313 676 genus,
343 622 467 677 quale
497 620 765 664 existimabat
793 622 882 663 fere
903 620 1183 676 Borghesius,
1214 621 1290 663 sed
1316 621 1369 664 ab
1394 621 1569 677 reliquis
1595 636 1703 677 quos

159 693 358 736 novimus
391 693 626 736 diversum.

272 765 555 823 Adiungendi
596 772 738 808 autem
777 766 862 808 huc
900 756 1021 816 sunt,
1065 767 1139 821 qui
1170 773 1335 809 tantum
1366 769 1497 820 legati
1527 768 1707 820 Augusti

162 839 354 879 Asturiae
381 845 422 879 et
450 841 684 879 Gallaeciae
714 839 994 895 appellantur,
1026 839 1078 880 L.
1108 837 1284 881 Coelius
1317 839 1474 881 Festus
1503 841 1578 893 leg.
1607 842 1704 892 imp.

161 913 367 952 Antonini
397 913 503 964 Aug.
535 913 727 951 Asturiam
756 918 796 951 et
826 913 1060 952 Gallaecz‘ae
1086 911 1201 968 apud
1231 909 1365 954 Orell.
1395 926 1437 953 n.
1457 911 1524 961 77,
1549 910 1603 952 L.
1625 911 1704 953 Al-

159 983 303 1025 binius
321 981 580 1025 Saturninus
604 986 681 1036 leg,
704 985 808 1037 Aug.
830 985 1044 1024 Asturz'cae
1066 991 1106 1024 et
1123 985 1359 1025 Gallaeciae
1385 983 1500 1039 apud
1518 982 1704 1025 Momm-

160 1071 249 1097 sen.
288 1056 422 1097 Inscr.
458 1055 591 1111 Neap.
632 1055 763 1106 4033,
803 1056 878 1111 qui
915 1054 995 1102 sub
1030 1055 1092 1097 Μ.
1120 1055 1298 1098 Aurelio
1334 1056 1403 1098 vel
1439 1056 1567 1112 paulo
1607 1063 1705 1112 post

158 1127 357 1182 praefuit,
389 1127 446 1181 Q,
473 1127 636 1169 Mamil.
665 1126 933 1183 Capitolinus
963 1131 1038 1182 leg.
1066 1135 1176 1181 Aug.
1203 1143 1278 1181 per
1305 1130 1517 1169 Asturiam
1546 1135 1586 1168 et
1613 1130 1704 1171 Cal-

159 1202 311 1241 ladam
342 1200 458 1256 apud
483 1200 598 1242 Mur.
617 1201 712 1251 716,
734 1201 772 1251 5,
801 1216 928 1256 quem
958 1201 1238 1257 Borghesius‚
1269 1200 1386 1256 quod
1415 1202 1502 1242 duz
1530 1203 1606 1254 leg.
1635 1204 1712 1242 VII

162 1275 208 1315 G.
243 1275 288 1314 P.
320 1276 364 1313 F.
398 1273 661 1323 nominatur,
703 1281 800 1330 post
839 1273 1075 1316 Alexandri
1118 1279 1297 1315 aetatem
1340 1273 1502 1315 vixisse
1546 1281 1704 1324 censet,

161 1343 345 1400 denique
381 1345 474 1394 ille,
518 1345 592 1400 qui
621 1345 665 1386 in
695 1346 935 1401 fragmento
963 1346 1242 1388 Praenestino
1275 1345 1391 1401 apud
1419 1345 1576 1388 Marin.
1606 1345 1704 1388 Act.

159 1417 276 1458 fratr.
303 1416 409 1458 Arv.
437 1432 478 1473 p.
498 1416 572 1458 3341
607 1421 631 1466 (
630 1419 706 1470 leg.
705 1422 729 1469 )
760 1419 862 1470 Aug.
889 1420 1146 1471 prom'ncz‘ar.
1175 1422 1253 1469 As(
1254 1421 1390 1459 turine
1415 1425 1455 1459 et
1477 1421 1513 1460 G
1510 1421 1706 1470 )allez'cae

160 1488 330 1539 dicitur,
358 1504 485 1544 quem
508 1489 773 1544 Borghesius
800 1490 915 1546 apud
934 1490 1202 1545 Marquardt.
1229 1491 1256 1532 1.
1284 1491 1311 1532 l.
1340 1505 1381 1546 p.
1406 1490 1431 1532 9
1461 1491 1707 1533 coniectura

159 1575 242 1602 non
280 1561 405 1603 nimis
445 1569 560 1604 certa
600 1562 785 1604 eundem
824 1562 944 1604 illum
983 1562 1184 1611 Festum,
1237 1561 1362 1604 cuius
1401 1577 1515 1604 unus
1555 1562 1705 1604 titulus

160 1632 288 1675 modo
326 1634 478 1676 allatus
521 1641 610 1684 est,
649 1634 784 1676 fuisse
822 1634 1049 1676 existimat.
1113 1634 1224 1676 Novi
1258 1649 1310 1677 ex
1340 1634 1405 1676 his
1436 1634 1570 1677 titulis
1599 1635 1706 1676 nihil

161 1704 368 1747 discimus
405 1706 487 1748 nisi
525 1706 625 1756 hoc,
664 1714 712 1748 ut
746 1706 918 1748 iuridici
951 1707 1276 1762 appellationem
1305 1721 1390 1748 non
1420 1708 1705 1749 necessariam

160 1777 296 1820 fuisse
322 1777 625 1833 inteHigamus,
655 1778 731 1821 sed
761 1779 951 1834 potuisse
976 1779 1044 1820 vel
1071 1778 1172 1820 addi
1192 1780 1260 1821 vel
1278 1779 1434 1829 omitti3
1462 1794 1560 1821 nam
1585 1779 1704 1836 lega-

161 1857 231 1891 tus
260 1849 454 1906 Augusti
481 1856 522 1892 et
547 1850 771 1905 iuridicus,
799 1850 873 1905 qui
901 1850 1051 1893 eadem
1078 1858 1212 1893 aetate
1242 1851 1285 1892 in
1313 1851 1462 1894 eadem
1487 1851 1707 1907 provincia

162 1928 570 1972 commemorantur,
623 1922 726 1977 quin
767 1923 881 1964 idem
917 1922 986 1965 ius
1023 1930 1150 1978 atque
1188 1923 1369 1966 eundem
1408 1923 1703 1979 magistratum

162 1994 418 2050 significent,
450 1993 635 2036 dubitari
665 1995 737 2036 vix
767 2002 917 2050 potest.

273 2064 363 2108 Sed
397 2081 494 2108 oum
531 2066 723 2123 depulsis
755 2066 922 2109 Mauris
955 2067 1129 2109 Baetica
1168 2067 1333 2110 senatui
1371 2076 1484 2110 esset
1522 2067 1704 2118 reddita,

161 2138 266 2194 quid
302 2139 464 2180 factum
504 2153 597 2181 esse
633 2145 831 2195 putamus
868 2139 913 2180 in
944 2139 1284 2182 Tarraconensi?
1341 2138 1454 2181 Num
1495 2140 1704 2196 separatio

161 2210 364 2253 Asturiae
392 2216 434 2252 et
464 2208 708 2253 Gallaeciae
740 2217 992 2253 conservata
1021 2212 1116 2254 est?
1164 2227 1216 2254 an
1259 2226 1360 2254 vero
1398 2211 1453 2253 ad
1485 2218 1609 2254 vetus
1638 2213 1704 2254 in-

164 2283 360 2324 stitutum
385 2281 600 2324 reditum?
649 2282 785 2325 Nobis
812 2283 987 2338 quidem
1015 2283 1096 2326 hoc
1123 2283 1308 2333 videtur,
1335 2290 1383 2324 ut
1407 2283 1537 2326 unius
1562 2283 1705 2327 denuo

160 2355 290 2410 legati
316 2355 399 2396 iuri
425 2360 512 2396 tota
537 2362 662 2397 vetus
681 2354 1014 2397 Tarraconensis
1036 2355 1090 2398 sit
1107 2356 1289 2405 reddita,
1316 2370 1452 2411 eoque
1479 2356 1703 2398 referimus

162 2427 334 2469 titulum
360 2426 475 2482 apud
501 2425 635 2469 Orell.
666 2442 707 2468 n.
734 2427 829 2477 798,
860 2442 944 2482 quo
971 2427 1068 2470 Tib.
1088 2426 1300 2481 Claudius
1320 2425 1558 2478 Candidus,
1590 2443 1703 2471 unus

163 2514 215 2541 ex
245 2499 485 2555 praecipuis
516 2498 666 2541 Severi
695 2497 901 2549 ducibus,
941 2499 1099 2541 dicitur
1130 2503 1204 2553 leg.
1232 2506 1371 2552 Augg.
1410 2499 1457 2555 (i.
1485 2515 1521 2541 e.
1554 2497 1704 2542 Severi

163 2579 204 2613 et
235 2569 465 2624 Caracalli)
497 2585 561 2623 pr.
586 2585 654 2623 pr.
678 2574 919 2623 provinciae
952 2575 1002 2612 H.
1033 2573 1072 2613 C.
1115 2570 1371 2627 (Hispaniae
1401 2570 1630 2626 citerioris)
1665 2578 1707 2612 et

162 2645 209 2683 in
248 2658 294 2682 ea
334 2644 421 2682 dux
457 2649 570 2682 terra
608 2645 793 2695 marique
831 2645 1023 2684 adversus
1059 2643 1220 2684 rebelles
1258 2646 1310 2683 H.
1340 2645 1395 2684 H.
1425 2645 1468 2683 P.
1501 2644 1550 2683 R.
1588 2642 1636 2698 (i.
1667 2658 1703 2684 e.

163 2714 308 2755 hostes
349 2713 497 2769 populi
536 2713 751 2768 Romani).
822 2714 982 2757 Hostes
1025 2721 1166 2757 autem
1209 2713 1356 2770 populi
1394 2712 1577 2756 Romani
1618 2728 1704 2756 non

164 2785 341 2826 Mauros
375 2784 437 2826 ibi
466 2798 560 2826 esse
591 2785 812 2836 existimo,
853 2787 907 2828 de
936 2802 1117 2842 quorum
1146 2787 1333 2828 tumultu
1362 2785 1467 2827 nihil
1496 2786 1568 2828 illo
1597 2793 1703 2828 tem-

164 2870 266 2912 pore
297 2856 493 2906 traditur,
523 2856 600 2899 sed
618 2856 779 2908 Albini,
806 2872 993 2913 quocum
1012 2859 1202 2902 Severus
1230 2857 1391 2900 bellum
1413 2857 1536 2901 civile
1556 2857 1703 2922 gessit,
