1846 3100
163 115 218 159 72
598 118 652 149 De
681 116 795 150 Gallia
818 118 1052 150 Romanorum
1087 119 1268 159 provincia.

163 233 261 270 ante
298 224 453 269 Cretae
493 227 731 270 adiectione
773 225 1092 280 multorumque
1137 225 1416 270 barbarorum
1456 227 1715 284 populorum

163 299 408 342 accessione
446 300 501 342 ad
545 307 704 342 tantam
742 297 1083 354 magnitudinem
1114 299 1342 349 crevisset,
1384 307 1434 341 ut
1466 314 1551 341 non
1589 299 1714 342 facile

162 371 217 413 ab
248 386 336 414 uno
365 372 548 428 amplius
579 371 672 428 regi
698 385 823 426 posse
848 369 1089 421 videretur,
1130 371 1247 420 tulit,
1288 377 1337 412 ut
1367 370 1587 426 Illyricum
1617 370 1716 413 Ma-

163 443 367 486 cedoniae
411 444 656 499 ademptum
696 443 752 485 ad
792 440 978 484 Galliam
1016 440 1281 499 Cisalpinam
1332 442 1585 492 adderetur,
1631 458 1718 498 qua

162 530 208 558 re
250 522 292 558 et
329 530 508 572 magnas
549 515 664 558 vires
703 529 839 557 novae
877 514 1124 571 provinciae
1164 514 1318 556 adiecit
1359 521 1401 556 et
1439 529 1513 557 eos
1549 514 1716 558 vicinos

166 587 374 638 exhibuit,
403 587 561 643 quibus
593 587 821 638 domandis
841 584 1016 637 Caesar,
1044 587 1079 629 si
1107 587 1213 629 nihil
1241 601 1265 628 a
1294 585 1433 629 Gallis
1461 594 1716 637 moveretur,

165 659 430 715 triumphum
461 675 511 702 ac
542 659 723 716 gloriam
752 659 835 702 sibi
865 667 1141 715 compararet.

283 731 559 788 Quamquam
585 747 669 774 non
701 732 839 774 minor
866 731 1044 774 mutatio
1075 746 1204 786 quam
1236 731 1282 773 in
1312 730 1455 774 Gallia
1483 728 1717 787 Cisalpina,

165 804 443 860 suscipienda
473 811 564 847 erat
597 805 642 846 in
679 805 776 861 ipsa
802 804 940 847 Italia.
1002 803 1220 860 Adempta
1258 804 1370 846 enim
1406 803 1509 845 huic
1548 811 1639 845 erat
1668 818 1719 847 ea

164 892 287 934 pars,
323 892 433 933 quae
463 893 550 918 una
586 877 769 919 maxime
800 892 947 919 curam
977 875 1245 932 imperatoris
1282 876 1536 932 postularet,
1572 875 1719 918 relicta

170 965 233 1000 ea,
263 965 373 1005 quae
403 949 456 992 ab
479 949 667 992 omnium
695 949 881 991 hostium
912 949 1076 1019 impetu
1105 956 1198 990 tuta
1229 956 1270 991 et
1296 948 1570 1005 pacatissima
1597 957 1637 990 et.
1664 963 1718 990 ex

165 1022 298 1078 longo
333 1029 524 1078 tempore
563 1022 794 1064 constituta
834 1021 952 1063 nulla
986 1037 1124 1071 arma,
1168 1021 1333 1063 nullum
1371 1021 1607 1063 exercitum
1645 1028 1719 1063 aut

138 1089 462 1151 ‘imperatorem
490 1094 768 1136 desideraret.
811 1091 1032 1149 Sequitur,
1061 1101 1109 1135 ut
1137 1109 1188 1136 ea
1216 1109 1301 1135 non
1325 1093 1509 1148 amplius
1531 1084 1719 1150 potuerit

168 1182 266 1209 esse
285 1166 523 1208 consularis
540 1166 771 1222 provincia.
801 1166 952 1220 Neque
967 1181 1157 1221 unquam
1174 1173 1324 1221 postea
1340 1166 1512 1208 invenio
1537 1166 1719 1208 alterum

169 1255 222 1282 ex
253 1238 500 1281 consulibus
529 1238 588 1279 ita
618 1238 662 1279 in
692 1238 817 1281 Italia
847 1238 1079 1287 mansisse,
1113 1246 1162 1279 ut
1190 1252 1274 1279 non
1307 1237 1433 1280 aliam
1461 1238 1618 1281 deinde
1644 1253 1719 1279 ex-

164 1318 331 1354 ternam
349 1311 614 1367 provinciam
636 1311 872 1360 sortiretur,
888 1310 915 1352 i.
937 1325 972 1352 e.
996 1310 1103 1352 nulli
1127 1310 1226 1359 iam,
1258 1317 1306 1351 ut
1327 1309 1546 1366 superiore
1569 1317 1719 1360 aetate,

166 1383 333 1426 Italiam
361 1383 628 1438 provinciam
661 1383 870 1425 evenisse.
937 1381 1027 1424 Sed
1058 1382 1093 1424 si
1132 1381 1214 1424 hoc
1245 1382 1304 1424 ita
1335 1390 1400 1424 est
1439 1382 1594 1438 (atque
1625 1397 1719 1424 esse

164 1455 224 1498 ita
254 1456 365 1497 infra
396 1453 820 1510 demonstrabimus),
852 1453 1068 1509 quomodo
1096 1454 1181 1496 iam
1195 1454 1320 1497 Italia
1348 1453 1592 1510 regebatur,
1622 1454 1719 1509 quis

168 1543 378 1570 summam
420 1527 466 1569 in
510 1542 558 1570 ea
599 1526 784 1570 habebat
823 1526 1104 1583 potestatem?
1165 1526 1271 1569 Tria
1306 1527 1490 1569 maxime
1539 1526 1720 1582 cogitari

167 1607 362 1656 possunt,
390 1606 465 1641 aut
497 1614 585 1649 eos,
610 1599 685 1655 qui
715 1599 944 1655 quotannis
977 1598 1177 1640 consules
1207 1606 1364 1648 essent,
1392 1598 1437 1639 in
1466 1597 1720 1654 magistratu

170 1687 248 1716 suo
279 1672 370 1714 sine
399 1671 592 1714 exercitu
619 1671 787 1714 Italiam
822 1671 1012 1721 rexisse,
1049 1678 1122 1713 aut
1161 1670 1416 1727 praetoriam
1452 1684 1545 1712 eam
1585 1669 1720 1712 fuisse

166 1743 450 1801 provinciam,
496 1758 625 1798 quam
667 1758 720 1785 ex
759 1743 1029 1800 praetoribus
1073 1742 1228 1798 aliquis
1274 1750 1423 1785 exacto
1466 1742 1718 1798 magistratu

169 1815 415 1865 sortiretur,
453 1823 527 1857 aut
564 1815 748 1870 denique
777 1822 1018 1872 praetorem
1055 1814 1239 1870 aliquem
1270 1815 1312 1856 in
1342 1814 1437 1870 ipso
1467 1814 1720 1870 magistratu

168 1888 316 1931 Italiae
344 1903 489 1930 curam
526 1887 743 1931 habuisse.
808 1887 903 1930 Non
935 1901 1164 1944 possumus
1194 1901 1272 1929 nos
1303 1886 1478 1942 quidem
1507 1887 1720 1944 propriam

166 1961 248 2003 hoc
277 1961 370 2002 loco
400 1960 733 2016 disputationem
770 1959 823 2001 de
852 1959 978 2002 Italia
1013 1959 1235 2001 instituere
1273 1961 1399 2011 (nam
1427 1958 1593 2002 Galliae
1620 1974 1719 2015 pro·

169 2032 335 2075 vinciae
365 2033 543 2074 historia
572 2033 697 2075 nobis
730 2032 950 2088 proposita
979 2035 1078 2083 est),
1115 2031 1192 2073 sed
1221 2038 1361 2073 tamen
1391 2031 1474 2074 hoc
1505 2030 1719 2080 videmus,

168 2113 266 2162 post
295 2111 492 2146 exactum
523 2104 836 2160 magistratum,
865 2118 964 2145 cum
994 2102 1206 2145 exercitus
1235 2119 1285 2145 ac
1301 2119 1461 2145 novum
1489 2103 1720 2159 imperium

167 2175 363 2225 dabatur,
396 2190 475 2217 nec
504 2175 755 2218 consulibus
786 2190 865 2217 nec
893 2175 1161 2231 praetoribus
1188 2175 1298 2216 tradi
1330 2175 1521 2231 potuisse
1539 2175 1718 2224 Italiam,

166 2249 375 2291 inermem
415 2261 592 2302 prorsus
630 2254 757 2303 atque
791 2247 929 2289 omnis
967 2246 1067 2289 belli
1093 2253 1311 2302 expertem
1348 2247 1631 2302 provinciam·
1682 2247 1718 2289 si

169 2328 312 2364 autem
340 2326 586 2376 praetorum
615 2327 657 2362 et
685 2320 912 2362 consulum
942 2318 1058 2374 optio
1085 2318 1223 2366 detur,
1255 2318 1383 2374 longe
1418 2318 1718 2373 praeferendos

172 2407 269 2436 esse
309 2392 414 2442 hos,
460 2391 535 2447 qui
574 2406 670 2434 cum
713 2391 880 2433 senatui
914 2390 1230 2447 praesiderent,
1271 2390 1478 2446 aptissimi
1521 2390 1720 2432 videntur

170 2465 307 2507 fuisse
336 2464 391 2506 ad
421 2478 513 2506 eam
544 2463 766 2519 regionem
801 2462 1150 2519 gubernandam,
1191 2477 1301 2517 quae
1340 2462 1591 2518 provinciali
1625 2462 1718 2504 iure

171 2537 351 2580 liberata
376 2536 420 2578 in
455 2544 629 2578 senatus
659 2535 783 2590 quasi
809 2534 946 2590 ipsius
980 2541 1190 2590 potestate
1223 2534 1554 2590 relinquebatur.
1603 2532 1717 2577 Cen-

173 2623 317 2651 semus
356 2608 492 2664 igitur
526 2607 747 2656 consules,
798 2606 903 2648 dum
940 2607 1192 2663 magistratu
1233 2607 1496 2662 funguntur,
1542 2606 1717 2649 eosdem

171 2680 334 2723 rexisse
363 2680 554 2729 Italiam,
595 2693 727 2735 quare
765 2678 818 2720 ab
852 2678 934 2721 hoc
967 2685 1157 2735 tempore
1197 2694 1281 2720 non
1319 2679 1502 2735 amplius
1539 2679 1584 2720 in
1620 2679 1716 2734 ipso

173 2752 422 2795 consulatus
460 2767 591 2801 anno,
637 2750 714 2794 sed
756 2765 805 2792 eo
846 2749 1019 2792 demum
1057 2758 1206 2794 exacto
1243 2751 1286 2792 in
1317 2750 1560 2807 provincias
1601 2750 1716 2792 exire

172 2831 417 2879 coeperunt.
469 2823 642 2866 Etenim
676 2822 792 2879 quod
827 2837 942 2866 nunc
972 2824 1060 2865 fere
1093 2823 1172 2866 viri
1201 2823 1330 2874 docti,
1371 2838 1469 2866 cum
1499 2822 1716 2879 superiore
