1846 3100
191 169 272 214 370
611 171 666 203 De
691 170 938 212 propagatione
964 170 1107 202 civitatis
1131 170 1319 203 Romanae.

188 281 392 337 ligentes:
434 295 512 322 nos
549 279 724 335 quidem
753 277 836 320 hoc
865 284 1009 321 tenere
1041 278 1316 329 debebimus,
1357 294 1443 322 non
1472 279 1527 323 de
1557 279 1736 336 privatis

188 352 423 395 commodis
461 351 666 401 civitatis,
708 350 786 394 sed
815 351 869 393 de
898 350 992 393 iure
1023 350 1218 407 suffragii
1248 358 1289 393 et
1316 351 1527 395 honorum
1559 358 1736 395 conten-

191 426 348 468 tionem
386 440 555 468 omnem
596 424 744 466 fuisse.
816 423 967 479 Neque
1004 423 1166 465 Romae
1204 423 1330 466 aliam
1370 423 1426 466 ob
1468 439 1641 468 causam
1681 423 1736 467 de

190 497 361 540 civitate
399 497 527 540 sociis
560 496 703 539 danda
737 496 945 551 agitatum
982 503 1068 546 est,
1107 495 1295 551 primum
1329 511 1354 538 a
1387 497 1544 540 Fulvio
1580 496 1736 539 Flacco

189 585 294 621 cos.,
331 578 422 612 tum
453 585 478 610 a
508 567 559 611 C.
590 567 790 611 Graccho
822 575 862 610 et
892 567 1020 610 Livio
1048 568 1218 619 Druso,
1259 569 1333 624 qui
1362 584 1445 611 non
1471 568 1737 626 pugnabant,

189 650 237 684 ut
275 642 363 684 ulla
400 641 566 698 privata
605 640 830 683 commoda
866 640 970 683 socii
1014 639 1278 691 obtinerent,
1321 656 1430 697 quae
1465 641 1591 684 facile
1627 640 1737 684 obti-

186 714 406 764 nuissent,
449 713 526 756 sed
563 720 612 755 ut
649 721 690 755 et
727 727 938 755 novorum
971 713 1130 755 civium
1165 728 1244 769 ope
1275 713 1446 756 comitia
1471 713 1620 770 populi
1649 719 1738 755 tota

188 786 243 829 ad
278 788 422 843 partes
459 785 732 842 popularium
771 784 1099 827 traducerentur
1133 793 1175 827 et
1207 785 1331 828 novis
1371 785 1576 828 sociorum
1612 799 1735 829 sena-

187 857 354 901 toribus
381 859 426 900 in
455 857 616 900 curiam
641 856 805 899 allectis
829 857 1097 914 optimatium
1117 857 1303 913 potentia
1320 858 1604 914 frangeretur.
1646 856 1735 901 Sed

186 930 477 988 impediebant
512 945 661 973 eorum
697 929 887 972 actiones
920 937 1113 972 veterum
1146 937 1390 972 senatorum
1418 930 1625 981 invidiae,
1661 931 1736 987 qui

189 1018 290 1046 suos
327 1003 511 1045 honores
549 1002 721 1058 vulgari
753 1001 936 1052 nollent,
977 1003 1160 1045 fortasse
1191 1002 1318 1045 etiam
1347 1001 1482 1058 plebis
1509 1002 1735 1059 cupiditas,

187 1090 298 1132 quae
329 1090 427 1118 cum
456 1091 509 1117 ex
538 1074 863 1117 candidatorum
889 1074 1117 1131 largitione
1140 1089 1296 1129 magna
1314 1074 1535 1118 commoda
1552 1082 1735 1131 caperet,

186 1163 240 1191 ne
269 1163 483 1191 novorum
511 1147 671 1189 civium
688 1146 963 1189 multitudine
992 1154 1280 1203 superaretur,
1311 1145 1497 1197 timebat,
1524 1153 1572 1188 ut
1599 1146 1736 1189 simile

187 1236 362 1278 prorsus
394 1227 498 1262 tunc
527 1219 722 1262 accidere
752 1219 976 1262 videamus
1011 1234 1060 1262 ac
1091 1226 1239 1275 postea
1264 1219 1519 1276 imperatore
1550 1216 1735 1262 Claudio

187 1294 241 1336 de
272 1292 411 1337 Gallis
442 1292 718 1335 admittendis
749 1291 956 1334 accidisse
984 1292 1276 1349 exposuimus.
1330 1291 1486 1334 Nescio
1513 1298 1655 1333 autem
1681 1306 1735 1334 an

187 1365 292 1408 socii
321 1381 407 1408 non
435 1372 521 1407 tam
550 1365 753 1421 optimam
782 1364 996 1406 civitatem
1025 1364 1262 1406 Romanam
1291 1379 1418 1420 quam
1456 1363 1565 1406 illud
1599 1363 1735 1419 petie-

185 1438 289 1488 rint,
329 1445 378 1479 ut
416 1437 461 1479 in
501 1443 646 1479 vetere
675 1437 769 1479 iure
800 1442 1020 1479 manentes
1052 1443 1192 1479 tamen
1224 1436 1279 1479 ad
1309 1435 1523 1492 gerendos
1550 1434 1734 1478 honores

187 1509 528 1566 suffragiumque
556 1509 637 1551 rite
663 1508 890 1551 ferendum
918 1508 1205 1564 pervenirent.
1271 1508 1422 1564 Neque
1452 1507 1563 1550 enim
1598 1507 1735 1550 solent

184 1582 334 1639 populi
368 1582 494 1624 facile
537 1581 592 1623 ad
627 1581 853 1624 mutandas
893 1580 1206 1623 vetustissimas
1245 1581 1365 1637 leges
1405 1580 1590 1630 moveri,
1636 1593 1734 1622 cum

185 1654 355 1696 civitate
386 1662 528 1696 autem
554 1653 748 1695 Romana
774 1653 898 1695 etiam
928 1652 1142 1722 priyatum
1170 1653 1383 1695 sociorum
1407 1653 1498 1703 ius,
1524 1652 1734 1708 ,antiquis-

187 1726 283 1768 simi
311 1726 602 1782 magistratus,
635 1732 721 1767 tota
748 1740 880 1781 prope
911 1725 999 1767 vita
1026 1724 1283 1775 mutabatur,
1315 1740 1425 1780 quae
1456 1725 1590 1767 multo
1621 1731 1734 1768 certe

184 1799 244 1840 illi
283 1798 534 1840 maluissent
572 1798 754 1839 retinere
793 1804 834 1839 et
872 1804 1012 1840 tamen
1048 1797 1282 1854 potentiam
1312 1797 1357 1839 in
1387 1797 1608 1853 republica
1641 1796 1734 1840 adi·

183 1871 307 1928 pisci.
373 1871 524 1926 Neque
562 1877 781 1919 auctores,
820 1869 894 1925 qui
929 1876 1094 1920 extant,
1135 1869 1240 1911 nihil
1277 1868 1330 1911 de
1367 1869 1447 1911 hac
1482 1884 1528 1912 re
1565 1869 1733 1912 tradere

183 1942 454 1993 mirabimur3
496 1948 640 1984 extant
680 1941 794 1984 enim
830 1948 871 1983 et
907 1942 1035 1998 pauci
1073 1948 1115 1983 et
1144 1941 1378 1983 admodum
1404 1941 1559 1984 exiles:
1605 1956 1734 1997 quam

185 2023 297 2058 certe
338 2014 530 2057 seditiosi
567 2016 611 2056 in
649 2013 809 2070 oppido
842 2011 1032 2055 Corfinio
1071 2013 1383 2055 constituerunt
1414 2012 1733 2070 rempublicam,

183 2103 233 2130 ea
257 2087 316 2129 ita
341 2086 515 2128 videtur
534 2100 628 2127 esse
647 2085 895 2140 composita,
925 2092 974 2127 ut
990 2085 1165 2128 retentis
1186 2085 1452 2139 singulorum
1476 2085 1734 2141 populorum

182 2159 353 2216 legibus
387 2174 437 2201 ac
465 2157 656 2200 moribus
687 2164 830 2199 tamen
859 2157 1098 2200 communis
1130 2171 1319 2199 summae
1351 2156 1626 2212 reipublicae
1638 2157 1732 2200 effi-

184 2240 352 2275 ceretur
378 2229 703 2274 administratio.
765 2229 1058 2272 Veruntamen
1090 2236 1187 2271 utut
1215 2229 1297 2271 hoc
1327 2235 1413 2279 est,
1444 2236 1616 2271 senatus
1642 2228 1732 2272 Ro-

182 2319 335 2346 manus
375 2303 450 2345 ubi
489 2301 730 2347 cedendum
768 2316 862 2343 esse
902 2301 1133 2350 intellexit,
1174 2307 1424 2343 conservata
1458 2308 1603 2344 vetere
1631 2315 1731 2343 con-

183 2376 411 2419 suetudine
442 2375 655 2418 civitatem
686 2374 922 2416 Romanam
951 2387 1190 2429 propagare
1221 2388 1360 2428 neque
1391 2387 1648 2428 quemquam
1674 2373 1730 2415 ad

183 2456 376 2492 senatum
405 2447 660 2503 comitiaque
691 2446 913 2488 admittere
941 2445 1111 2495 statuit,
1151 2445 1233 2487 nisi
1264 2445 1337 2500 qui
1367 2445 1563 2501 deposito
1593 2444 1730 2501 patrio

182 2536 298 2564 more
336 2527 451 2562 totus
490 2520 535 2561 in
571 2534 728 2561 novam
765 2518 979 2560 civitatem
1020 2517 1255 2559 transisset.
1315 2516 1474 2560 Oblata
1504 2516 1638 2572 igitur
1665 2522 1730 2558 est

181 2593 332 2635 civitas
363 2593 557 2635 Romana
587 2591 716 2634 sociis
749 2598 790 2633 et
821 2590 996 2646 quidem
1030 2589 1179 2632 eadem
1210 2589 1396 2639 ratione,
1442 2603 1568 2644 quam
1600 2602 1731 2643 supra

179 2666 224 2708 in
241 2665 408 2707 Latinis
428 2663 716 2706 intelleximus
742 2663 817 2718 (cf.
845 2661 956 2718 p.40
978 2668 1019 2703 et
1038 2661 1153 2716 308),
1179 2676 1256 2717 per
1270 2676 1460 2710 censum,
1486 2667 1535 2702 ut
1559 2659 1604 2701 in
1630 2660 1728 2716 lege

179 2737 291 2780 Iulia
321 2736 426 2778 nihil
455 2736 591 2778 fuisse
626 2735 894 2791 suspicemur
917 2734 1001 2775 nisi
1031 2733 1126 2783 hoc,
1157 2732 1409 2775 censoribus
1436 2732 1544 2775 iisve
1569 2731 1727 2787 quibus

181 2809 374 2853 censoria
402 2814 589 2864 potestas
620 2807 719 2850 data
747 2814 880 2857 esset,
919 2806 1067 2848 liceret
1102 2820 1381 2861 quoscunque
1418 2804 1638 2847 videretur
1673 2818 1727 2846 ex

181 2881 308 2924 sociis
338 2881 499 2924 Italicis
527 2881 570 2922 in
601 2880 816 2922 civitatem
847 2879 1038 2935 recipere
1067 2878 1206 2934 iisque
1237 2877 1410 2928 tribum,
1445 2877 1490 2920 in
1519 2890 1603 2932 qua
1633 2876 1725 2918 suf·
