1846 3100
576 143 632 176 De
656 142 771 176 Gallia
794 143 1027 176 Romanorum
1054 144 1240 185 provincia.
1610 142 1685 184 141

142 255 440 306 admittemus,
483 262 687 311 sequetur
723 270 809 298 non
848 261 933 298 tam
973 255 1054 297 hoc
1091 262 1140 297 ut
1178 255 1346 311 legatus
1379 253 1571 311 Augusti
1609 268 1688 309 per

142 328 492 384 proconsularem
512 328 775 384 provinciam
796 327 978 370 militare
997 327 1215 382 quoddam
1236 327 1462 383 imperium
1480 326 1690 377 habuerit,

144 415 271 455 quam
298 400 423 451 illud,
456 408 506 442 ut
534 401 765 457 proconsul
797 400 1112 455 quodammodo
1141 399 1193 450 ei,
1224 414 1352 455 quam
1380 399 1547 456 proprie
1572 399 1690 455 lega-

142 479 213 515 tus
245 472 430 523 tenebat,
461 473 708 529 provinciae
736 472 966 515 Numidiae
995 472 1242 528 praefuerit,
1270 471 1317 513 id
1340 472 1455 527 quod
1478 486 1558 514 nec
1584 471 1691 513 dixit

142 545 373 601 quisquam
419 560 499 588 nec
546 545 635 587 ullo
684 552 936 602 argumento
974 545 1255 587 demonstrari
1293 550 1434 600 potest
1474 559 1554 586 nec
1593 559 1691 586 cum

143 617 322 660 consilio
350 618 448 668 illo,
482 617 599 673 quod
629 615 830 674 Caligula
859 617 904 658 in
936 616 1172 672 separanda
1204 616 1409 659 Numidia
1437 617 1691 659 minuenda-

142 704 226 745 que
253 690 526 746 proconsulis
553 697 763 746 potestate
797 696 971 732 secutus
1003 704 1098 732 esse
1123 689 1272 740 fertur,
1305 689 1517 742 convenit..
1570 687 1691 742 Quid

142 762 276 818 igitur
302 762 542 805 faciamus?
597 763 720 813 Hoc,
753 762 926 818 opinor,
957 769 1005 803 ut
1037 762 1264 804 dioecesim
1297 761 1412 803 illam
1444 761 1692 803 Numidiam

143 833 357 877 diversam
397 850 494 878 esse
535 842 772 877 statuamus
808 835 861 877 ab
901 835 1122 891 provincia
1149 834 1376 883 Numidia,
1420 834 1489 875 cui
1524 834 1692 889 legatus

143 915 359 963 praeerat,
402 907 695 964 singularique
726 908 869 963 aliqua
899 907 952 949 de
985 921 1115 949 causa
1144 906 1212 949 vel
1241 905 1340 948 belli
1369 906 1437 949 vel
1470 905 1692 948 seditionis

143 979 244 1022 huic
269 980 469 1031 dioecesi,
499 995 627 1035 quam
652 995 805 1022 rursus
835 980 888 1022 ab
916 980 1067 1022 Africa
1093 979 1261 1035 propria
1290 979 1457 1035 seiungi
1485 993 1571 1020 non
1600 979 1693 1034 pla-

143 1059 271 1103 ceret,
300 1068 387 1095 non
420 1053 592 1095 solitum
621 1053 809 1109 legatum
842 1052 1128 1109 proconsulis,
1163 1051 1238 1094 sed
1269 1050 1463 1107 Augusti
1489 1051 1692 1107 legatum,

142 1125 217 1180 qui
240 1125 374 1181 copiis
398 1124 632 1167 maioribus
655 1125 892 1168 instructus
912 1140 980 1167 res
1001 1130 1286 1180 componeret,
1314 1138 1408 1166 esse
1430 1123 1692 1179 impositum.

144 1195 277 1251 Quod
314 1213 571 1254 quamquam
606 1198 800 1254 intelligo
837 1213 904 1240 me
944 1197 1034 1239 sine
1073 1197 1163 1239 ulla
1208 1195 1290 1238 alia
1320 1196 1571 1238 auctoritate
1604 1196 1694 1238 dis-

142 1276 295 1325 putare
336 1284 387 1312 ac
422 1284 475 1311 ne
503 1276 672 1326 tempus
703 1270 898 1325 quidem,
938 1284 1023 1325 quo
1054 1269 1160 1311 haec
1189 1268 1232 1310 in
1264 1266 1416 1311 Africa
1447 1268 1693 1317 acciderint,

144 1342 385 1384 accuratius
425 1356 550 1397 posse
589 1342 790 1392 definire,
832 1341 1044 1397 (nondum
1081 1341 1193 1383 enim
1232 1340 1276 1382 in
1308 1340 1585 1396 inscriptione
1621 1340 1694 1381 illa

145 1414 348 1471 temporis
384 1413 591 1456 indicium
628 1414 793 1466 inveni)
830 1429 916 1456 non
949 1414 1076 1456 video
1105 1420 1271 1462 tamen,
1310 1428 1396 1468 qua
1422 1412 1504 1454 alia
1530 1412 1693 1455 ratione
1735 1462 1739 1465 ι

145 1485 251 1528 haec
285 1492 402 1529 tanta
437 1485 667 1528 difficultas
704 1486 842 1542 possit
880 1486 1085 1542 superari.
1147 1485 1438 1527 Veruntamen
1478 1491 1576 1526 utut
1614 1484 1694 1526 hoc

145 1564 233 1608 est,
267 1558 377 1600 illud
415 1557 597 1600 arbitror
633 1565 850 1608 constare,
890 1559 945 1601 de
973 1558 1147 1601 Africae
1186 1564 1228 1599 et
1256 1556 1485 1598 Numidiae
1515 1552 1694 1612 imp'erio

145 1629 251 1671 nihil
290 1629 407 1672 illinc
443 1645 571 1687 posse
606 1631 764 1687 colligi.
827 1631 902 1673 Sic
941 1630 1130 1686 reliquae
1166 1630 1247 1671 iam
1286 1629 1394 1670 fiunt
1423 1635 1509 1670 tres
1541 1629 1695 1670 inscri-

146 1701 336 1757 ptiones,
381 1717 565 1758 quarum
605 1703 715 1745 duae
756 1702 953 1744 incidunt
990 1703 1033 1744 in
1065 1709 1247 1744 aetatem
1275 1701 1552 1757 Vespasiani,
1596 1716 1694 1743 cum

149 1774 299 1816 Africa
333 1781 374 1816 et
406 1773 612 1817 Numidia
645 1774 758 1817 bello
789 1775 926 1825 civili,
966 1774 1083 1830 quod
1112 1780 1419 1823 antecesserat,
1461 1788 1695 1816 concussae

147 1845 356 1902 imprimis
383 1861 540 1902 magna
565 1862 669 1889 cura
693 1854 887 1903 egerent:
921 1862 1006 1902 quo
1035 1854 1224 1903 tempore
1252 1847 1412 1889 factum
1442 1861 1550 1895 esse,
1578 1846 1695 1902 quod

148 1926 272 1961 antea
311 1934 397 1962 non
429 1920 590 1962 factum
621 1927 755 1970 esset,
796 1920 1130 1979 impositumque
1169 1926 1378 1962 rectorem
1411 1918 1464 1960 ab
1497 1916 1695 1968 Caesare,

148 1992 222 2047 qui
262 1991 502 2035 discordias
543 1999 836 2048 componeret,
877 1993 983 2034 nihil
1018 1992 1176 2035 habere
1214 1997 1356 2047 potest
1389 1990 1695 2033 admirationis.

149 2064 297 2119 Quare
337 2063 453 2120 quod
487 2064 706 2106 Domitius
745 2064 853 2106 Afer
889 2064 1005 2120 apud
1043 2063 1170 2107 Grut.
1204 2080 1244 2120 p.
1273 2063 1376 2113 403,
1417 2064 1432 2104 1
1483 2063 1557 2118 (cf.
1585 2063 1695 2105 Mar.

150 2136 248 2179 Act.
277 2138 329 2179 fr.
360 2137 467 2179 Arv.
498 2151 541 2192 p.
566 2136 668 2192 756)
701 2136 860 2178 dicitur
880 2140 1118 2191 praetorius
1149 2139 1311 2190 legatus
1333 2138 1574 2189 provinciae
1602 2138 1695 2190 Asr.

150 2211 244 2262 imp.
264 2210 373 2252 Caes.
391 2213 505 2262 Aug,
536 2223 622 2250 non
652 2207 780 2250 debet
807 2223 858 2250 eo
883 2209 1111 2264 pertinere,
1136 2215 1185 2250 ut
1203 2207 1413 2251 Numidia.
1431 2223 1529 2249 cum
1546 2205 1698 2250 Africa

151 2280 379 2323 coniuncta
407 2280 543 2323 fuisse
573 2280 784 2331 videatur,
815 2280 891 2322 sed
921 2280 1000 2323 hoc
1031 2281 1257 2337 significat,
1290 2287 1377 2322 tota
1402 2279 1698 2335 proconsulari

150 2359 359 2409 potestate
389 2351 547 2395 abolita
575 2352 822 2395 universam
848 2352 1043 2394 Africam
1073 2352 1270 2394 traditam
1300 2366 1395 2394 esse
1431 2351 1572 2407 legato
1604 2351 1698 2393 Au-

152 2425 291 2481 gusti,
339 2424 394 2466 ad
430 2424 630 2480 idemque
667 2440 845 2481 prorsus
886 2432 1054 2480 tempus
1095 2431 1286 2480 spectare
1326 2438 1480 2465 censeo
1517 2423 1698 2465 alterum

2 2484 29 2499 ”
85 2496 90 2502 ’
152 2496 325 2538 titulum
354 2497 471 2552 apud
500 2497 617 2539 Mur.
643 2497 739 2547 766,
770 2497 810 2547 5,
841 2511 926 2552 quo
952 2496 1051 2539 Afri
1081 2497 1213 2539 frater
1241 2496 1480 2552 appellatur
1508 2499 1581 2549 qm·
1605 2510 1697 2535 cum

146 2574 248 2608 'esset
277 2570 525 2610 candidatus
552 2571 710 2612 Caesar.
735 2583 804 2622 pr.
834 2571 956 2622 desig.
986 2572 1131 2610 missus
1158 2576 1215 2609 est
1243 2569 1292 2609 ab
1322 2571 1418 2621 imp.
1457 2569 1699 2620 Vespasiano

151 2644 266 2693 Aug.
300 2643 460 2693 legatus
490 2655 571 2694 pro
602 2648 794 2694 praetore
835 2643 893 2682 ad
927 2645 1151 2682 exercitum
1191 2643 1265 2695 qui
1300 2646 1358 2681 est
1391 2642 1435 2679 in
1467 2632 1624 2694 Africa
1661 2645 1700 2679 et

152 2713 292 2753 absens
331 2718 441 2753 inter
474 2715 705 2765 praetorios
737 2716 914 2764 relatus,
955 2721 1004 2755 ut
1042 2720 1145 2755 tunc
1177 2718 1296 2755 extra
1325 2710 1517 2762 ordinem
1547 2710 1698 2752 fratres

152 2783 368 2827 Domitios
398 2784 573 2827 Africae
599 2791 641 2827 et
663 2784 893 2827 Numidiae
923 2785 1144 2841 impositos
1176 2798 1270 2827 esse
1298 2782 1549 2825 existimem.
1598 2781 1700 2824 Alio

154 2871 208 2898 ex
239 2871 395 2913 genere
421 2864 486 2899 est
511 2857 734 2913 inscriptio
763 2857 813 2899 P.
837 2857 991 2899 Metilii
1019 2855 1210 2899 Secundi
1239 2855 1376 2911 (apud
1400 2853 1534 2898 Orell.
1555 2854 1699 2911 3382),
