1846 3100
193 119 246 162 74
622 124 675 156 De
701 123 814 157 Gallia
840 125 1073 158 Romanorum
1108 127 1291 168 provincia.

191 247 314 285 quam
342 247 426 273 non
449 241 600 287 putat,
640 249 729 275 eam
758 249 913 288 quoque
950 242 1105 286 servat3
1137 240 1342 292 praefinit
1374 243 1482 281 enim
1519 246 1739 284 successori

192 306 308 347 diem.
368 307 455 353 Quo
493 308 597 347 mila·
617 308 727 348 m'lu‘l
754 309 918 348 videtur
948 309 1125 349 alienius
1153 325 1180 349 a
1210 311 1413 364 dignitate
1441 315 1738 369 disciplinaque

190 380 415 429 maiorum,
457 394 579 432 quam
620 386 670 420 ut
702 382 775 432 qui
809 381 953 420 consul
987 383 1186 422 Kalendis
1222 385 1432 425 Ianuariis
1468 387 1614 429 habere
1633 402 1737 442 pro-

190 452 368 490 vinciam
407 451 534 502 debet,
573 454 606 492 is
644 458 692 492 ut
725 465 814 493 eam
853 453 1112 505 desponsam,
1158 468 1242 494 non
1280 456 1480 498 decretam
1507 459 1651 500 habere
1678 462 1736 501 υί-

191 522 350 564 deatur.
396 526 539 564 Fuerit
567 529 650 564 toto
677 524 723 563 in
752 526 971 564 consulatu
992 527 1079 565 sine
1099 529 1333 585 provincia,
1362 531 1434 569 cui
1446 531 1595 583 fuerit
1623 537 1738 572 ante·

189 608 311 646 quam
332 596 567 648 designatus
588 602 696 646 esset,
719 598 935 648 provincia
966 597 1155 638 decreta?
1182 599 1390 640 Sortz'etur
1422 616 1479 642 an
1499 617 1584 644 non
1592 607 1615 646 ,Ρ
1637 617 1736 644 nam

189 672 230 706 et
255 680 340 706 non
368 670 513 708 sortiri
529 668 751 708 absurdam
775 674 832 708 esc
858 674 899 708 et
925 669 1034 721 qnod
1057 671 1226 710 sortitus
1250 673 1314 721 sis,
1344 687 1428 713 non
1446 673 1602 716 habere.
1638 677 1738 716 Pro-

176 741 393 791 ficiscetur
416 742 679 793 paludatus?
720 742 838 787 Quo?
881 754 958 793 quo
980 744 1195 794 pervenire
1218 751 1316 785 ante
1340 752 1494 786 certam
1523 749 1627 788 diem
1650 762 1734 789 non

188 812 332 852 licebit.
380 814 592 864 Ianuario,
620 813 843 855 Februario
868 817 1128 867 provinciam
1155 830 1239 856 non
1268 817 1437 868 habebit,
1468 820 1671 860 Kalendis
1699 823 1740 861 ei

189 885 359 937 denique
376 884 548 926 ‘Martiis
569 892 762 927 nascetur
790 893 952 940 repenle
975 890 1203 939 provincia.
1242 888 1408 945 Legem
1428 904 1558 945 quam
1577 887 1730 933 Cicero

189 956 242 999 ab
265 972 330 1007 eo,
363 957 438 1013 qui
467 958 711 1000 ulteriorem
733 957 917 1001 Galliam
935 958 1149 1010 decernat,
1177 960 1336 1002 servari
1363 961 1434 1012 ait,
1461 976 1637 1005 neeesse
1666 970 1732 1006 est

189 1044 283 1072 esse
313 1030 436 1081 hanc,
467 1030 520 1072 de
551 1046 636 1086 qua
669 1031 929 1087 quaerimus,
959 1031 1189 1082 Vatiniam,
1215 1047 1324 1087 quae
1353 1033 1629 1090 optimatibus
1660 1049 1736 1091 per

189 1101 276 1143 vim
307 1102 392 1144 lata
419 1109 545 1159 atque
573 1103 693 1146 irrita
723 1118 817 1146 esse
846 1102 1086 1146 videbatur.
1123 1104 1190 1146 Ea
1217 1104 1353 1160 igitur
1381 1105 1443 1148 sic
1470 1106 1735 1158 servabatur,

188 1180 236 1215 ut
254 1175 466 1224 consules,
502 1175 575 1231 qui
592 1176 635 1217 in
655 1191 814 1218 annum
835 1175 887 1219 55
911 1176 1254 1232 designarentur,
1284 1191 1432 1219 eorum
1458 1178 1565 1221 alter
1586 1185 1736 1222 exacto

189 1246 362 1288 demum
393 1247 646 1304 magistratu
675 1249 774 1291 Kal.
806 1249 934 1291 Mart.
963 1249 1062 1291 anni
1093 1248 1145 1290 54
1178 1248 1418 1292 citeriorem
1449 1248 1634 1293 Galliam
1663 1265 1735 1293 ac-

189 1319 329 1376 cipere
371 1319 614 1371 iuberetur‚
661 1321 706 1362 id
745 1321 860 1377 quod
898 1328 1045 1363 contra
1079 1320 1287 1363 maiorum
1327 1336 1486 1364 morem
1525 1338 1620 1366 esse
1665 1322 1735 1365 ait.

189 1392 307 1435 Hinc
338 1400 482 1449 aperte
511 1393 695 1435 efficitur
725 1394 866 1436 exisse
895 1394 939 1435 in
973 1393 1169 1436 citeriore
1194 1392 1338 1437 Gallia
1369 1394 1595 1451 imperium
1624 1393 1735 1438 Cae-

189 1465 296 1508 saris
323 1466 420 1522 lege
450 1465 622 1509 Vatinia
650 1466 797 1509 datum
823 1465 1035 1508 Kalendis
1059 1465 1230 1508 Martiis
1258 1466 1359 1508 anni
1389 1467 1443 1509 54
1470 1482 1507 1509 a.
1534 1465 1653 1518 Chr„
1685 1483 1736 1510 ac

188 1545 280 1580 tuto
309 1538 565 1594 colligemus
593 1539 730 1596 ipsam
748 1539 890 1595 legem
918 1545 1100 1580 exeunte
1131 1553 1276 1581 mense
1293 1538 1530 1582 Februario
1561 1540 1661 1582 anni
1681 1540 1734 1584 59

187 1614 302 1664 (nam
324 1608 529 1653 Calendis
548 1611 654 1668 ipsis
681 1611 852 1654 comitia
878 1609 1186 1652 non-videntur
1201 1609 1347 1652 haberi
1364 1611 1580 1667 potuisse)
1606 1612 1734 1655 latam

187 1698 296 1733 esse,
331 1683 375 1724 in
407 1699 541 1740 eaque
570 1684 633 1727 sic
663 1683 799 1726 fuisse
831 1683 1053 1738 scriptum,
1093 1690 1141 1724 ut
1175 1680 1336 1725 Caesar
1366 1683 1420 1725 ab
1451 1698 1502 1726 eo
1533 1683 1616 1734 die,
1647 1698 1733 1741 quo

187 1755 348 1811 perlata
384 1765 497 1798 esset
533 1757 625 1807 lex,
672 1756 740 1798 vel
776 1771 801 1799 a
843 1755 1048 1812 proximis
1077 1752 1282 1797 Calendis
1317 1755 1362 1797 in
1391 1755 1733 1812 quinquennium

189 1826 375 1870 Galliam
404 1826 670 1885 Cisalpinam
698 1843 797 1871 eum
824 1828 999 1884 Illyrico
1042 1828 1080 1869 ei
1114 1827 1281 1869 adiecto
1314 1827 1536 1870 obtineret.
1599 1828 1732 1872 Hune

185 1907 329 1943 autem
369 1901 482 1943 diem
519 1902 629 1958 legis
656 1901 852 1944 Vatiniae
894 1900 1132 1942 rectissime
1165 1899 1249 1942 iam
1285 1899 1494 1942 intellexit
1525 1900 1588 1942 M.
1625 1901 1727 1943 Ant.

188 1973 408 2016 Ferratius
441 1974 562 2030 epist.
591 1975 680 2025 III,
725 1975 749 2017 9
782 1990 822 2030 p.
860 1973 962 2022 191,
1000 1972 1123 2014 cuius
1160 1971 1370 2014 sententia
1399 1986 1495 2014 cum
1529 1987 1554 2014 a
1583 1987 1732 2015 recen-

186 2046 367 2089 tioribus
395 2047 482 2089 fere
512 2047 708 2103 neglecta
735 2053 868 2096 esset,
906 2043 1104 2102 pluribus
1142 2043 1223 2086 hoc
1251 2044 1345 2086 loco
1375 2042 1602 2086 videbatur
1638 2059 1734 2087 esse

186 2119 452 2174 explicanda.
490 2118 579 2161 Sed
612 2119 665 2162 de
696 2120 792 2175 lege
809 2118 1038 2167 Trebonia,
1069 2131 1154 2171 qua
1172 2113 1349 2158 Caesari
1377 2115 1606 2171 imperium
1635 2131 1733 2173 pro-

185 2197 384 2247 rogatum
423 2205 519 2232 esse
549 2191 676 2247 paulo
715 2198 814 2247 post
854 2188 1157 2238 ostendemus,
1196 2187 1311 2229 idem
1339 2187 1559 2230 Ferratius
1589 2189 1732 2232 minus

185 2270 299 2306 recte
316 2263 490 2313 iudicat,
520 2263 563 2304 in
583 2262 706 2304 cuius
734 2262 942 2304 sententia
958 2276 1067 2317 quae
1084 2260 1228 2302 minus
1255 2259 1575 2315 probassemus,
1607 2262 1732 2304 tacite

187 2335 402 2392 corrigere
436 2350 565 2391 quam
592 2335 736 2377 multis
764 2334 964 2390 persequi
995 2332 1238 2379 maluimus.

298 2407 421 2450 Haec
450 2403 617 2451 est‘illa
645 2408 715 2450 lex
739 2405 931 2455 Vatinia,
971 2420 1056 2461 qua
1083 2402 1282 2446 Caesaris
1329 2403 1542 2460 potentiae
1574 2403 1732 2446 funda-

187 2488 329 2523 menta
356 2481 467 2523 iacta
498 2487 610 2531 sunt,
641 2493 751 2536 quae
778 2485 944 2534 praeter
971 2477 1067 2526 alia,
1093 2490 1202 2532 quae
1232 2475 1284 2518 ab
1305 2475 1588 2532 scriptoribus
1621 2476 1732 2519 tradi

188 2554 346 2603 solent,
393 2553 470 2594 hoc
497 2551 705 2608 imprimis
740 2549 997 2599 introduxit,
1033 2556 1081 2591 ut
1112 2548 1254 2592 Gallia
1287 2547 1508 2605 Cisalpina
1547 2548 1592 2590 in
1630 2563 1730 2604 pro-

185 2626 302 2682 priae
332 2624 579 2681 provinciae
609 2624 789 2666 formam
818 2622 1087 2678 redigeretur
1123 2628 1295 2677 totaque
1326 2620 1451 2663 Italia
1478 2621 1599 2663 aliter
1629 2635 1731 2663 con-

188 2698 448 2740 stitueretur.
511 2696 783 2751 Quamquam
821 2710 871 2737 ea
910 2709 994 2737 non
1039 2700 1264 2736 contentus
1299 2693 1380 2735 fuit
1410 2691 1584 2736 Caesar.
1641 2692 1731 2747 Qui

187 2771 265 2812 etsi
297 2776 338 2812 et
367 2785 572 2826 magnum
599 2767 826 2824 imperium
854 2773 1078 2823 acceperat
1106 2773 1230 2819 (nam
1251 2772 1337 2809 tres
1363 2767 1401 2808 ei
1429 2766 1622 2822 legiones
1653 2765 1728 2807 da-

189 2841 372 2896 bantur)
412 2849 454 2883 et
497 2841 599 2885 satis
643 2840 919 2889 diuturnum,
965 2838 1106 2882 minus
1148 2846 1287 2881 tamen
1327 2837 1592 2881 commodam
1636 2851 1730 2881 esse
