<?xml version="1.0" encoding="UTF-8"?>
<!DOCTYPE html PUBLIC "-//W3C//DTD XHTML 1.0 Transitional//EN"
    "http://www.w3.org/TR/xhtml1/DTD/xhtml1-transitional.dtd">
<html xmlns="http://www.w3.org/1999/xhtml" xml:lang="en" lang="en">
 <head>
  <title>
</title>
<meta http-equiv="Content-Type" content="text/html;charset=utf-8" />
  <meta name='ocr-system' content='tesseract 3.04.00' />
  <meta name='ocr-capabilities' content='ocr_page ocr_carea ocr_par ocr_line ocrx_word'/>
</head>
<body>
  <div class='ocr_page' id='page_1' title='image "./studiaromanasive00zump_0303.png"; bbox 0 0 1846 3100; ppageno 0'>
   <div class='ocr_carea' id='block_1_1' title="bbox 0 1192 14 1673">
    <p class='ocr_par' dir='ltr' id='par_1_1' title="bbox 0 1192 14 1673">
     <span class='ocr_line' id='line_1_1' title="bbox 0 1192 14 1673; textangle 90"><span class='ocrx_word' id='word_1_1' title='bbox 4 1660 13 1673; x_wconf 35' lang='grc' dir='ltr'>ζ,</span> <span class='ocrx_word' id='word_1_2' title='bbox 11 1635 14 1643; x_wconf 18' lang='grc' dir='ltr'>Ἴ,</span> <span class='ocrx_word' id='word_1_3' title='bbox 0 1431 14 1620; x_wconf 54' lang='grc' dir='ltr'>χῑι-ς-,ηπ-μ-ςῃκτ</span> <span class='ocrx_word' id='word_1_4' title='bbox 0 1382 7 1419; x_wconf 50' lang='lat' dir='ltr'>av&gt;</span> <span class='ocrx_word' id='word_1_5' title='bbox 0 1283 14 1369; x_wconf 51' lang='lat' dir='ltr'>mxu-&lt;ge-</span> <span class='ocrx_word' id='word_1_6' title='bbox 4 1239 10 1260; x_wconf 30' lang='grc' dir='ltr'>ἡ,</span> <span class='ocrx_word' id='word_1_7' title='bbox 11 1192 13 1197; x_wconf 35' lang='grc' dir='ltr'><strong><em>Δ</em></strong></span> 
     </span>
    </p>
   </div>
   <div class='ocr_carea' id='block_1_2' title="bbox 0 1998 31 2795">
    <p class='ocr_par' dir='ltr' id='par_1_2' title="bbox 0 1998 31 2795">
     <span class='ocr_line' id='line_1_2' title="bbox 0 1998 31 2795; textangle 90"><span class='ocrx_word' id='word_1_8' title='bbox 22 2784 29 2795; x_wconf 55' lang='grc'>,</span> <span class='ocrx_word' id='word_1_9' title='bbox 5 2698 28 2731; x_wconf 61' lang='lat'>75«,</span> <span class='ocrx_word' id='word_1_10' title='bbox 6 2686 10 2689; x_wconf 64' lang='grc'><strong><em>’</em></strong></span> <span class='ocrx_word' id='word_1_11' title='bbox 4 2509 31 2678; x_wconf 42' lang='lat' dir='ltr'>*xj-Qae‘tffcss·</span> <span class='ocrx_word' id='word_1_12' title='bbox 10 2499 14 2502; x_wconf 54' lang='lat'><strong>⁴</strong></span> <span class='ocrx_word' id='word_1_13' title='bbox 12 2485 26 2493; x_wconf 53' lang='lat'>2,</span> <span class='ocrx_word' id='word_1_14' title='bbox 0 2090 30 2479; x_wconf 49' lang='lat' dir='ltr'>„‚ff21,e0225w†554081vh</span> <span class='ocrx_word' id='word_1_15' title='bbox 0 2080 13 2084; x_wconf 50' lang='grc' dir='ltr'>ἲ</span> <span class='ocrx_word' id='word_1_16' title='bbox 5 2057 17 2073; x_wconf 55' lang='lat'><em>1</em></span> <span class='ocrx_word' id='word_1_17' title='bbox 0 2035 12 2049; x_wconf 61' lang='lat'>⁴³</span> <span class='ocrx_word' id='word_1_18' title='bbox 6 2022 9 2023; x_wconf 57' lang='lat'>¹</span> <span class='ocrx_word' id='word_1_19' title='bbox 7 1998 15 2011; x_wconf 49' lang='lat'><strong><em>⁹</em></strong></span> 
     </span>
    </p>
   </div>
   <div class='ocr_carea' id='block_1_3' title="bbox 555 156 1685 203">
    <p class='ocr_par' dir='ltr' id='par_1_3' title="bbox 555 156 1685 203">
     <span class='ocr_line' id='line_1_3' title="bbox 555 156 1685 203; baseline -0.002 -10"><span class='ocrx_word' id='word_1_20' title='bbox 555 162 609 193; x_wconf 88' lang='lat' dir='ltr'>De</span> <span class='ocrx_word' id='word_1_21' title='bbox 634 161 767 202; x_wconf 83' lang='lat' dir='ltr'>legibus</span> <span class='ocrx_word' id='word_1_22' title='bbox 790 160 1050 203; x_wconf 81' lang='lat' dir='ltr'><strong>municipalibus</strong></span> <span class='ocrx_word' id='word_1_23' title='bbox 1074 160 1281 203; x_wconf 83' lang='lat' dir='ltr'>Hispanicis.</span> <span class='ocrx_word' id='word_1_24' title='bbox 1606 156 1685 201; x_wconf 77' lang='lat'>‘291</span> 
     </span>
    </p>
   </div>
   <div class='ocr_carea' id='block_1_4' title="bbox 148 267 1702 2918">
    <p class='ocr_par' dir='ltr' id='par_1_4' title="bbox 148 267 1696 616">
     <span class='ocr_line' id='line_1_4' title="bbox 148 267 1693 319; baseline -0.002 -6"><span class='ocrx_word' id='word_1_25' title='bbox 148 270 288 313; x_wconf 78' lang='lat' dir='ltr'>babile</span> <span class='ocrx_word' id='word_1_26' title='bbox 329 278 406 319; x_wconf 85' lang='lat' dir='ltr'>est,</span> <span class='ocrx_word' id='word_1_27' title='bbox 452 270 487 311; x_wconf 90' lang='lat' dir='ltr'>si</span> <span class='ocrx_word' id='word_1_28' title='bbox 525 269 803 317; x_wconf 86' lang='lat' dir='ltr'>retinuerunt,</span> <span class='ocrx_word' id='word_1_29' title='bbox 846 269 931 310; x_wconf 88' lang='lat' dir='ltr'>iam</span> <span class='ocrx_word' id='word_1_30' title='bbox 969 268 1073 310; x_wconf 88' lang='lat' dir='ltr'>haec</span> <span class='ocrx_word' id='word_1_31' title='bbox 1117 267 1254 309; x_wconf 81' lang='lat' dir='ltr'>extitit</span> <span class='ocrx_word' id='word_1_32' title='bbox 1291 267 1412 317; x_wconf 89' lang='lat' dir='ltr'>ratio,</span> <span class='ocrx_word' id='word_1_33' title='bbox 1452 275 1500 310; x_wconf 91' lang='lat' dir='ltr'>ut</span> <span class='ocrx_word' id='word_1_34' title='bbox 1535 269 1693 310; x_wconf 90' lang='lat' dir='ltr'>civium</span> 
     </span>
     <span class='ocr_line' id='line_1_5' title="bbox 148 339 1695 396; baseline -0.002 -11"><span class='ocrx_word' id='word_1_35' title='bbox 148 343 438 386; x_wconf 87' lang='lat' dir='ltr'>Romanorum</span> <span class='ocrx_word' id='word_1_36' title='bbox 469 356 688 390; x_wconf 87' lang='lat' dir='ltr'>numerus,</span> <span class='ocrx_word' id='word_1_37' title='bbox 720 341 793 396; x_wconf 90' lang='lat' dir='ltr'>qui</span> <span class='ocrx_word' id='word_1_38' title='bbox 822 340 1129 382; x_wconf 86' lang='lat' dir='ltr'>Nemausensis</span> <span class='ocrx_word' id='word_1_39' title='bbox 1157 339 1302 395; x_wconf 83' lang='lat' dir='ltr'>oppidi</span> <span class='ocrx_word' id='word_1_40' title='bbox 1319 340 1478 382; x_wconf 90' lang='lat' dir='ltr'>finibus</span> <span class='ocrx_word' id='word_1_41' title='bbox 1506 341 1695 382; x_wconf 87' lang='lat' dir='ltr'>contine-</span> 
     </span>
     <span class='ocr_line' id='line_1_6' title="bbox 150 412 1696 468; baseline -0.003 -10"><span class='ocrx_word' id='word_1_42' title='bbox 150 415 288 463; x_wconf 84' lang='lat' dir='ltr'><strong>batur,</strong></span> <span class='ocrx_word' id='word_1_43' title='bbox 321 431 346 456; x_wconf 90' lang='lat' dir='ltr'>a</span> <span class='ocrx_word' id='word_1_44' title='bbox 364 415 530 456; x_wconf 88' lang='lat' dir='ltr'>Latinis</span> <span class='ocrx_word' id='word_1_45' title='bbox 552 412 797 455; x_wconf 85' lang='lat' dir='ltr'>hominibus</span> <span class='ocrx_word' id='word_1_46' title='bbox 825 413 867 453; x_wconf 91' lang='lat' dir='ltr'>in</span> <span class='ocrx_word' id='word_1_47' title='bbox 896 413 1086 454; x_wconf 88' lang='lat' dir='ltr'>coloniae</span> <span class='ocrx_word' id='word_1_48' title='bbox 1115 412 1423 468; x_wconf 84' lang='lat' dir='ltr'>rempublicam</span> <span class='ocrx_word' id='word_1_49' title='bbox 1443 412 1696 455; x_wconf 83' lang='lat' dir='ltr'>contributis</span> 
     </span>
     <span class='ocr_line' id='line_1_7' title="bbox 149 484 1696 544; baseline -0.001 -15"><span class='ocrx_word' id='word_1_50' title='bbox 149 488 276 544; x_wconf 89' lang='lat' dir='ltr'>longe</span> <span class='ocrx_word' id='word_1_51' title='bbox 309 487 561 528; x_wconf 83' lang='lat' dir='ltr'>vinceretur.</span> <span class='ocrx_word' id='word_1_52' title='bbox 606 485 771 527; x_wconf 88' lang='lat' dir='ltr'>Eadem</span> <span class='ocrx_word' id='word_1_53' title='bbox 799 494 941 526; x_wconf 86' lang='lat' dir='ltr'>autem</span> <span class='ocrx_word' id='word_1_54' title='bbox 972 484 1077 526; x_wconf 83' lang='lat' dir='ltr'>ratio</span> <span class='ocrx_word' id='word_1_55' title='bbox 1108 499 1186 525; x_wconf 88' lang='lat' dir='ltr'>cur</span> <span class='ocrx_word' id='word_1_56' title='bbox 1213 499 1296 525; x_wconf 90' lang='lat' dir='ltr'>non</span> <span class='ocrx_word' id='word_1_57' title='bbox 1329 484 1370 525; x_wconf 88' lang='lat' dir='ltr'>in</span> <span class='ocrx_word' id='word_1_58' title='bbox 1390 485 1534 527; x_wconf 84' lang='lat' dir='ltr'>multis</span> <span class='ocrx_word' id='word_1_59' title='bbox 1555 486 1696 527; x_wconf 90' lang='lat' dir='ltr'>muni-</span> 
     </span>
     <span class='ocr_line' id='line_1_8' title="bbox 150 556 1354 616; baseline -0.004 -15"><span class='ocrx_word' id='word_1_60' title='bbox 150 559 272 616; x_wconf 83' lang='lat' dir='ltr'>cipiis</span> <span class='ocrx_word' id='word_1_61' title='bbox 303 567 344 602; x_wconf 86' lang='lat' dir='ltr'>et</span> <span class='ocrx_word' id='word_1_62' title='bbox 371 558 562 614; x_wconf 89' lang='lat' dir='ltr'>potuisse</span> <span class='ocrx_word' id='word_1_63' title='bbox 593 558 788 600; x_wconf 86' lang='lat' dir='ltr'>accidere</span> <span class='ocrx_word' id='word_1_64' title='bbox 818 566 858 598; x_wconf 89' lang='lat' dir='ltr'>et</span> <span class='ocrx_word' id='word_1_65' title='bbox 890 556 1098 598; x_wconf 86' lang='lat' dir='ltr'>accidisse</span> <span class='ocrx_word' id='word_1_66' title='bbox 1125 556 1354 597; x_wconf 80' lang='lat' dir='ltr'>videatur?</span> 
     </span>
    </p>

    <p class='ocr_par' dir='ltr' id='par_1_5' title="bbox 150 627 1702 2918">
     <span class='ocr_line' id='line_1_9' title="bbox 262 627 1693 686; baseline 0 -14"><span class='ocrx_word' id='word_1_67' title='bbox 262 631 381 673; x_wconf 85' lang='lat' dir='ltr'>Haec</span> <span class='ocrx_word' id='word_1_68' title='bbox 416 640 639 686; x_wconf 81' lang='lat' dir='ltr'>postquam</span> <span class='ocrx_word' id='word_1_69' title='bbox 684 629 736 671; x_wconf 91' lang='lat' dir='ltr'>de</span> <span class='ocrx_word' id='word_1_70' title='bbox 769 629 1032 685; x_wconf 86' lang='lat' dir='ltr'>municipum</span> <span class='ocrx_word' id='word_1_71' title='bbox 1069 627 1300 684; x_wconf 89' lang='lat' dir='ltr'>generibus</span> <span class='ocrx_word' id='word_1_72' title='bbox 1332 629 1547 685; x_wconf 88' lang='lat' dir='ltr'>disputata</span> <span class='ocrx_word' id='word_1_73' title='bbox 1581 638 1693 680; x_wconf 85' lang='lat' dir='ltr'>sunt,</span> 
     </span>
     <span class='ocr_line' id='line_1_10' title="bbox 150 701 1694 765; baseline -0.001 -19"><span class='ocrx_word' id='word_1_74' title='bbox 150 703 418 746; x_wconf 84' lang='lat' dir='ltr'>redeundum</span> <span class='ocrx_word' id='word_1_75' title='bbox 445 711 510 744; x_wconf 91' lang='lat' dir='ltr'>est</span> <span class='ocrx_word' id='word_1_76' title='bbox 540 702 594 742; x_wconf 85' lang='lat' dir='ltr'>ad</span> <span class='ocrx_word' id='word_1_77' title='bbox 615 701 790 750; x_wconf 88' lang='lat' dir='ltr'>incolas,</span> <span class='ocrx_word' id='word_1_78' title='bbox 810 716 992 756; x_wconf 90' lang='lat' dir='ltr'>quorum</span> <span class='ocrx_word' id='word_1_79' title='bbox 1017 716 1112 742; x_wconf 88' lang='lat' dir='ltr'>cum</span> <span class='ocrx_word' id='word_1_80' title='bbox 1133 701 1337 765; x_wconf 58' lang='lat' dir='ltr'>duojtem</span> <span class='ocrx_word' id='word_1_81' title='bbox 1358 717 1516 758; x_wconf 85' lang='lat' dir='ltr'>genera</span> <span class='ocrx_word' id='word_1_82' title='bbox 1537 711 1694 752; x_wconf 89' lang='lat' dir='ltr'>essent,</span> 
     </span>
     <span class='ocr_line' id='line_1_11' title="bbox 151 774 1692 830; baseline -0.001 -12"><span class='ocrx_word' id='word_1_83' title='bbox 151 776 309 818; x_wconf 88' lang='lat' dir='ltr'>civium</span> <span class='ocrx_word' id='word_1_84' title='bbox 351 775 640 817; x_wconf 81' lang='lat' dir='ltr'>Romanorum</span> <span class='ocrx_word' id='word_1_85' title='bbox 672 783 712 815; x_wconf 91' lang='lat' dir='ltr'>et</span> <span class='ocrx_word' id='word_1_86' title='bbox 743 774 1010 817; x_wconf 80' lang='lat' dir='ltr'>Latinorum.</span> <span class='ocrx_word' id='word_1_87' title='bbox 1047 782 1277 828; x_wconf 88' lang='lat' dir='ltr'>utrumque</span> <span class='ocrx_word' id='word_1_88' title='bbox 1308 774 1362 815; x_wconf 89' lang='lat' dir='ltr'>ad</span> <span class='ocrx_word' id='word_1_89' title='bbox 1401 775 1594 830; x_wconf 85' lang='lat' dir='ltr'>suffragii</span> <span class='ocrx_word' id='word_1_90' title='bbox 1623 775 1692 818; x_wconf 86' lang='lat' dir='ltr'>ius</span> 
     </span>
     <span class='ocr_line' id='line_1_12' title="bbox 151 846 1696 902; baseline 0 -13"><span class='ocrx_word' id='word_1_91' title='bbox 151 848 385 890; x_wconf 89' lang='lat' dir='ltr'>admissum</span> <span class='ocrx_word' id='word_1_92' title='bbox 418 863 511 889; x_wconf 83' lang='lat' dir='ltr'>esse</span> <span class='ocrx_word' id='word_1_93' title='bbox 543 862 672 902; x_wconf 86' lang='lat' dir='ltr'>supra</span> <span class='ocrx_word' id='word_1_94' title='bbox 691 846 894 895; x_wconf 82' lang='lat' dir='ltr'>diximus,</span> <span class='ocrx_word' id='word_1_95' title='bbox 926 846 978 887; x_wconf 85' lang='lat' dir='ltr'>ad</span> <span class='ocrx_word' id='word_1_96' title='bbox 1006 846 1188 888; x_wconf 80' lang='lat' dir='ltr'>honores</span> <span class='ocrx_word' id='word_1_97' title='bbox 1215 861 1299 887; x_wconf 91' lang='lat' dir='ltr'>non</span> <span class='ocrx_word' id='word_1_98' title='bbox 1329 846 1466 888; x_wconf 90' lang='lat' dir='ltr'>videri</span> <span class='ocrx_word' id='word_1_99' title='bbox 1499 863 1593 890; x_wconf 88' lang='lat' dir='ltr'>esse</span> <span class='ocrx_word' id='word_1_100' title='bbox 1619 848 1696 889; x_wconf 85' lang='lat' dir='ltr'>ad-</span> 
     </span>
     <span class='ocr_line' id='line_1_13' title="bbox 153 917 1696 973; baseline 0 -11"><span class='ocrx_word' id='word_1_101' title='bbox 153 921 344 962; x_wconf 87' lang='lat' dir='ltr'>missum.</span> <span class='ocrx_word' id='word_1_102' title='bbox 390 917 475 961; x_wconf 86' lang='lat' dir='ltr'>Cui</span> <span class='ocrx_word' id='word_1_103' title='bbox 501 919 562 960; x_wconf 89' lang='lat' dir='ltr'>rei</span> <span class='ocrx_word' id='word_1_104' title='bbox 595 919 718 960; x_wconf 84' lang='lat' dir='ltr'>etiam</span> <span class='ocrx_word' id='word_1_105' title='bbox 749 918 829 960; x_wconf 91' lang='lat' dir='ltr'>hoc</span> <span class='ocrx_word' id='word_1_106' title='bbox 857 926 1109 973; x_wconf 86' lang='lat' dir='ltr'>argumento</span> <span class='ocrx_word' id='word_1_107' title='bbox 1129 926 1205 967; x_wconf 90' lang='lat' dir='ltr'>est,</span> <span class='ocrx_word' id='word_1_108' title='bbox 1239 918 1354 972; x_wconf 92' lang='lat' dir='ltr'>quod</span> <span class='ocrx_word' id='word_1_109' title='bbox 1383 919 1425 959; x_wconf 93' lang='lat' dir='ltr'>in</span> <span class='ocrx_word' id='word_1_110' title='bbox 1455 935 1542 960; x_wconf 91' lang='lat' dir='ltr'>una</span> <span class='ocrx_word' id='word_1_111' title='bbox 1565 921 1696 969; x_wconf 86' lang='lat' dir='ltr'>curia,</span> 
     </span>
     <span class='ocr_line' id='line_1_14' title="bbox 151 990 1697 1048; baseline -0.001 -13"><span class='ocrx_word' id='word_1_112' title='bbox 151 1007 260 1048; x_wconf 84' lang='lat' dir='ltr'>quae</span> <span class='ocrx_word' id='word_1_113' title='bbox 281 1000 393 1035; x_wconf 84' lang='lat' dir='ltr'>sorte</span> <span class='ocrx_word' id='word_1_114' title='bbox 415 1000 511 1033; x_wconf 89' lang='lat' dir='ltr'>ante</span> <span class='ocrx_word' id='word_1_115' title='bbox 531 991 698 1033; x_wconf 82' lang='lat' dir='ltr'>comitia</span> <span class='ocrx_word' id='word_1_116' title='bbox 714 990 910 1032; x_wconf 74' lang='lat' dir='ltr'>habenda</span> <span class='ocrx_word' id='word_1_117' title='bbox 929 991 1112 1039; x_wconf 83' lang='lat' dir='ltr'>ducitur,</span> <span class='ocrx_word' id='word_1_118' title='bbox 1137 990 1388 1045; x_wconf 77' lang='lat' dir='ltr'>suffragium</span> <span class='ocrx_word' id='word_1_119' title='bbox 1408 991 1518 1032; x_wconf 81' lang='lat' dir='ltr'>ferre</span> <span class='ocrx_word' id='word_1_120' title='bbox 1535 991 1697 1033; x_wconf 82' lang='lat' dir='ltr'>incolae</span> 
     </span>
     <span class='ocr_line' id='line_1_15' title="bbox 152 1063 1697 1119; baseline -0.002 -12"><span class='ocrx_word' id='word_1_121' title='bbox 152 1065 369 1114; x_wconf 85' lang='lat' dir='ltr'>iubentur,</span> <span class='ocrx_word' id='word_1_122' title='bbox 400 1079 485 1106; x_wconf 92' lang='lat' dir='ltr'>non</span> <span class='ocrx_word' id='word_1_123' title='bbox 517 1079 591 1119; x_wconf 84' lang='lat' dir='ltr'>per</span> <span class='ocrx_word' id='word_1_124' title='bbox 621 1065 768 1105; x_wconf 89' lang='lat' dir='ltr'>omnes</span> <span class='ocrx_word' id='word_1_125' title='bbox 798 1064 1029 1118; x_wconf 85' lang='lat' dir='ltr'>aequaliter</span> <span class='ocrx_word' id='word_1_126' title='bbox 1060 1063 1240 1118; x_wconf 81' lang='lat' dir='ltr'>dispersi</span> <span class='ocrx_word' id='word_1_127' title='bbox 1262 1070 1374 1111; x_wconf 85' lang='lat' dir='ltr'>sunt,</span> <span class='ocrx_word' id='word_1_128' title='bbox 1405 1071 1452 1104; x_wconf 89' lang='lat' dir='ltr'>ut</span> <span class='ocrx_word' id='word_1_129' title='bbox 1470 1077 1548 1104; x_wconf 88' lang='lat' dir='ltr'>nec</span> <span class='ocrx_word' id='word_1_130' title='bbox 1573 1078 1697 1118; x_wconf 86' lang='lat' dir='ltr'>prae-</span> 
     </span>
     <span class='ocr_line' id='line_1_16' title="bbox 152 1134 1698 1189; baseline -0.001 -10"><span class='ocrx_word' id='word_1_131' title='bbox 152 1146 368 1179; x_wconf 81' lang='lat' dir='ltr'>tereantur</span> <span class='ocrx_word' id='word_1_132' title='bbox 406 1136 578 1178; x_wconf 85' lang='lat' dir='ltr'>omnino</span> <span class='ocrx_word' id='word_1_133' title='bbox 609 1144 650 1177; x_wconf 87' lang='lat' dir='ltr'>et</span> <span class='ocrx_word' id='word_1_134' title='bbox 681 1143 893 1185; x_wconf 84' lang='lat' dir='ltr'>caveatur,</span> <span class='ocrx_word' id='word_1_135' title='bbox 932 1151 984 1177; x_wconf 88' lang='lat' dir='ltr'>ne</span> <span class='ocrx_word' id='word_1_136' title='bbox 1021 1135 1199 1177; x_wconf 89' lang='lat' dir='ltr'>nimium</span> <span class='ocrx_word' id='word_1_137' title='bbox 1235 1134 1278 1175; x_wconf 91' lang='lat' dir='ltr'>in</span> <span class='ocrx_word' id='word_1_138' title='bbox 1313 1135 1450 1176; x_wconf 83' lang='lat' dir='ltr'>aliena</span> <span class='ocrx_word' id='word_1_139' title='bbox 1479 1135 1698 1189; x_wconf 85' lang='lat' dir='ltr'>republica</span> 
     </span>
     <span class='ocr_line' id='line_1_17' title="bbox 153 1207 1697 1266; baseline -0.001 -15"><span class='ocrx_word' id='word_1_140' title='bbox 153 1210 329 1266; x_wconf 83' lang='lat' dir='ltr'>possint.</span> <span class='ocrx_word' id='word_1_141' title='bbox 385 1208 472 1250; x_wconf 75' lang='lat' dir='ltr'>Sed</span> <span class='ocrx_word' id='word_1_142' title='bbox 501 1208 602 1249; x_wconf 91' lang='lat' dir='ltr'>mihi</span> <span class='ocrx_word' id='word_1_143' title='bbox 630 1208 802 1262; x_wconf 88' lang='lat' dir='ltr'>quidem</span> <span class='ocrx_word' id='word_1_144' title='bbox 834 1207 914 1249; x_wconf 88' lang='lat' dir='ltr'>hoc</span> <span class='ocrx_word' id='word_1_145' title='bbox 942 1208 1036 1249; x_wconf 63' lang='lat' dir='ltr'>loro</span> <span class='ocrx_word' id='word_1_146' title='bbox 1061 1208 1103 1248; x_wconf 92' lang='lat' dir='ltr'>in</span> <span class='ocrx_word' id='word_1_147' title='bbox 1133 1215 1315 1249; x_wconf 83' lang='lat' dir='ltr'><strong>mentem</strong></span> <span class='ocrx_word' id='word_1_148' title='bbox 1344 1208 1459 1249; x_wconf 89' lang='lat' dir='ltr'>venit</span> <span class='ocrx_word' id='word_1_149' title='bbox 1491 1208 1697 1263; x_wconf 90' lang='lat' dir='ltr'>gravissi-</span> 
     </span>
     <span class='ocr_line' id='line_1_18' title="bbox 153 1280 1697 1337; baseline -0.002 -12"><span class='ocrx_word' id='word_1_150' title='bbox 153 1298 246 1325; x_wconf 86' lang='lat' dir='ltr'>mae</span> <span class='ocrx_word' id='word_1_151' title='bbox 274 1281 550 1337; x_wconf 83' lang='lat' dir='ltr'>quaestionis,</span> <span class='ocrx_word' id='word_1_152' title='bbox 582 1295 691 1335; x_wconf 86' lang='lat' dir='ltr'>quae</span> <span class='ocrx_word' id='word_1_153' title='bbox 723 1281 775 1321; x_wconf 78' lang='lat' dir='ltr'>ad</span> <span class='ocrx_word' id='word_1_154' title='bbox 796 1280 1021 1322; x_wconf 76' lang='lat' dir='ltr'>maximam</span> <span class='ocrx_word' id='word_1_155' title='bbox 1044 1280 1305 1336; x_wconf 87' lang='lat' dir='ltr'>reipublicae</span> <span class='ocrx_word' id='word_1_156' title='bbox 1325 1287 1484 1336; x_wconf 85' lang='lat' dir='ltr'>partem</span> <span class='ocrx_word' id='word_1_157' title='bbox 1502 1280 1697 1336; x_wconf 76' lang='lat' dir='ltr'>pertinet,</span> 
     </span>
     <span class='ocr_line' id='line_1_19' title="bbox 154 1351 1698 1410; baseline -0.002 -13"><span class='ocrx_word' id='word_1_158' title='bbox 154 1355 207 1397; x_wconf 87' lang='lat' dir='ltr'>de</span> <span class='ocrx_word' id='word_1_159' title='bbox 239 1370 325 1410; x_wconf 89' lang='lat' dir='ltr'>qua</span> <span class='ocrx_word' id='word_1_160' title='bbox 356 1369 452 1395; x_wconf 90' lang='lat' dir='ltr'>cum</span> <span class='ocrx_word' id='word_1_161' title='bbox 495 1353 593 1394; x_wconf 91' lang='lat' dir='ltr'>olim</span> <span class='ocrx_word' id='word_1_162' title='bbox 633 1351 687 1394; x_wconf 85' lang='lat' dir='ltr'>ab</span> <span class='ocrx_word' id='word_1_163' title='bbox 723 1353 983 1394; x_wconf 85' lang='lat' dir='ltr'>doctissimis</span> <span class='ocrx_word' id='word_1_164' title='bbox 1020 1352 1123 1394; x_wconf 85' lang='lat' dir='ltr'>viris</span> <span class='ocrx_word' id='word_1_165' title='bbox 1156 1352 1326 1394; x_wconf 81' lang='lat' dir='ltr'>diverse</span> <span class='ocrx_word' id='word_1_166' title='bbox 1358 1352 1593 1394; x_wconf 81' lang='lat' dir='ltr'>iudicatum</span> <span class='ocrx_word' id='word_1_167' title='bbox 1631 1353 1698 1402; x_wconf 90' lang='lat' dir='ltr'>sit,</span> 
     </span>
     <span class='ocr_line' id='line_1_20' title="bbox 153 1425 1699 1482; baseline -0.003 -13"><span class='ocrx_word' id='word_1_168' title='bbox 153 1428 238 1469; x_wconf 86' lang='lat' dir='ltr'>iam</span> <span class='ocrx_word' id='word_1_169' title='bbox 267 1443 349 1468; x_wconf 86' lang='lat' dir='ltr'>non</span> <span class='ocrx_word' id='word_1_170' title='bbox 376 1426 560 1482; x_wconf 89' lang='lat' dir='ltr'>amplius</span> <span class='ocrx_word' id='word_1_171' title='bbox 592 1425 780 1467; x_wconf 86' lang='lat' dir='ltr'>dubitari</span> <span class='ocrx_word' id='word_1_172' title='bbox 806 1440 934 1480; x_wconf 76' lang='lat' dir='ltr'>posse</span> <span class='ocrx_word' id='word_1_173' title='bbox 962 1425 1171 1466; x_wconf 89' lang='lat' dir='ltr'>videatur.</span> <span class='ocrx_word' id='word_1_174' title='bbox 1218 1425 1387 1466; x_wconf 86' lang='lat' dir='ltr'>Etenim</span> <span class='ocrx_word' id='word_1_175' title='bbox 1421 1425 1455 1466; x_wconf 94' lang='lat' dir='ltr'>si</span> <span class='ocrx_word' id='word_1_176' title='bbox 1484 1425 1526 1465; x_wconf 90' lang='lat' dir='ltr'>in</span> <span class='ocrx_word' id='word_1_177' title='bbox 1560 1425 1699 1465; x_wconf 91' lang='lat' dir='ltr'>muni—</span> 
     </span>
     <span class='ocr_line' id='line_1_21' title="bbox 157 1497 1698 1556; baseline -0.001 -15"><span class='ocrx_word' id='word_1_178' title='bbox 157 1499 280 1556; x_wconf 89' lang='lat' dir='ltr'>cipiis</span> <span class='ocrx_word' id='word_1_179' title='bbox 311 1499 471 1541; x_wconf 91' lang='lat' dir='ltr'>civium</span> <span class='ocrx_word' id='word_1_180' title='bbox 500 1498 789 1539; x_wconf 88' lang='lat' dir='ltr'>Romanorum</span> <span class='ocrx_word' id='word_1_181' title='bbox 825 1513 901 1553; x_wconf 88' lang='lat' dir='ltr'>per</span> <span class='ocrx_word' id='word_1_182' title='bbox 927 1497 1170 1553; x_wconf 87' lang='lat' dir='ltr'>provincias</span> <span class='ocrx_word' id='word_1_183' title='bbox 1204 1497 1295 1539; x_wconf 91' lang='lat' dir='ltr'>sitis</span> <span class='ocrx_word' id='word_1_184' title='bbox 1330 1497 1492 1538; x_wconf 88' lang='lat' dir='ltr'>incolas</span> <span class='ocrx_word' id='word_1_185' title='bbox 1520 1497 1698 1540; x_wconf 88' lang='lat' dir='ltr'>Latinos</span> 
     </span>
     <span class='ocr_line' id='line_1_22' title="bbox 157 1568 1700 1625; baseline -0.001 -12"><span class='ocrx_word' id='word_1_186' title='bbox 157 1571 210 1613; x_wconf 89' lang='lat' dir='ltr'>de</span> <span class='ocrx_word' id='word_1_187' title='bbox 255 1571 488 1613; x_wconf 86' lang='lat' dir='ltr'>honoribus</span> <span class='ocrx_word' id='word_1_188' title='bbox 540 1568 872 1625; x_wconf 84' lang='lat' dir='ltr'>municipalibus</span> <span class='ocrx_word' id='word_1_189' title='bbox 919 1569 1074 1611; x_wconf 77' lang='lat' dir='ltr'>licebat</span> <span class='ocrx_word' id='word_1_190' title='bbox 1122 1569 1377 1624; x_wconf 81' lang='lat' dir='ltr'>suffragium</span> <span class='ocrx_word' id='word_1_191' title='bbox 1420 1569 1530 1610; x_wconf 87' lang='lat' dir='ltr'>ferre</span> <span class='ocrx_word' id='word_1_192' title='bbox 1582 1573 1700 1625; x_wconf 90' lang='lat' dir='ltr'>(nam</span> 
     </span>
     <span class='ocr_line' id='line_1_23' title="bbox 156 1641 1699 1698; baseline -0.001 -13"><span class='ocrx_word' id='word_1_193' title='bbox 156 1643 351 1698; x_wconf 87' lang='lat' dir='ltr'>quamvis</span> <span class='ocrx_word' id='word_1_194' title='bbox 381 1658 466 1684; x_wconf 89' lang='lat' dir='ltr'>non</span> <span class='ocrx_word' id='word_1_195' title='bbox 495 1642 662 1683; x_wconf 73' lang='lat' dir='ltr'>licuerit</span> <span class='ocrx_word' id='word_1_196' title='bbox 693 1642 735 1682; x_wconf 93' lang='lat' dir='ltr'>in</span> <span class='ocrx_word' id='word_1_197' title='bbox 767 1641 979 1690; x_wconf 90' lang='lat' dir='ltr'>omnibus,</span> <span class='ocrx_word' id='word_1_198' title='bbox 1007 1657 1092 1696; x_wconf 90' lang='lat' dir='ltr'>qua</span> <span class='ocrx_word' id='word_1_199' title='bbox 1123 1641 1176 1682; x_wconf 90' lang='lat' dir='ltr'>de</span> <span class='ocrx_word' id='word_1_200' title='bbox 1206 1656 1251 1682; x_wconf 89' lang='lat' dir='ltr'>re</span> <span class='ocrx_word' id='word_1_201' title='bbox 1271 1655 1385 1682; x_wconf 89' lang='lat' dir='ltr'>nunc</span> <span class='ocrx_word' id='word_1_202' title='bbox 1405 1656 1488 1682; x_wconf 88' lang='lat' dir='ltr'>non</span> <span class='ocrx_word' id='word_1_203' title='bbox 1512 1641 1699 1697; x_wconf 85' lang='lat' dir='ltr'>disputo,</span> 
     </span>
     <span class='ocr_line' id='line_1_24' title="bbox 157 1713 1699 1757; baseline -0.001 0"><span class='ocrx_word' id='word_1_204' title='bbox 157 1724 295 1757; x_wconf 84' lang='lat' dir='ltr'>tamen</span> <span class='ocrx_word' id='word_1_205' title='bbox 338 1723 378 1756; x_wconf 89' lang='lat' dir='ltr'>et</span> <span class='ocrx_word' id='word_1_206' title='bbox 410 1715 602 1756; x_wconf 79' lang='lat' dir='ltr'>Malacae</span> <span class='ocrx_word' id='word_1_207' title='bbox 638 1714 812 1756; x_wconf 78' lang='lat' dir='ltr'>licuisse</span> <span class='ocrx_word' id='word_1_208' title='bbox 845 1722 1006 1755; x_wconf 86' lang='lat' dir='ltr'>constat</span> <span class='ocrx_word' id='word_1_209' title='bbox 1042 1723 1083 1755; x_wconf 89' lang='lat' dir='ltr'>et</span> <span class='ocrx_word' id='word_1_210' title='bbox 1112 1714 1155 1754; x_wconf 90' lang='lat' dir='ltr'>in</span> <span class='ocrx_word' id='word_1_211' title='bbox 1186 1729 1272 1755; x_wconf 92' lang='lat' dir='ltr'>uno</span> <span class='ocrx_word' id='word_1_212' title='bbox 1302 1713 1345 1754; x_wconf 88' lang='lat' dir='ltr'>id</span> <span class='ocrx_word' id='word_1_213' title='bbox 1379 1713 1565 1755; x_wconf 88' lang='lat' dir='ltr'>valuisse</span> <span class='ocrx_word' id='word_1_214' title='bbox 1597 1714 1699 1756; x_wconf 86' lang='lat' dir='ltr'>satis</span> 
     </span>
     <span class='ocr_line' id='line_1_25' title="bbox 157 1785 1699 1842; baseline -0.001 -13"><span class='ocrx_word' id='word_1_215' title='bbox 157 1790 254 1841; x_wconf 85' lang='lat' dir='ltr'>est),</span> <span class='ocrx_word' id='word_1_216' title='bbox 286 1787 391 1842; x_wconf 92' lang='lat' dir='ltr'>quid</span> <span class='ocrx_word' id='word_1_217' title='bbox 424 1795 623 1842; x_wconf 86' lang='lat' dir='ltr'>putamus</span> <span class='ocrx_word' id='word_1_218' title='bbox 651 1786 811 1828; x_wconf 84' lang='lat' dir='ltr'>Romae</span> <span class='ocrx_word' id='word_1_219' title='bbox 841 1795 882 1828; x_wconf 91' lang='lat' dir='ltr'>et</span> <span class='ocrx_word' id='word_1_220' title='bbox 911 1786 953 1827; x_wconf 90' lang='lat' dir='ltr'>in</span> <span class='ocrx_word' id='word_1_221' title='bbox 983 1794 1122 1828; x_wconf 90' lang='lat' dir='ltr'>vetere</span> <span class='ocrx_word' id='word_1_222' title='bbox 1153 1785 1373 1841; x_wconf 86' lang='lat' dir='ltr'>republica</span> <span class='ocrx_word' id='word_1_223' title='bbox 1398 1785 1504 1826; x_wconf 89' lang='lat' dir='ltr'>iuris</span> <span class='ocrx_word' id='word_1_224' title='bbox 1535 1785 1699 1827; x_wconf 81' lang='lat' dir='ltr'>fuisse?</span> 
     </span>
     <span class='ocr_line' id='line_1_26' title="bbox 159 1857 1700 1914; baseline -0.001 -13"><span class='ocrx_word' id='word_1_225' title='bbox 159 1859 288 1902; x_wconf 88' lang='lat' dir='ltr'>Unde</span> <span class='ocrx_word' id='word_1_226' title='bbox 325 1865 600 1914; x_wconf 85' lang='lat' dir='ltr'>sumpserunt</span> <span class='ocrx_word' id='word_1_227' title='bbox 636 1857 743 1900; x_wconf 90' lang='lat' dir='ltr'>illud</span> <span class='ocrx_word' id='word_1_228' title='bbox 783 1858 1026 1913; x_wconf 85' lang='lat' dir='ltr'>municipia,</span> <span class='ocrx_word' id='word_1_229' title='bbox 1063 1858 1144 1899; x_wconf 88' lang='lat' dir='ltr'>nisi</span> <span class='ocrx_word' id='word_1_230' title='bbox 1182 1858 1225 1898; x_wconf 91' lang='lat' dir='ltr'>in</span> <span class='ocrx_word' id='word_1_231' title='bbox 1257 1857 1446 1898; x_wconf 83' lang='lat' dir='ltr'>Romana</span> <span class='ocrx_word' id='word_1_232' title='bbox 1479 1857 1700 1913; x_wconf 87' lang='lat' dir='ltr'>republica</span> 
     </span>
     <span class='ocr_line' id='line_1_27' title="bbox 157 1928 1698 1985; baseline -0.003 -12"><span class='ocrx_word' id='word_1_233' title='bbox 157 1931 452 1973; x_wconf 82' lang='lat' dir='ltr'>invenissent?</span> <span class='ocrx_word' id='word_1_234' title='bbox 513 1930 584 1972; x_wconf 91' lang='lat' dir='ltr'>An</span> <span class='ocrx_word' id='word_1_235' title='bbox 623 1930 802 1972; x_wconf 80' lang='lat' dir='ltr'>Latinos</span> <span class='ocrx_word' id='word_1_236' title='bbox 841 1930 876 1972; x_wconf 91' lang='lat' dir='ltr'>si</span> <span class='ocrx_word' id='word_1_237' title='bbox 916 1930 989 1985; x_wconf 89' lang='lat' dir='ltr'>qui</span> <span class='ocrx_word' id='word_1_238' title='bbox 1026 1930 1187 1972; x_wconf 86' lang='lat' dir='ltr'>Romae</span> <span class='ocrx_word' id='word_1_239' title='bbox 1224 1937 1365 1971; x_wconf 90' lang='lat' dir='ltr'>essent</span> <span class='ocrx_word' id='word_1_240' title='bbox 1403 1929 1566 1971; x_wconf 87' lang='lat' dir='ltr'>incolae</span> <span class='ocrx_word' id='word_1_241' title='bbox 1604 1928 1632 1970; x_wconf 90' lang='lat' dir='ltr'>i.</span> <span class='ocrx_word' id='word_1_242' title='bbox 1663 1944 1698 1970; x_wconf 89' lang='lat' dir='ltr'>e.</span> 
     </span>
     <span class='ocr_line' id='line_1_28' title="bbox 157 2001 1701 2056; baseline -0.002 -12"><span class='ocrx_word' id='word_1_243' title='bbox 157 2018 242 2046; x_wconf 93' lang='lat' dir='ltr'>non</span> <span class='ocrx_word' id='word_1_244' title='bbox 274 2003 538 2044; x_wconf 86' lang='lat' dir='ltr'>domicilium</span> <span class='ocrx_word' id='word_1_245' title='bbox 570 2002 629 2044; x_wconf 90' lang='lat' dir='ltr'>ibi</span> <span class='ocrx_word' id='word_1_246' title='bbox 658 2018 783 2044; x_wconf 90' lang='lat' dir='ltr'>suum</span> <span class='ocrx_word' id='word_1_247' title='bbox 816 2002 1149 2050; x_wconf 87' lang='lat' dir='ltr'>constituissent,</span> <span class='ocrx_word' id='word_1_248' title='bbox 1176 2002 1252 2044; x_wconf 90' lang='lat' dir='ltr'>sed</span> <span class='ocrx_word' id='word_1_249' title='bbox 1279 2001 1548 2056; x_wconf 88' lang='lat' dir='ltr'>negotiorum</span> <span class='ocrx_word' id='word_1_250' title='bbox 1571 2015 1701 2042; x_wconf 89' lang='lat' dir='ltr'>causa</span> 
     </span>
     <span class='ocr_line' id='line_1_29' title="bbox 157 2072 1699 2130; baseline -0.002 -14"><span class='ocrx_word' id='word_1_251' title='bbox 157 2083 443 2124; x_wconf 88' lang='lat' dir='ltr'>versarentur,</span> <span class='ocrx_word' id='word_1_252' title='bbox 471 2074 526 2116; x_wconf 88' lang='lat' dir='ltr'>ad</span> <span class='ocrx_word' id='word_1_253' title='bbox 563 2075 818 2130; x_wconf 84' lang='lat' dir='ltr'>suffragium</span> <span class='ocrx_word' id='word_1_254' title='bbox 847 2074 1073 2116; x_wconf 76' lang='lat' dir='ltr'>ferendum</span> <span class='ocrx_word' id='word_1_255' title='bbox 1108 2073 1320 2115; x_wconf 88' lang='lat' dir='ltr'>admissos</span> <span class='ocrx_word' id='word_1_256' title='bbox 1350 2088 1444 2115; x_wconf 88' lang='lat' dir='ltr'>esse</span> <span class='ocrx_word' id='word_1_257' title='bbox 1482 2072 1699 2114; x_wconf 86' lang='lat' dir='ltr'>existima-</span> 
     </span>
     <span class='ocr_line' id='line_1_30' title="bbox 158 2143 1699 2199; baseline -0.002 -12"><span class='ocrx_word' id='word_1_258' title='bbox 158 2145 325 2188; x_wconf 86' lang='lat' dir='ltr'>bimus?</span> <span class='ocrx_word' id='word_1_259' title='bbox 379 2147 526 2198; x_wconf 74' lang='lat' dir='ltr'>Quare</span> <span class='ocrx_word' id='word_1_260' title='bbox 574 2146 713 2188; x_wconf 89' lang='lat' dir='ltr'>minus</span> <span class='ocrx_word' id='word_1_261' title='bbox 752 2154 866 2188; x_wconf 85' lang='lat' dir='ltr'>recte</span> <span class='ocrx_word' id='word_1_262' title='bbox 908 2146 1131 2187; x_wconf 69' lang='lat' dir='ltr'>videntur·</span> <span class='ocrx_word' id='word_1_263' title='bbox 1147 2145 1314 2193; x_wconf 89' lang='lat' dir='ltr'>fecisse,</span> <span class='ocrx_word' id='word_1_264' title='bbox 1351 2145 1438 2199; x_wconf 91' lang='lat' dir='ltr'>qui,</span> <span class='ocrx_word' id='word_1_265' title='bbox 1481 2159 1534 2185; x_wconf 83' lang='lat' dir='ltr'>ne</span> <span class='ocrx_word' id='word_1_266' title='bbox 1573 2143 1699 2185; x_wconf 90' lang='lat' dir='ltr'>nimis</span> 
     </span>
     <span class='ocr_line' id='line_1_31' title="bbox 158 2215 1700 2273; baseline -0.002 -14"><span class='ocrx_word' id='word_1_267' title='bbox 158 2218 226 2260; x_wconf 89' lang='lat' dir='ltr'>ius</span> <span class='ocrx_word' id='word_1_268' title='bbox 255 2218 369 2259; x_wconf 87' lang='lat' dir='ltr'>Latii</span> <span class='ocrx_word' id='word_1_269' title='bbox 397 2217 702 2273; x_wconf 74' lang='lat' dir='ltr'>amplificarent</span> <span class='ocrx_word' id='word_1_270' title='bbox 732 2218 1066 2271; x_wconf 88' lang='lat' dir='ltr'>Latinorumque</span> <span class='ocrx_word' id='word_1_271' title='bbox 1095 2217 1267 2271; x_wconf 87' lang='lat' dir='ltr'>aliquod</span> <span class='ocrx_word' id='word_1_272' title='bbox 1296 2231 1393 2258; x_wconf 90' lang='lat' dir='ltr'>cum</span> <span class='ocrx_word' id='word_1_273' title='bbox 1426 2215 1593 2257; x_wconf 89' lang='lat' dir='ltr'>civibus</span> <span class='ocrx_word' id='word_1_274' title='bbox 1612 2216 1700 2257; x_wconf 82' lang='lat' dir='ltr'>Ro-</span> 
     </span>
     <span class='ocr_line' id='line_1_32' title="bbox 159 2287 1700 2345; baseline -0.001 -14"><span class='ocrx_word' id='word_1_275' title='bbox 159 2290 308 2339; x_wconf 88' lang='lat' dir='ltr'>manis,</span> <span class='ocrx_word' id='word_1_276' title='bbox 345 2290 462 2344; x_wconf 91' lang='lat' dir='ltr'>quod</span> <span class='ocrx_word' id='word_1_277' title='bbox 498 2289 582 2344; x_wconf 93' lang='lat' dir='ltr'>ipsi</span> <span class='ocrx_word' id='word_1_278' title='bbox 622 2289 703 2331; x_wconf 91' lang='lat' dir='ltr'>sibi</span> <span class='ocrx_word' id='word_1_279' title='bbox 733 2289 952 2345; x_wconf 89' lang='lat' dir='ltr'>fingebant</span> <span class='ocrx_word' id='word_1_280' title='bbox 987 2289 1140 2338; x_wconf 89' lang='lat' dir='ltr'>animo,</span> <span class='ocrx_word' id='word_1_281' title='bbox 1173 2303 1257 2329; x_wconf 91' lang='lat' dir='ltr'>non</span> <span class='ocrx_word' id='word_1_282' title='bbox 1291 2288 1334 2328; x_wconf 89' lang='lat' dir='ltr'>in</span> <span class='ocrx_word' id='word_1_283' title='bbox 1370 2287 1459 2328; x_wconf 91' lang='lat' dir='ltr'>ullo</span> <span class='ocrx_word' id='word_1_284' title='bbox 1497 2287 1700 2342; x_wconf 87' lang='lat' dir='ltr'>scriptore</span> 
     </span>
     <span class='ocr_line' id='line_1_33' title="bbox 159 2359 1701 2415; baseline -0.002 -12"><span class='ocrx_word' id='word_1_285' title='bbox 159 2371 233 2403; x_wconf 82' lang='lat' dir='ltr'>aut</span> <span class='ocrx_word' id='word_1_286' title='bbox 262 2369 537 2403; x_wconf 85' lang='lat' dir='ltr'>monumento</span> <span class='ocrx_word' id='word_1_287' title='bbox 561 2360 846 2410; x_wconf 87' lang='lat' dir='ltr'>inveniebant,</span> <span class='ocrx_word' id='word_1_288' title='bbox 878 2360 1106 2402; x_wconf 89' lang='lat' dir='ltr'>discrimen</span> <span class='ocrx_word' id='word_1_289' title='bbox 1134 2359 1363 2415; x_wconf 86' lang='lat' dir='ltr'>diligenter</span> <span class='ocrx_word' id='word_1_290' title='bbox 1387 2365 1701 2408; x_wconf 86' lang='lat' dir='ltr'>conservarent,</span> 
     </span>
     <span class='ocr_line' id='line_1_34' title="bbox 160 2430 1700 2489; baseline -0.002 -14"><span class='ocrx_word' id='word_1_291' title='bbox 160 2433 375 2488; x_wconf 85' lang='lat' dir='ltr'>negabant</span> <span class='ocrx_word' id='word_1_292' title='bbox 409 2432 501 2474; x_wconf 85' lang='lat' dir='ltr'>ficri</span> <span class='ocrx_word' id='word_1_293' title='bbox 539 2434 746 2489; x_wconf 86' lang='lat' dir='ltr'>potuisse,</span> <span class='ocrx_word' id='word_1_294' title='bbox 785 2440 833 2474; x_wconf 90' lang='lat' dir='ltr'>ut</span> <span class='ocrx_word' id='word_1_295' title='bbox 865 2432 1031 2473; x_wconf 89' lang='lat' dir='ltr'>Latinis</span> <span class='ocrx_word' id='word_1_296' title='bbox 1068 2431 1227 2473; x_wconf 87' lang='lat' dir='ltr'>Romae</span> <span class='ocrx_word' id='word_1_297' title='bbox 1259 2432 1327 2472; x_wconf 87' lang='lat' dir='ltr'>ius</span> <span class='ocrx_word' id='word_1_298' title='bbox 1366 2430 1560 2486; x_wconf 83' lang='lat' dir='ltr'>suffragii</span> <span class='ocrx_word' id='word_1_299' title='bbox 1599 2445 1700 2472; x_wconf 86' lang='lat' dir='ltr'>con-</span> 
     </span>
     <span class='ocr_line' id='line_1_35' title="bbox 161 2503 1701 2558; baseline -0.002 -11"><span class='ocrx_word' id='word_1_300' title='bbox 161 2505 395 2547; x_wconf 87' lang='lat' dir='ltr'>cederetur.</span> <span class='ocrx_word' id='word_1_301' title='bbox 454 2505 586 2558; x_wconf 79' lang='lat' dir='ltr'>Quod</span> <span class='ocrx_word' id='word_1_302' title='bbox 626 2505 661 2547; x_wconf 90' lang='lat' dir='ltr'>si</span> <span class='ocrx_word' id='word_1_303' title='bbox 702 2504 763 2546; x_wconf 90' lang='lat' dir='ltr'>illi</span> <span class='ocrx_word' id='word_1_304' title='bbox 800 2505 859 2546; x_wconf 90' lang='lat' dir='ltr'>ita</span> <span class='ocrx_word' id='word_1_305' title='bbox 896 2503 1159 2552; x_wconf 88' lang='lat' dir='ltr'>statuissent,</span> <span class='ocrx_word' id='word_1_306' title='bbox 1197 2511 1257 2552; x_wconf 90' lang='lat' dir='ltr'>ut,</span> <span class='ocrx_word' id='word_1_307' title='bbox 1298 2518 1394 2544; x_wconf 83' lang='lat' dir='ltr'>cuin</span> <span class='ocrx_word' id='word_1_308' title='bbox 1423 2510 1619 2548; x_wconf 86' lang='lat' dir='ltr'>neutram</span> <span class='ocrx_word' id='word_1_309' title='bbox 1656 2503 1701 2544; x_wconf 89' lang='lat' dir='ltr'>in</span> 
     </span>
     <span class='ocr_line' id='line_1_36' title="bbox 151 2574 1701 2632; baseline -0.003 -13"><span class='ocrx_word' id='word_1_310' title='bbox 151 2586 322 2632; x_wconf 80' lang='lat' dir='ltr'>-partein</span> <span class='ocrx_word' id='word_1_311' title='bbox 354 2584 520 2619; x_wconf 84' lang='lat' dir='ltr'>veteres</span> <span class='ocrx_word' id='word_1_312' title='bbox 551 2583 746 2619; x_wconf 87' lang='lat' dir='ltr'>auctores</span> <span class='ocrx_word' id='word_1_313' title='bbox 776 2576 1005 2624; x_wconf 87' lang='lat' dir='ltr'>traderent,</span> <span class='ocrx_word' id='word_1_314' title='bbox 1039 2575 1120 2616; x_wconf 88' lang='lat' dir='ltr'>sibi</span> <span class='ocrx_word' id='word_1_315' title='bbox 1150 2574 1210 2616; x_wconf 88' lang='lat' dir='ltr'>ita</span> <span class='ocrx_word' id='word_1_316' title='bbox 1236 2574 1374 2616; x_wconf 88' lang='lat' dir='ltr'>videri</span> <span class='ocrx_word' id='word_1_317' title='bbox 1400 2574 1604 2623; x_wconf 88' lang='lat' dir='ltr'>dicerent,</span> <span class='ocrx_word' id='word_1_318' title='bbox 1635 2575 1701 2616; x_wconf 89' lang='lat' dir='ltr'>ni-</span> 
     </span>
     <span class='ocr_line' id='line_1_37' title="bbox 160 2645 1702 2704; baseline -0.001 -15"><span class='ocrx_word' id='word_1_319' title='bbox 160 2648 220 2690; x_wconf 92' lang='lat' dir='ltr'>hil</span> <span class='ocrx_word' id='word_1_320' title='bbox 251 2663 351 2690; x_wconf 85' lang='lat' dir='ltr'>sanc</span> <span class='ocrx_word' id='word_1_321' title='bbox 375 2656 501 2699; x_wconf 88' lang='lat' dir='ltr'>esset,</span> <span class='ocrx_word' id='word_1_322' title='bbox 531 2648 647 2704; x_wconf 91' lang='lat' dir='ltr'>quod</span> <span class='ocrx_word' id='word_1_323' title='bbox 672 2648 847 2690; x_wconf 88' lang='lat' dir='ltr'>moleste</span> <span class='ocrx_word' id='word_1_324' title='bbox 876 2649 1085 2690; x_wconf 84' lang='lat' dir='ltr'>ferremus</span> <span class='ocrx_word' id='word_1_325' title='bbox 1119 2646 1234 2702; x_wconf 91' lang='lat' dir='ltr'>(quis</span> <span class='ocrx_word' id='word_1_326' title='bbox 1260 2646 1371 2687; x_wconf 88' lang='lat' dir='ltr'>enim</span> <span class='ocrx_word' id='word_1_327' title='bbox 1396 2645 1439 2687; x_wconf 88' lang='lat' dir='ltr'>in</span> <span class='ocrx_word' id='word_1_328' title='bbox 1467 2645 1702 2688; x_wconf 90' lang='lat' dir='ltr'>divinando</span> 
     </span>
     <span class='ocr_line' id='line_1_38' title="bbox 161 2718 1701 2775; baseline -0.001 -14"><span class='ocrx_word' id='word_1_329' title='bbox 161 2734 245 2761; x_wconf 90' lang='lat' dir='ltr'>non</span> <span class='ocrx_word' id='word_1_330' title='bbox 267 2719 433 2762; x_wconf 88' lang='lat' dir='ltr'>aberret</span> <span class='ocrx_word' id='word_1_331' title='bbox 462 2735 767 2775; x_wconf 88' lang='lat' dir='ltr'>nonnunquam</span> <span class='ocrx_word' id='word_1_332' title='bbox 796 2718 849 2761; x_wconf 90' lang='lat' dir='ltr'>ab</span> <span class='ocrx_word' id='word_1_333' title='bbox 882 2734 946 2769; x_wconf 90' lang='lat' dir='ltr'>eo,</span> <span class='ocrx_word' id='word_1_334' title='bbox 977 2719 1094 2774; x_wconf 89' lang='lat' dir='ltr'>quod</span> <span class='ocrx_word' id='word_1_335' title='bbox 1127 2733 1276 2760; x_wconf 89' lang='lat' dir='ltr'>verum</span> <span class='ocrx_word' id='word_1_336' title='bbox 1296 2726 1361 2759; x_wconf 86' lang='lat' dir='ltr'>est</span> <span class='ocrx_word' id='word_1_337' title='bbox 1374 2718 1426 2772; x_wconf 69' lang='grc' dir='ltr'>Ρ),</span> <span class='ocrx_word' id='word_1_338' title='bbox 1446 2733 1574 2767; x_wconf 88' lang='lat' dir='ltr'>nunc,</span> <span class='ocrx_word' id='word_1_339' title='bbox 1593 2733 1701 2773; x_wconf 88' lang='lat' dir='ltr'>quae</span> 
     </span>
     <span class='ocr_line' id='line_1_39' title="bbox 162 2788 1702 2844; baseline -0.001 -12"><span class='ocrx_word' id='word_1_340' title='bbox 162 2797 318 2839; x_wconf 86' lang='lat' dir='ltr'>extant,</span> <span class='ocrx_word' id='word_1_341' title='bbox 348 2791 585 2833; x_wconf 87' lang='lat' dir='ltr'>certissima</span> <span class='ocrx_word' id='word_1_342' title='bbox 613 2791 854 2833; x_wconf 84' lang='lat' dir='ltr'>testimonia</span> <span class='ocrx_word' id='word_1_343' title='bbox 884 2799 955 2833; x_wconf 90' lang='lat' dir='ltr'>aut</span> <span class='ocrx_word' id='word_1_344' title='bbox 986 2791 1039 2832; x_wconf 88' lang='lat' dir='ltr'>de</span> <span class='ocrx_word' id='word_1_345' title='bbox 1058 2790 1270 2831; x_wconf 85' lang='lat' dir='ltr'>industria</span> <span class='ocrx_word' id='word_1_346' title='bbox 1293 2796 1494 2844; x_wconf 88' lang='lat' dir='ltr'>corrupta</span> <span class='ocrx_word' id='word_1_347' title='bbox 1520 2796 1594 2830; x_wconf 86' lang='lat' dir='ltr'>aut</span> <span class='ocrx_word' id='word_1_348' title='bbox 1620 2788 1702 2831; x_wconf 88' lang='lat' dir='ltr'>im-</span> 
     </span>
     <span class='ocr_line' id='line_1_40' title="bbox 164 2860 1700 2918; baseline 0.001 -16"><span class='ocrx_word' id='word_1_349' title='bbox 164 2862 311 2903; x_wconf 84' lang='lat' dir='ltr'>merito</span> <span class='ocrx_word' id='word_1_350' title='bbox 352 2869 493 2918; x_wconf 83' lang='lat' dir='ltr'>spreta</span> <span class='ocrx_word' id='word_1_351' title='bbox 529 2878 622 2904; x_wconf 82' lang='lat' dir='ltr'>csse</span> <span class='ocrx_word' id='word_1_352' title='bbox 654 2863 747 2904; x_wconf 90' lang='lat' dir='ltr'>iure</span> <span class='ocrx_word' id='word_1_353' title='bbox 779 2863 965 2918; x_wconf 90' lang='lat' dir='ltr'>quodam</span> <span class='ocrx_word' id='word_1_354' title='bbox 996 2871 1140 2903; x_wconf 82' lang='lat' dir='ltr'>nostro</span> <span class='ocrx_word' id='word_1_355' title='bbox 1170 2876 1412 2916; x_wconf 82' lang='lat' dir='ltr'>queramur.</span> <span class='ocrx_word' id='word_1_356' title='bbox 1455 2860 1566 2903; x_wconf 90' lang='lat' dir='ltr'>Nam</span> <span class='ocrx_word' id='word_1_357' title='bbox 1584 2861 1700 2917; x_wconf 85' lang='lat' dir='ltr'>apud</span> 
     </span>
    </p>
   </div>
   <div class='ocr_carea' id='block_1_5' title="bbox 1348 2933 1433 2975">
    <p class='ocr_par' dir='ltr' id='par_1_6' title="bbox 1348 2933 1433 2975">
     <span class='ocr_line' id='line_1_41' title="bbox 1348 2933 1433 2975; baseline 0 0"><span class='ocrx_word' id='word_1_358' title='bbox 1348 2933 1433 2975; x_wconf 76' lang='lat'>19*</span> 
     </span>
    </p>
   </div>
  </div>
 </body>
</html>
