<?xml version="1.0" encoding="UTF-8"?>
<!DOCTYPE html PUBLIC "-//W3C//DTD XHTML 1.0 Transitional//EN"
    "http://www.w3.org/TR/xhtml1/DTD/xhtml1-transitional.dtd">
<html xmlns="http://www.w3.org/1999/xhtml" xml:lang="en" lang="en">
 <head>
  <title>
</title>
<meta http-equiv="Content-Type" content="text/html;charset=utf-8" />
  <meta name='ocr-system' content='tesseract 3.04.00' />
  <meta name='ocr-capabilities' content='ocr_page ocr_carea ocr_par ocr_line ocrx_word'/>
</head>
<body>
  <div class='ocr_page' id='page_1' title='image "./studiaromanasive00zump_0112.png"; bbox 0 0 1846 3100; ppageno 0'>
   <div class='ocr_carea' id='block_1_1' title="bbox 157 167 1255 213">
    <p class='ocr_par' dir='ltr' id='par_1_1' title="bbox 157 167 1255 213">
     <span class='ocr_line' id='line_1_1' title="bbox 157 167 1255 213; baseline -0.001 -9"><span class='ocrx_word' id='word_1_1' title='bbox 157 167 236 210; x_wconf 81' lang='lat'>100</span> <span class='ocrx_word' id='word_1_2' title='bbox 588 172 640 204; x_wconf 85' lang='lat' dir='ltr'>De</span> <span class='ocrx_word' id='word_1_3' title='bbox 668 171 784 204; x_wconf 84' lang='lat' dir='ltr'>Gallia</span> <span class='ocrx_word' id='word_1_4' title='bbox 809 171 1043 203; x_wconf 82' lang='lat' dir='ltr'>Romanorum</span> <span class='ocrx_word' id='word_1_5' title='bbox 1070 170 1255 213; x_wconf 83' lang='lat' dir='ltr'>provincia.</span> 
     </span>
    </p>
   </div>
   <div class='ocr_carea' id='block_1_2' title="bbox 99 279 1702 2931">
    <p class='ocr_par' dir='ltr' id='par_1_2' title="bbox 153 279 1702 986">
     <span class='ocr_line' id='line_1_2' title="bbox 153 279 1702 337; baseline 0.001 -15"><span class='ocrx_word' id='word_1_6' title='bbox 153 296 249 322; x_wconf 88' lang='lat' dir='ltr'>rum</span> <span class='ocrx_word' id='word_1_7' title='bbox 268 279 409 336; x_wconf 85' lang='lat' dir='ltr'>potius</span> <span class='ocrx_word' id='word_1_8' title='bbox 432 280 583 337; x_wconf 88' lang='lat' dir='ltr'>culpae</span> <span class='ocrx_word' id='word_1_9' title='bbox 604 279 758 329; x_wconf 89' lang='lat' dir='ltr'>tribuo,</span> <span class='ocrx_word' id='word_1_10' title='bbox 787 279 901 336; x_wconf 91' lang='lat' dir='ltr'>quod</span> <span class='ocrx_word' id='word_1_11' title='bbox 920 279 1232 336; x_wconf 81' lang='lat' dir='ltr'>Lugdunensis</span> <span class='ocrx_word' id='word_1_12' title='bbox 1249 280 1516 324; x_wconf 82' lang='lat' dir='ltr'>Narbonensi</span> <span class='ocrx_word' id='word_1_13' title='bbox 1544 280 1702 323; x_wconf 87' lang='lat' dir='ltr'>dicitur</span> 
     </span>
     <span class='ocr_line' id='line_1_3' title="bbox 157 351 1700 410; baseline 0.001 -15"><span class='ocrx_word' id='word_1_14' title='bbox 157 352 379 402; x_wconf 84' lang='lat' dir='ltr'>contineri,</span> <span class='ocrx_word' id='word_1_15' title='bbox 411 352 484 408; x_wconf 92' lang='lat' dir='ltr'>qui</span> <span class='ocrx_word' id='word_1_16' title='bbox 516 368 721 395; x_wconf 88' lang='lat' dir='ltr'>versuum</span> <span class='ocrx_word' id='word_1_17' title='bbox 751 351 883 393; x_wconf 88' lang='lat' dir='ltr'>initiis</span> <span class='ocrx_word' id='word_1_18' title='bbox 913 351 1024 392; x_wconf 88' lang='lat' dir='ltr'>inter</span> <span class='ocrx_word' id='word_1_19' title='bbox 1050 367 1095 393; x_wconf 87' lang='lat' dir='ltr'>se</span> <span class='ocrx_word' id='word_1_20' title='bbox 1124 352 1315 396; x_wconf 89' lang='lat' dir='ltr'>confusis</span> <span class='ocrx_word' id='word_1_21' title='bbox 1344 353 1700 410; x_wconf 82' lang='lat' dir='ltr'>Lugdunensem,</span> 
     </span>
     <span class='ocr_line' id='line_1_4' title="bbox 154 422 1701 482; baseline 0 -15"><span class='ocrx_word' id='word_1_22' title='bbox 154 441 283 481; x_wconf 91' lang='lat' dir='ltr'>quam</span> <span class='ocrx_word' id='word_1_23' title='bbox 314 440 411 467; x_wconf 89' lang='lat' dir='ltr'>cum</span> <span class='ocrx_word' id='word_1_24' title='bbox 442 425 659 481; x_wconf 78' lang='lat' dir='ltr'>superiore</span> <span class='ocrx_word' id='word_1_25' title='bbox 696 434 736 465; x_wconf 90' lang='lat' dir='ltr'>et</span> <span class='ocrx_word' id='word_1_26' title='bbox 765 423 965 466; x_wconf 86' lang='lat' dir='ltr'>inferiore</span> <span class='ocrx_word' id='word_1_27' title='bbox 996 422 1230 467; x_wconf 84' lang='lat' dir='ltr'>Germania</span> <span class='ocrx_word' id='word_1_28' title='bbox 1258 426 1491 482; x_wconf 79' lang='lat' dir='ltr'>Belgisque</span> <span class='ocrx_word' id='word_1_29' title='bbox 1521 425 1701 468; x_wconf 89' lang='lat' dir='ltr'>coniun-</span> 
     </span>
     <span class='ocr_line' id='line_1_5' title="bbox 155 496 1702 554; baseline 0.001 -15"><span class='ocrx_word' id='word_1_30' title='bbox 155 505 266 540; x_wconf 86' lang='lat' dir='ltr'>ctam</span> <span class='ocrx_word' id='word_1_31' title='bbox 290 504 556 554; x_wconf 85' lang='lat' dir='ltr'>repererant,</span> <span class='ocrx_word' id='word_1_32' title='bbox 586 497 694 538; x_wconf 87' lang='lat' dir='ltr'>male</span> <span class='ocrx_word' id='word_1_33' title='bbox 725 496 779 538; x_wconf 88' lang='lat' dir='ltr'>ad</span> <span class='ocrx_word' id='word_1_34' title='bbox 807 496 950 552; x_wconf 88' lang='lat' dir='ltr'>priora</span> <span class='ocrx_word' id='word_1_35' title='bbox 977 496 1050 538; x_wconf 89' lang='lat' dir='ltr'>illa</span> <span class='ocrx_word' id='word_1_36' title='bbox 1076 511 1186 552; x_wconf 86' lang='lat' dir='ltr'>quae</span> <span class='ocrx_word' id='word_1_37' title='bbox 1217 497 1270 540; x_wconf 89' lang='lat' dir='ltr'>de</span> <span class='ocrx_word' id='word_1_38' title='bbox 1298 497 1568 540; x_wconf 87' lang='lat' dir='ltr'>Narbonensi</span> <span class='ocrx_word' id='word_1_39' title='bbox 1603 505 1702 540; x_wconf 90' lang='lat' dir='ltr'>sunt</span> 
     </span>
     <span class='ocr_line' id='line_1_6' title="bbox 155 568 1700 626; baseline 0 -14"><span class='ocrx_word' id='word_1_40' title='bbox 155 578 460 626; x_wconf 87' lang='lat' dir='ltr'>apposuerunt.</span> <span class='ocrx_word' id='word_1_41' title='bbox 519 568 756 624; x_wconf 82' lang='lat' dir='ltr'>Scripsisse</span> <span class='ocrx_word' id='word_1_42' title='bbox 783 569 918 625; x_wconf 88' lang='lat' dir='ltr'>igitur</span> <span class='ocrx_word' id='word_1_43' title='bbox 945 568 1220 612; x_wconf 89' lang='lat' dir='ltr'>Ammianum</span> <span class='ocrx_word' id='word_1_44' title='bbox 1250 570 1310 612; x_wconf 92' lang='lat' dir='ltr'>sic</span> <span class='ocrx_word' id='word_1_45' title='bbox 1340 585 1494 612; x_wconf 89' lang='lat' dir='ltr'>censeo</span> <span class='ocrx_word' id='word_1_46' title='bbox 1524 585 1700 624; x_wconf 78' lang='lat' dir='ltr'>quarum</span> 
     </span>
     <span class='ocr_line' id='line_1_7' title="bbox 156 643 1700 696; baseline 0 -13"><span class='ocrx_word' id='word_1_47' title='bbox 156 643 429 683; x_wconf 79' lang='lat' dir='ltr'>Narbonensis</span> <span class='ocrx_word' id='word_1_48' title='bbox 465 657 552 681; x_wconf 83' lang='lat' dir='ltr'>una</span> <span class='ocrx_word' id='word_1_49' title='bbox 591 643 852 682; x_wconf 76' lang='lat' dir='ltr'>Viennensem</span> <span class='ocrx_word' id='word_1_50' title='bbox 892 643 1008 682; x_wconf 79' lang='lat' dir='ltr'>intra</span> <span class='ocrx_word' id='word_1_51' title='bbox 1049 658 1088 683; x_wconf 82' lang='lat' dir='ltr'>se</span> <span class='ocrx_word' id='word_1_52' title='bbox 1122 643 1379 691; x_wconf 76' lang='lat' dir='ltr'>continebat,</span> <span class='ocrx_word' id='word_1_53' title='bbox 1416 645 1550 684; x_wconf 82' lang='lat' dir='ltr'>altera</span> <span class='ocrx_word' id='word_1_54' title='bbox 1578 645 1700 696; x_wconf 79' lang='lat' dir='ltr'>Aqui-</span> 
     </span>
     <span class='ocr_line' id='line_1_8' title="bbox 155 714 1701 767; baseline 0 -12"><span class='ocrx_word' id='word_1_55' title='bbox 155 717 267 756; x_wconf 77' lang='lat' dir='ltr'>tanis</span> <span class='ocrx_word' id='word_1_56' title='bbox 283 720 482 767; x_wconf 80' lang='lat' dir='ltr'>praeerat</span> <span class='ocrx_word' id='word_1_57' title='bbox 511 715 721 762; x_wconf 79' lang='lat' dir='ltr'>universis,</span> <span class='ocrx_word' id='word_1_58' title='bbox 752 714 1088 766; x_wconf 79' lang='lat' dir='ltr'>Lugdunensem,</span> <span class='ocrx_word' id='word_1_59' title='bbox 1118 719 1364 767; x_wconf 75' lang='lat' dir='ltr'>superiorem</span> <span class='ocrx_word' id='word_1_60' title='bbox 1391 721 1431 755; x_wconf 87' lang='lat' dir='ltr'>et</span> <span class='ocrx_word' id='word_1_61' title='bbox 1459 717 1701 764; x_wconf 79' lang='lat' dir='ltr'>inferiorem</span> 
     </span>
     <span class='ocr_line' id='line_1_9' title="bbox 156 785 1702 842; baseline 0 -14"><span class='ocrx_word' id='word_1_62' title='bbox 156 789 425 828; x_wconf 83' lang='lat' dir='ltr'>Germaniam</span> <span class='ocrx_word' id='word_1_63' title='bbox 458 787 697 839; x_wconf 79' lang='lat' dir='ltr'>Belgasque,</span> <span class='ocrx_word' id='word_1_64' title='bbox 729 785 772 826; x_wconf 92' lang='lat' dir='ltr'>in</span> <span class='ocrx_word' id='word_1_65' title='bbox 799 785 957 840; x_wconf 89' lang='lat' dir='ltr'>quibus</span> <span class='ocrx_word' id='word_1_66' title='bbox 987 793 1102 828; x_wconf 92' lang='lat' dir='ltr'>recte</span> <span class='ocrx_word' id='word_1_67' title='bbox 1128 787 1270 828; x_wconf 89' lang='lat' dir='ltr'>omnia</span> <span class='ocrx_word' id='word_1_68' title='bbox 1297 787 1536 842; x_wconf 89' lang='lat' dir='ltr'>procedunt</span> <span class='ocrx_word' id='word_1_69' title='bbox 1562 801 1702 842; x_wconf 88' lang='lat' dir='ltr'>neque</span> 
     </span>
     <span class='ocr_line' id='line_1_10' title="bbox 154 857 1702 916; baseline 0 -16"><span class='ocrx_word' id='word_1_70' title='bbox 154 858 242 900; x_wconf 87' lang='lat' dir='ltr'>ulla</span> <span class='ocrx_word' id='word_1_71' title='bbox 270 857 490 900; x_wconf 86' lang='lat' dir='ltr'>Ammiani</span> <span class='ocrx_word' id='word_1_72' title='bbox 519 863 593 900; x_wconf 89' lang='lat' dir='ltr'>aut</span> <span class='ocrx_word' id='word_1_73' title='bbox 620 857 791 900; x_wconf 84' lang='lat' dir='ltr'>inscitia</span> <span class='ocrx_word' id='word_1_74' title='bbox 823 864 898 900; x_wconf 92' lang='lat' dir='ltr'>aut</span> <span class='ocrx_word' id='word_1_75' title='bbox 929 857 982 899; x_wconf 89' lang='lat' dir='ltr'>ab</span> <span class='ocrx_word' id='word_1_76' title='bbox 1013 857 1224 900; x_wconf 82' lang='lat' dir='ltr'>Strabone</span> <span class='ocrx_word' id='word_1_77' title='bbox 1256 858 1543 916; x_wconf 88' lang='lat' dir='ltr'>discrepantia</span> <span class='ocrx_word' id='word_1_78' title='bbox 1573 859 1702 900; x_wconf 89' lang='lat' dir='ltr'>relin-</span> 
     </span>
     <span class='ocr_line' id='line_1_11' title="bbox 153 930 314 986; baseline 0 -14"><span class='ocrx_word' id='word_1_79' title='bbox 153 930 314 986; x_wconf 88' lang='lat' dir='ltr'>quitur.</span> 
     </span>
    </p>

    <p class='ocr_par' dir='ltr' id='par_1_3' title="bbox 99 1001 1702 2931">
     <span class='ocr_line' id='line_1_12' title="bbox 265 1001 1701 1045; baseline 0 -1"><span class='ocrx_word' id='word_1_80' title='bbox 265 1001 490 1044; x_wconf 89' lang='lat' dir='ltr'>Habemus</span> <span class='ocrx_word' id='word_1_81' title='bbox 517 1009 659 1044; x_wconf 91' lang='lat' dir='ltr'>autem</span> <span class='ocrx_word' id='word_1_82' title='bbox 684 1002 810 1043; x_wconf 87' lang='lat' dir='ltr'>etiam</span> <span class='ocrx_word' id='word_1_83' title='bbox 838 1001 955 1043; x_wconf 82' lang='lat' dir='ltr'>aliud</span> <span class='ocrx_word' id='word_1_84' title='bbox 987 1001 1040 1043; x_wconf 87' lang='lat' dir='ltr'>de</span> <span class='ocrx_word' id='word_1_85' title='bbox 1072 1001 1310 1045; x_wconf 86' lang='lat' dir='ltr'>Galliarum</span> <span class='ocrx_word' id='word_1_86' title='bbox 1340 1003 1552 1045; x_wconf 89' lang='lat' dir='ltr'>divisione</span> <span class='ocrx_word' id='word_1_87' title='bbox 1582 1003 1701 1045; x_wconf 90' lang='lat' dir='ltr'>testi-</span> 
     </span>
     <span class='ocr_line' id='line_1_13' title="bbox 153 1074 1701 1132; baseline 0 -16"><span class='ocrx_word' id='word_1_88' title='bbox 153 1074 344 1116; x_wconf 87' lang='lat' dir='ltr'>monium</span> <span class='ocrx_word' id='word_1_89' title='bbox 374 1074 528 1124; x_wconf 88' lang='lat' dir='ltr'>Plinii,</span> <span class='ocrx_word' id='word_1_90' title='bbox 561 1074 634 1129; x_wconf 90' lang='lat' dir='ltr'>qui</span> <span class='ocrx_word' id='word_1_91' title='bbox 663 1089 760 1116; x_wconf 92' lang='lat' dir='ltr'>cum</span> <span class='ocrx_word' id='word_1_92' title='bbox 788 1074 1110 1116; x_wconf 84' lang='lat' dir='ltr'>Narbonensem</span> <span class='ocrx_word' id='word_1_93' title='bbox 1138 1075 1223 1117; x_wconf 91' lang='lat' dir='ltr'>iam</span> <span class='ocrx_word' id='word_1_94' title='bbox 1251 1075 1346 1118; x_wconf 86' lang='lat' dir='ltr'>libr.</span> <span class='ocrx_word' id='word_1_95' title='bbox 1374 1075 1455 1125; x_wconf 90' lang='lat' dir='ltr'>Ill,</span> <span class='ocrx_word' id='word_1_96' title='bbox 1487 1075 1511 1117; x_wconf 83' lang='lat'>4</span> <span class='ocrx_word' id='word_1_97' title='bbox 1540 1082 1701 1132; x_wconf 89' lang='lat' dir='ltr'>pertra-</span> 
     </span>
     <span class='ocr_line' id='line_1_14' title="bbox 154 1146 1701 1203; baseline -0.001 -14"><span class='ocrx_word' id='word_1_98' title='bbox 154 1154 333 1197; x_wconf 89' lang='lat' dir='ltr'>ctasset,</span> <span class='ocrx_word' id='word_1_99' title='bbox 377 1147 472 1188; x_wconf 90' lang='lat' dir='ltr'>libr.</span> <span class='ocrx_word' id='word_1_100' title='bbox 499 1146 578 1196; x_wconf 89' lang='lat' dir='ltr'>IV,</span> <span class='ocrx_word' id='word_1_101' title='bbox 624 1147 670 1190; x_wconf 84' lang='grc'>17</span> <span class='ocrx_word' id='word_1_102' title='bbox 707 1161 769 1202; x_wconf 91' lang='lat' dir='ltr'>sq.</span> <span class='ocrx_word' id='word_1_103' title='bbox 807 1162 917 1202; x_wconf 89' lang='lat' dir='ltr'>quae</span> <span class='ocrx_word' id='word_1_104' title='bbox 954 1146 1141 1202; x_wconf 89' lang='lat' dir='ltr'>reliquae</span> <span class='ocrx_word' id='word_1_105' title='bbox 1179 1156 1278 1190; x_wconf 89' lang='lat' dir='ltr'>sunt</span> <span class='ocrx_word' id='word_1_106' title='bbox 1315 1155 1422 1198; x_wconf 91' lang='lat' dir='ltr'>tres,</span> <span class='ocrx_word' id='word_1_107' title='bbox 1468 1147 1701 1203; x_wconf 84' lang='lat' dir='ltr'>Belgicam,</span> 
     </span>
     <span class='ocr_line' id='line_1_15' title="bbox 151 1219 1699 1276; baseline 0.001 -15"><span class='ocrx_word' id='word_1_108' title='bbox 151 1219 514 1275; x_wconf 82' lang='lat' dir='ltr'>Lugdunensem,</span> <span class='ocrx_word' id='word_1_109' title='bbox 566 1219 843 1274; x_wconf 83' lang='lat' dir='ltr'>Aquitaniam</span> <span class='ocrx_word' id='word_1_110' title='bbox 889 1219 947 1259; x_wconf 87' lang='lat' dir='ltr'>ita</span> <span class='ocrx_word' id='word_1_111' title='bbox 988 1227 1198 1270; x_wconf 87' lang='lat' dir='ltr'>recenset,</span> <span class='ocrx_word' id='word_1_112' title='bbox 1249 1227 1296 1261; x_wconf 91' lang='lat' dir='ltr'>ut</span> <span class='ocrx_word' id='word_1_113' title='bbox 1339 1220 1413 1276; x_wconf 91' lang='lat' dir='ltr'>qui</span> <span class='ocrx_word' id='word_1_114' title='bbox 1449 1220 1491 1262; x_wconf 91' lang='lat' dir='ltr'>in</span> <span class='ocrx_word' id='word_1_115' title='bbox 1531 1235 1699 1276; x_wconf 90' lang='lat' dir='ltr'>quaque</span> 
     </span>
     <span class='ocr_line' id='line_1_16' title="bbox 153 1290 1702 1348; baseline -0.001 -14"><span class='ocrx_word' id='word_1_116' title='bbox 153 1298 297 1334; x_wconf 89' lang='lat' dir='ltr'>essent</span> <span class='ocrx_word' id='word_1_117' title='bbox 313 1290 475 1347; x_wconf 88' lang='lat' dir='ltr'>populi,</span> <span class='ocrx_word' id='word_1_118' title='bbox 493 1298 772 1333; x_wconf 84' lang='lat' dir='ltr'>enumeraret.</span> <span class='ocrx_word' id='word_1_119' title='bbox 810 1291 1026 1344; x_wconf 76' lang='lat' dir='ltr'>Quattuor</span> <span class='ocrx_word' id='word_1_120' title='bbox 1042 1292 1176 1348; x_wconf 88' lang='lat' dir='ltr'>igitur</span> <span class='ocrx_word' id='word_1_121' title='bbox 1195 1299 1308 1334; x_wconf 90' lang='lat' dir='ltr'>certe</span> <span class='ocrx_word' id='word_1_122' title='bbox 1328 1292 1475 1334; x_wconf 86' lang='lat' dir='ltr'>statuit</span> <span class='ocrx_word' id='word_1_123' title='bbox 1494 1303 1588 1334; x_wconf 87' lang='lat' dir='ltr'>esse</span> <span class='ocrx_word' id='word_1_124' title='bbox 1605 1292 1702 1333; x_wconf 90' lang='lat' dir='ltr'>uni-</span> 
     </span>
     <span class='ocr_line' id='line_1_17' title="bbox 153 1362 1701 1420; baseline 0 -14"><span class='ocrx_word' id='word_1_125' title='bbox 153 1379 302 1406; x_wconf 86' lang='lat' dir='ltr'>versae</span> <span class='ocrx_word' id='word_1_126' title='bbox 340 1362 506 1407; x_wconf 87' lang='lat' dir='ltr'>Galliae</span> <span class='ocrx_word' id='word_1_127' title='bbox 545 1363 810 1419; x_wconf 87' lang='lat' dir='ltr'>provincias,</span> <span class='ocrx_word' id='word_1_128' title='bbox 851 1364 1122 1406; x_wconf 88' lang='lat' dir='ltr'>consentiens</span> <span class='ocrx_word' id='word_1_129' title='bbox 1151 1379 1327 1420; x_wconf 85' lang='lat' dir='ltr'>prorsus</span> <span class='ocrx_word' id='word_1_130' title='bbox 1362 1379 1460 1406; x_wconf 91' lang='lat' dir='ltr'>cum</span> <span class='ocrx_word' id='word_1_131' title='bbox 1490 1362 1701 1406; x_wconf 85' lang='lat' dir='ltr'>Strabone</span> 
     </span>
     <span class='ocr_line' id='line_1_18' title="bbox 153 1434 1699 1489; baseline 0 -12"><span class='ocrx_word' id='word_1_132' title='bbox 153 1442 194 1477; x_wconf 87' lang='lat' dir='ltr'>et</span> <span class='ocrx_word' id='word_1_133' title='bbox 231 1436 471 1478; x_wconf 90' lang='lat' dir='ltr'>Ammiano.</span> <span class='ocrx_word' id='word_1_134' title='bbox 535 1434 636 1489; x_wconf 76' lang='lat' dir='ltr'>Quo</span> <span class='ocrx_word' id='word_1_135' title='bbox 669 1450 881 1478; x_wconf 88' lang='lat' dir='ltr'>consensu</span> <span class='ocrx_word' id='word_1_136' title='bbox 917 1450 1001 1477; x_wconf 90' lang='lat' dir='ltr'>non</span> <span class='ocrx_word' id='word_1_137' title='bbox 1039 1435 1294 1478; x_wconf 89' lang='lat' dir='ltr'>debebimus</span> <span class='ocrx_word' id='word_1_138' title='bbox 1320 1436 1371 1477; x_wconf 67' lang='lat' dir='ltr'>&#39;in</span> <span class='ocrx_word' id='word_1_139' title='bbox 1410 1451 1500 1478; x_wconf 92' lang='lat' dir='ltr'>eam</span> <span class='ocrx_word' id='word_1_140' title='bbox 1542 1436 1699 1479; x_wconf 84' lang='lat' dir='ltr'>adduci</span> 
     </span>
     <span class='ocr_line' id='line_1_19' title="bbox 153 1507 1700 1564; baseline 0.001 -16"><span class='ocrx_word' id='word_1_141' title='bbox 153 1507 416 1563; x_wconf 89' lang='lat' dir='ltr'>opinionem,</span> <span class='ocrx_word' id='word_1_142' title='bbox 461 1515 510 1549; x_wconf 87' lang='lat' dir='ltr'>ut</span> <span class='ocrx_word' id='word_1_143' title='bbox 549 1522 657 1562; x_wconf 90' lang='lat' dir='ltr'>quae</span> <span class='ocrx_word' id='word_1_144' title='bbox 698 1507 942 1563; x_wconf 91' lang='lat' dir='ltr'>provinciae</span> <span class='ocrx_word' id='word_1_145' title='bbox 976 1507 1180 1564; x_wconf 88' lang='lat' dir='ltr'>Augusto</span> <span class='ocrx_word' id='word_1_146' title='bbox 1220 1508 1474 1564; x_wconf 81' lang='lat' dir='ltr'>imperatore</span> <span class='ocrx_word' id='word_1_147' title='bbox 1512 1509 1700 1559; x_wconf 87' lang='lat' dir='ltr'>fuerunt,</span> 
     </span>
     <span class='ocr_line' id='line_1_20' title="bbox 152 1579 1700 1636; baseline 0.001 -15"><span class='ocrx_word' id='word_1_148' title='bbox 152 1580 326 1621; x_wconf 88' lang='lat' dir='ltr'>easdem</span> <span class='ocrx_word' id='word_1_149' title='bbox 359 1579 489 1621; x_wconf 89' lang='lat' dir='ltr'>Plinii</span> <span class='ocrx_word' id='word_1_150' title='bbox 525 1587 683 1630; x_wconf 86' lang='lat' dir='ltr'>aetate,</span> <span class='ocrx_word' id='word_1_151' title='bbox 722 1579 749 1620; x_wconf 87' lang='lat' dir='ltr'>i.</span> <span class='ocrx_word' id='word_1_152' title='bbox 782 1595 817 1621; x_wconf 88' lang='lat' dir='ltr'>e.</span> <span class='ocrx_word' id='word_1_153' title='bbox 855 1580 1122 1636; x_wconf 73' lang='lat' dir='ltr'>Vespasiano</span> <span class='ocrx_word' id='word_1_154' title='bbox 1162 1587 1204 1622; x_wconf 92' lang='lat' dir='ltr'>et</span> <span class='ocrx_word' id='word_1_155' title='bbox 1241 1579 1340 1622; x_wconf 87' lang='lat' dir='ltr'>Tito</span> <span class='ocrx_word' id='word_1_156' title='bbox 1377 1580 1700 1636; x_wconf 87' lang='lat' dir='ltr'>imperantibus,</span> 
     </span>
     <span class='ocr_line' id='line_1_21' title="bbox 153 1652 1698 1709; baseline -0.001 -15"><span class='ocrx_word' id='word_1_157' title='bbox 153 1652 395 1694; x_wconf 86' lang='lat' dir='ltr'>constitisse</span> <span class='ocrx_word' id='word_1_158' title='bbox 438 1658 653 1707; x_wconf 89' lang='lat' dir='ltr'>putemus.</span> <span class='ocrx_word' id='word_1_159' title='bbox 719 1652 890 1693; x_wconf 86' lang='lat' dir='ltr'>Etenim</span> <span class='ocrx_word' id='word_1_160' title='bbox 928 1652 1096 1694; x_wconf 89' lang='lat' dir='ltr'>dudum</span> <span class='ocrx_word' id='word_1_161' title='bbox 1133 1652 1176 1693; x_wconf 91' lang='lat' dir='ltr'>in</span> <span class='ocrx_word' id='word_1_162' title='bbox 1216 1660 1440 1694; x_wconf 86' lang='lat' dir='ltr'>comment.</span> <span class='ocrx_word' id='word_1_163' title='bbox 1479 1652 1698 1709; x_wconf 87' lang='lat' dir='ltr'>epigraph.</span> 
     </span>
     <span class='ocr_line' id='line_1_22' title="bbox 151 1723 1699 1781; baseline -0.001 -15"><span class='ocrx_word' id='word_1_164' title='bbox 151 1724 248 1766; x_wconf 93' lang='lat' dir='ltr'>Vol.</span> <span class='ocrx_word' id='word_1_165' title='bbox 274 1724 297 1766; x_wconf 95' lang='lat' dir='ltr'>I</span> <span class='ocrx_word' id='word_1_166' title='bbox 337 1740 379 1780; x_wconf 92' lang='lat' dir='ltr'>p.</span> <span class='ocrx_word' id='word_1_167' title='bbox 411 1724 485 1767; x_wconf 72' lang='lat'>197</span> <span class='ocrx_word' id='word_1_168' title='bbox 522 1723 712 1766; x_wconf 90' lang='lat' dir='ltr'>Plinium</span> <span class='ocrx_word' id='word_1_169' title='bbox 751 1724 795 1765; x_wconf 90' lang='lat' dir='ltr'>in</span> <span class='ocrx_word' id='word_1_170' title='bbox 832 1724 1119 1781; x_wconf 87' lang='lat' dir='ltr'>descriptione</span> <span class='ocrx_word' id='word_1_171' title='bbox 1150 1724 1266 1767; x_wconf 88' lang='lat' dir='ltr'>orbis</span> <span class='ocrx_word' id='word_1_172' title='bbox 1297 1731 1529 1774; x_wconf 89' lang='lat' dir='ltr'>terrarum,</span> <span class='ocrx_word' id='word_1_173' title='bbox 1572 1739 1699 1779; x_wconf 91' lang='lat' dir='ltr'>quam</span> 
     </span>
     <span class='ocr_line' id='line_1_23' title="bbox 152 1796 1699 1852; baseline -0.001 -13"><span class='ocrx_word' id='word_1_174' title='bbox 152 1812 176 1839; x_wconf 89' lang='lat' dir='ltr'>a</span> <span class='ocrx_word' id='word_1_175' title='bbox 201 1796 311 1839; x_wconf 88' lang='lat' dir='ltr'>libro</span> <span class='ocrx_word' id='word_1_176' title='bbox 342 1796 466 1838; x_wconf 90' lang='lat' dir='ltr'>tertio</span> <span class='ocrx_word' id='word_1_177' title='bbox 497 1796 681 1846; x_wconf 87' lang='lat' dir='ltr'>exhibet,</span> <span class='ocrx_word' id='word_1_178' title='bbox 711 1796 936 1838; x_wconf 87' lang='lat' dir='ltr'>docuimus</span> <span class='ocrx_word' id='word_1_179' title='bbox 965 1810 1051 1837; x_wconf 93' lang='lat' dir='ltr'>non</span> <span class='ocrx_word' id='word_1_180' title='bbox 1081 1811 1203 1838; x_wconf 88' lang='lat' dir='ltr'>suam</span> <span class='ocrx_word' id='word_1_181' title='bbox 1234 1803 1414 1839; x_wconf 84' lang='lat' dir='ltr'>aetatem</span> <span class='ocrx_word' id='word_1_182' title='bbox 1447 1796 1589 1852; x_wconf 90' lang='lat' dir='ltr'>sequi,</span> <span class='ocrx_word' id='word_1_183' title='bbox 1623 1796 1699 1838; x_wconf 88' lang='lat' dir='ltr'>sed</span> 
     </span>
     <span class='ocr_line' id='line_1_24' title="bbox 152 1867 1699 1925; baseline 0 -15"><span class='ocrx_word' id='word_1_184' title='bbox 152 1876 289 1911; x_wconf 86' lang='lat' dir='ltr'>totum</span> <span class='ocrx_word' id='word_1_185' title='bbox 317 1884 370 1910; x_wconf 86' lang='lat' dir='ltr'>ex</span> <span class='ocrx_word' id='word_1_186' title='bbox 398 1869 596 1925; x_wconf 84' lang='lat' dir='ltr'>Agrippa</span> <span class='ocrx_word' id='word_1_187' title='bbox 618 1868 896 1925; x_wconf 86' lang='lat' dir='ltr'>Augustique</span> <span class='ocrx_word' id='word_1_188' title='bbox 922 1867 1234 1910; x_wconf 87' lang='lat' dir='ltr'>commentariis</span> <span class='ocrx_word' id='word_1_189' title='bbox 1263 1867 1462 1923; x_wconf 89' lang='lat' dir='ltr'>pendere.</span> <span class='ocrx_word' id='word_1_190' title='bbox 1519 1867 1699 1910; x_wconf 85' lang='lat' dir='ltr'>Nolebat</span> 
     </span>
     <span class='ocr_line' id='line_1_25' title="bbox 150 1939 1699 1997; baseline 0.001 -15"><span class='ocrx_word' id='word_1_191' title='bbox 150 1941 221 1983; x_wconf 92' lang='lat' dir='ltr'>ille</span> <span class='ocrx_word' id='word_1_192' title='bbox 255 1956 354 1983; x_wconf 91' lang='lat' dir='ltr'>cum</span> <span class='ocrx_word' id='word_1_193' title='bbox 384 1956 493 1997; x_wconf 90' lang='lat' dir='ltr'>opus</span> <span class='ocrx_word' id='word_1_194' title='bbox 523 1956 649 1982; x_wconf 92' lang='lat' dir='ltr'>suum</span> <span class='ocrx_word' id='word_1_195' title='bbox 677 1940 893 1990; x_wconf 89' lang='lat' dir='ltr'>conderet,</span> <span class='ocrx_word' id='word_1_196' title='bbox 928 1940 1019 1996; x_wconf 90' lang='lat' dir='ltr'>ipse</span> <span class='ocrx_word' id='word_1_197' title='bbox 1050 1939 1155 1995; x_wconf 89' lang='lat' dir='ltr'>quid</span> <span class='ocrx_word' id='word_1_198' title='bbox 1185 1939 1367 1982; x_wconf 87' lang='lat' dir='ltr'>vidisset</span> <span class='ocrx_word' id='word_1_199' title='bbox 1395 1947 1522 1996; x_wconf 88' lang='lat' dir='ltr'>atque</span> <span class='ocrx_word' id='word_1_200' title='bbox 1552 1941 1699 1983; x_wconf 89' lang='lat' dir='ltr'>obser-</span> 
     </span>
     <span class='ocr_line' id='line_1_26' title="bbox 151 2011 1698 2069; baseline 0.001 -15"><span class='ocrx_word' id='word_1_201' title='bbox 151 2021 308 2063; x_wconf 89' lang='lat' dir='ltr'>vasset,</span> <span class='ocrx_word' id='word_1_202' title='bbox 339 2013 574 2069; x_wconf 89' lang='lat' dir='ltr'>explicare,</span> <span class='ocrx_word' id='word_1_203' title='bbox 615 2012 690 2054; x_wconf 90' lang='lat' dir='ltr'>sed</span> <span class='ocrx_word' id='word_1_204' title='bbox 722 2027 830 2066; x_wconf 88' lang='lat' dir='ltr'>quae</span> <span class='ocrx_word' id='word_1_205' title='bbox 859 2027 912 2053; x_wconf 88' lang='lat' dir='ltr'>ex</span> <span class='ocrx_word' id='word_1_206' title='bbox 942 2012 1122 2053; x_wconf 88' lang='lat' dir='ltr'>lectione</span> <span class='ocrx_word' id='word_1_207' title='bbox 1154 2011 1379 2068; x_wconf 91' lang='lat' dir='ltr'>multiplici</span> <span class='ocrx_word' id='word_1_208' title='bbox 1409 2021 1698 2068; x_wconf 87' lang='lat' dir='ltr'>congesserat,</span> 
     </span>
     <span class='ocr_line' id='line_1_27' title="bbox 150 2083 1699 2140; baseline 0.001 -14"><span class='ocrx_word' id='word_1_209' title='bbox 150 2085 331 2134; x_wconf 82' lang='lat' dir='ltr'>referre,</span> <span class='ocrx_word' id='word_1_210' title='bbox 376 2099 456 2126; x_wconf 88' lang='lat' dir='ltr'>nec</span> <span class='ocrx_word' id='word_1_211' title='bbox 501 2092 599 2139; x_wconf 88' lang='lat' dir='ltr'>post</span> <span class='ocrx_word' id='word_1_212' title='bbox 634 2083 885 2140; x_wconf 88' lang='lat' dir='ltr'>Augustum</span> <span class='ocrx_word' id='word_1_213' title='bbox 933 2084 1065 2126; x_wconf 88' lang='lat' dir='ltr'>ullam</span> <span class='ocrx_word' id='word_1_214' title='bbox 1112 2084 1296 2126; x_wconf 87' lang='lat' dir='ltr'>arbitror</span> <span class='ocrx_word' id='word_1_215' title='bbox 1335 2083 1451 2126; x_wconf 87' lang='lat' dir='ltr'>orbis</span> <span class='ocrx_word' id='word_1_216' title='bbox 1489 2091 1699 2127; x_wconf 90' lang='lat' dir='ltr'>terrarum</span> 
     </span>
     <span class='ocr_line' id='line_1_28' title="bbox 150 2156 1696 2212; baseline 0.001 -14"><span class='ocrx_word' id='word_1_217' title='bbox 150 2156 476 2212; x_wconf 90' lang='lat' dir='ltr'>descriptionem</span> <span class='ocrx_word' id='word_1_218' title='bbox 516 2171 600 2210; x_wconf 91' lang='lat' dir='ltr'>qua</span> <span class='ocrx_word' id='word_1_219' title='bbox 633 2164 747 2197; x_wconf 90' lang='lat' dir='ltr'>recte</span> <span class='ocrx_word' id='word_1_220' title='bbox 784 2163 1000 2206; x_wconf 85' lang='lat' dir='ltr'>uteretur,</span> <span class='ocrx_word' id='word_1_221' title='bbox 1043 2171 1136 2198; x_wconf 90' lang='lat' dir='ltr'>esse</span> <span class='ocrx_word' id='word_1_222' title='bbox 1165 2156 1416 2198; x_wconf 87' lang='lat' dir='ltr'>institutam.</span> <span class='ocrx_word' id='word_1_223' title='bbox 1470 2156 1569 2199; x_wconf 89' lang='lat' dir='ltr'>Hoc</span> <span class='ocrx_word' id='word_1_224' title='bbox 1600 2173 1696 2199; x_wconf 90' lang='lat' dir='ltr'>cum</span> 
     </span>
     <span class='ocr_line' id='line_1_29' title="bbox 148 2228 1697 2284; baseline 0.001 -14"><span class='ocrx_word' id='word_1_225' title='bbox 148 2229 191 2269; x_wconf 90' lang='lat' dir='ltr'>in</span> <span class='ocrx_word' id='word_1_226' title='bbox 231 2228 407 2284; x_wconf 88' lang='lat' dir='ltr'>reliquis</span> <span class='ocrx_word' id='word_1_227' title='bbox 446 2228 570 2270; x_wconf 88' lang='lat' dir='ltr'>terris</span> <span class='ocrx_word' id='word_1_228' title='bbox 607 2228 904 2284; x_wconf 89' lang='lat' dir='ltr'>imprimisque</span> <span class='ocrx_word' id='word_1_229' title='bbox 941 2228 984 2269; x_wconf 93' lang='lat' dir='ltr'>in</span> <span class='ocrx_word' id='word_1_230' title='bbox 1017 2228 1258 2278; x_wconf 86' lang='lat' dir='ltr'>Britannia,</span> <span class='ocrx_word' id='word_1_231' title='bbox 1297 2229 1351 2270; x_wconf 89' lang='lat' dir='ltr'>de</span> <span class='ocrx_word' id='word_1_232' title='bbox 1386 2243 1471 2284; x_wconf 87' lang='lat' dir='ltr'>qua</span> <span class='ocrx_word' id='word_1_233' title='bbox 1500 2230 1697 2284; x_wconf 88' lang='lat' dir='ltr'>quamvis</span> 
     </span>
     <span class='ocr_line' id='line_1_30' title="bbox 151 2299 1698 2356; baseline 0.001 -14"><span class='ocrx_word' id='word_1_234' title='bbox 151 2315 230 2342; x_wconf 90' lang='lat' dir='ltr'>sua</span> <span class='ocrx_word' id='word_1_235' title='bbox 265 2307 401 2342; x_wconf 88' lang='lat' dir='ltr'>aetate</span> <span class='ocrx_word' id='word_1_236' title='bbox 438 2299 573 2341; x_wconf 92' lang='lat' dir='ltr'>multa</span> <span class='ocrx_word' id='word_1_237' title='bbox 605 2315 655 2341; x_wconf 89' lang='lat' dir='ltr'>ac</span> <span class='ocrx_word' id='word_1_238' title='bbox 695 2307 810 2342; x_wconf 89' lang='lat' dir='ltr'>certa</span> <span class='ocrx_word' id='word_1_239' title='bbox 848 2307 1063 2355; x_wconf 89' lang='lat' dir='ltr'>comperta</span> <span class='ocrx_word' id='word_1_240' title='bbox 1100 2314 1195 2341; x_wconf 88' lang='lat' dir='ltr'>esse</span> <span class='ocrx_word' id='word_1_241' title='bbox 1229 2307 1394 2350; x_wconf 86' lang='lat' dir='ltr'>nosset,</span> <span class='ocrx_word' id='word_1_242' title='bbox 1439 2301 1698 2356; x_wconf 84' lang='lat' dir='ltr'>paucissima</span> 
     </span>
     <span class='ocr_line' id='line_1_31' title="bbox 99 2371 1697 2427; baseline 0.001 -13"><span class='ocrx_word' id='word_1_243' title='bbox 99 2388 105 2396; x_wconf 51' lang='lat'>⁸</span> <span class='ocrx_word' id='word_1_244' title='bbox 149 2380 290 2414; x_wconf 89' lang='lat' dir='ltr'>tamen</span> <span class='ocrx_word' id='word_1_245' title='bbox 320 2387 370 2414; x_wconf 90' lang='lat' dir='ltr'>ac</span> <span class='ocrx_word' id='word_1_246' title='bbox 398 2372 487 2413; x_wconf 89' lang='lat' dir='ltr'>fere</span> <span class='ocrx_word' id='word_1_247' title='bbox 517 2371 714 2414; x_wconf 87' lang='lat' dir='ltr'>fabulosa</span> <span class='ocrx_word' id='word_1_248' title='bbox 743 2372 886 2421; x_wconf 83' lang='lat' dir='ltr'>refert,</span> <span class='ocrx_word' id='word_1_249' title='bbox 920 2371 1206 2427; x_wconf 86' lang='lat' dir='ltr'>intelligatur,</span> <span class='ocrx_word' id='word_1_250' title='bbox 1238 2380 1327 2414; x_wconf 91' lang='lat' dir='ltr'>tum</span> <span class='ocrx_word' id='word_1_251' title='bbox 1359 2372 1402 2414; x_wconf 93' lang='lat' dir='ltr'>in</span> <span class='ocrx_word' id='word_1_252' title='bbox 1434 2372 1577 2416; x_wconf 83' lang='lat' dir='ltr'>Gallia</span> <span class='ocrx_word' id='word_1_253' title='bbox 1606 2389 1697 2416; x_wconf 82' lang='lat' dir='ltr'>ma-</span> 
     </span>
     <span class='ocr_line' id='line_1_32' title="bbox 149 2442 1694 2499; baseline 0.001 -13"><span class='ocrx_word' id='word_1_254' title='bbox 149 2444 355 2487; x_wconf 89' lang='lat' dir='ltr'>nifestum</span> <span class='ocrx_word' id='word_1_255' title='bbox 380 2451 457 2486; x_wconf 84' lang='lat' dir='ltr'>est.</span> <span class='ocrx_word' id='word_1_256' title='bbox 507 2442 622 2486; x_wconf 87' lang='lat' dir='ltr'>Citat</span> <span class='ocrx_word' id='word_1_257' title='bbox 644 2444 755 2486; x_wconf 91' lang='lat' dir='ltr'>enim</span> <span class='ocrx_word' id='word_1_258' title='bbox 775 2444 914 2499; x_wconf 82' lang='lat' dir='ltr'>ipsum</span> <span class='ocrx_word' id='word_1_259' title='bbox 935 2443 1175 2499; x_wconf 87' lang='lat' dir='ltr'>Agrippam</span> <span class='ocrx_word' id='word_1_260' title='bbox 1194 2452 1411 2486; x_wconf 90' lang='lat' dir='ltr'>auctorem</span> <span class='ocrx_word' id='word_1_261' title='bbox 1437 2444 1539 2499; x_wconf 90' lang='lat' dir='ltr'>(III,</span> <span class='ocrx_word' id='word_1_262' title='bbox 1558 2445 1597 2495; x_wconf 79' lang='lat'>4,</span> <span class='ocrx_word' id='word_1_263' title='bbox 1620 2445 1694 2495; x_wconf 79' lang='lat'>373</span> 
     </span>
     <span class='ocr_line' id='line_1_33' title="bbox 148 2515 1695 2572; baseline 0 -14"><span class='ocrx_word' id='word_1_264' title='bbox 148 2516 227 2566; x_wconf 90' lang='lat' dir='ltr'>IV,</span> <span class='ocrx_word' id='word_1_265' title='bbox 269 2517 333 2566; x_wconf 83' lang='lat'>17,</span> <span class='ocrx_word' id='word_1_266' title='bbox 371 2516 469 2571; x_wconf 72' lang='lat'>105)</span> <span class='ocrx_word' id='word_1_267' title='bbox 511 2526 592 2559; x_wconf 79' lang='lat' dir='ltr'>nec¹</span> <span class='ocrx_word' id='word_1_268' title='bbox 631 2516 862 2572; x_wconf 89' lang='lat' dir='ltr'>quicquam</span> <span class='ocrx_word' id='word_1_269' title='bbox 901 2515 1017 2570; x_wconf 90' lang='lat' dir='ltr'>quod</span> <span class='ocrx_word' id='word_1_270' title='bbox 1054 2522 1204 2571; x_wconf 88' lang='lat' dir='ltr'>postea</span> <span class='ocrx_word' id='word_1_271' title='bbox 1245 2517 1407 2558; x_wconf 86' lang='lat' dir='ltr'>factum</span> <span class='ocrx_word' id='word_1_272' title='bbox 1448 2516 1502 2558; x_wconf 89' lang='lat' dir='ltr'>sit</span> <span class='ocrx_word' id='word_1_273' title='bbox 1539 2525 1695 2567; x_wconf 86' lang='lat' dir='ltr'>narrat,</span> 
     </span>
     <span class='ocr_line' id='line_1_34' title="bbox 149 2586 1694 2644; baseline 0 -14"><span class='ocrx_word' id='word_1_274' title='bbox 149 2588 266 2643; x_wconf 89' lang='lat' dir='ltr'>quod</span> <span class='ocrx_word' id='word_1_275' title='bbox 293 2602 377 2629; x_wconf 91' lang='lat' dir='ltr'>non</span> <span class='ocrx_word' id='word_1_276' title='bbox 406 2595 526 2630; x_wconf 87' lang='lat' dir='ltr'>extra</span> <span class='ocrx_word' id='word_1_277' title='bbox 550 2588 743 2630; x_wconf 88' lang='lat' dir='ltr'>ordinem</span> <span class='ocrx_word' id='word_1_278' title='bbox 765 2587 888 2642; x_wconf 92' lang='lat' dir='ltr'>quasi</span> <span class='ocrx_word' id='word_1_279' title='bbox 917 2586 1119 2628; x_wconf 89' lang='lat' dir='ltr'>orationis</span> <span class='ocrx_word' id='word_1_280' title='bbox 1149 2587 1342 2629; x_wconf 68' lang='lat' dir='ltr'>additum</span> <span class='ocrx_word' id='word_1_281' title='bbox 1365 2602 1460 2630; x_wconf 88' lang='lat' dir='ltr'>esse</span> <span class='ocrx_word' id='word_1_282' title='bbox 1481 2595 1694 2644; x_wconf 84' lang='lat' dir='ltr'>appareat,</span> 
     </span>
     <span class='ocr_line' id='line_1_35' title="bbox 149 2659 1694 2716; baseline 0.001 -16"><span class='ocrx_word' id='word_1_283' title='bbox 149 2659 284 2701; x_wconf 86' lang='lat' dir='ltr'>veluti</span> <span class='ocrx_word' id='word_1_284' title='bbox 311 2659 433 2710; x_wconf 84' lang='lat' dir='ltr'>illud,</span> <span class='ocrx_word' id='word_1_285' title='bbox 467 2660 583 2715; x_wconf 89' lang='lat' dir='ltr'>quod</span> <span class='ocrx_word' id='word_1_286' title='bbox 608 2660 690 2709; x_wconf 93' lang='lat' dir='ltr'>III,</span> <span class='ocrx_word' id='word_1_287' title='bbox 722 2659 761 2708; x_wconf 82' lang='lat'>4,</span> <span class='ocrx_word' id='word_1_288' title='bbox 794 2659 843 2701; x_wconf 83' lang='lat'>37</span> <span class='ocrx_word' id='word_1_289' title='bbox 878 2659 931 2700; x_wconf 90' lang='lat' dir='ltr'>de</span> <span class='ocrx_word' id='word_1_290' title='bbox 960 2659 1168 2714; x_wconf 89' lang='lat' dir='ltr'>Inalpinis</span> <span class='ocrx_word' id='word_1_291' title='bbox 1200 2660 1460 2714; x_wconf 90' lang='lat' dir='ltr'>quibusdam</span> <span class='ocrx_word' id='word_1_292' title='bbox 1490 2659 1694 2716; x_wconf 85' lang='lat' dir='ltr'>gentibus</span> 
     </span>
     <span class='ocr_line' id='line_1_36' title="bbox 147 2730 1694 2781; baseline 0 -9"><span class='ocrx_word' id='word_1_293' title='bbox 147 2731 357 2774; x_wconf 85' lang='lat' dir='ltr'>formulae</span> <span class='ocrx_word' id='word_1_294' title='bbox 398 2731 757 2774; x_wconf 88' lang='lat' dir='ltr'>Nemausensium</span> <span class='ocrx_word' id='word_1_295' title='bbox 802 2731 1017 2773; x_wconf 87' lang='lat' dir='ltr'>attributis</span> <span class='ocrx_word' id='word_1_296' title='bbox 1066 2731 1216 2781; x_wconf 86' lang='lat' dir='ltr'>tradit3</span> <span class='ocrx_word' id='word_1_297' title='bbox 1263 2747 1361 2773; x_wconf 88' lang='lat' dir='ltr'>nam</span> <span class='ocrx_word' id='word_1_298' title='bbox 1405 2730 1694 2773; x_wconf 86' lang='lat' dir='ltr'>nobilissimae</span> 
     </span>
     <span class='ocr_line' id='line_1_37' title="bbox 149 2802 1695 2859; baseline 0 -16"><span class='ocrx_word' id='word_1_299' title='bbox 149 2803 338 2844; x_wconf 90' lang='lat' dir='ltr'>coloniae</span> <span class='ocrx_word' id='word_1_300' title='bbox 368 2803 701 2859; x_wconf 84' lang='lat' dir='ltr'>Agrippinensis</span> <span class='ocrx_word' id='word_1_301' title='bbox 734 2802 832 2857; x_wconf 76' lang='lat' dir='ltr'>(IV,</span> <span class='ocrx_word' id='word_1_302' title='bbox 868 2804 930 2851; x_wconf 82' lang='grc'>17,</span> <span class='ocrx_word' id='word_1_303' title='bbox 964 2804 1062 2855; x_wconf 74' lang='lat'>106)</span> <span class='ocrx_word' id='word_1_304' title='bbox 1095 2810 1310 2845; x_wconf 88' lang='lat' dir='ltr'>auctorem</span> <span class='ocrx_word' id='word_1_305' title='bbox 1342 2803 1560 2845; x_wconf 85' lang='lat' dir='ltr'>nominare</span> <span class='ocrx_word' id='word_1_306' title='bbox 1590 2802 1695 2843; x_wconf 89' lang='lat' dir='ltr'>nihil</span> 
     </span>
     <span class='ocr_line' id='line_1_38' title="bbox 148 2874 1694 2931; baseline 0.001 -17"><span class='ocrx_word' id='word_1_307' title='bbox 148 2874 363 2917; x_wconf 85' lang='lat' dir='ltr'>attinebat.</span> <span class='ocrx_word' id='word_1_308' title='bbox 420 2877 569 2930; x_wconf 86' lang='lat' dir='ltr'>Itaque</span> <span class='ocrx_word' id='word_1_309' title='bbox 615 2875 749 2917; x_wconf 86' lang='lat' dir='ltr'>solent</span> <span class='ocrx_word' id='word_1_310' title='bbox 791 2875 871 2916; x_wconf 86' lang='lat' dir='ltr'>viri</span> <span class='ocrx_word' id='word_1_311' title='bbox 913 2875 1026 2917; x_wconf 89' lang='lat' dir='ltr'>docti</span> <span class='ocrx_word' id='word_1_312' title='bbox 1059 2876 1258 2931; x_wconf 89' lang='lat' dir='ltr'>pleraque</span> <span class='ocrx_word' id='word_1_313' title='bbox 1288 2890 1396 2931; x_wconf 85' lang='lat' dir='ltr'>quae</span> <span class='ocrx_word' id='word_1_314' title='bbox 1426 2875 1468 2916; x_wconf 91' lang='lat' dir='ltr'>in</span> <span class='ocrx_word' id='word_1_315' title='bbox 1498 2890 1548 2917; x_wconf 90' lang='lat' dir='ltr'>ea</span> <span class='ocrx_word' id='word_1_316' title='bbox 1576 2881 1694 2930; x_wconf 87' lang='lat' dir='ltr'>parte</span> 
     </span>
    </p>
   </div>
  </div>
 </body>
</html>
