1846 3100
11 1503 13 1508 2
0 1340 20 1446 Ῡω““
0 1295 22 1324 ’ζΓ

4 1699 21 1751 ’Ξ

502 152 556 184 De
582 151 716 192 legibus
743 149 1005 192 municipalibus
1034 149 1240 191 Hispanieis.
1569 144 1648 188 303

101 264 147 307 in
184 278 262 306 sua
297 268 508 319 potestate
543 260 786 302 retinerent.
846 259 1049 315 Longum
1085 267 1148 300 est
1178 267 1306 314 atque
1335 259 1486 302 inutile
1520 258 1649 300 huius

104 337 178 386 rei,
217 350 327 391 quae
363 334 406 375 in
444 333 538 388 ipsa
570 331 864 387 imperatoriae
893 331 1114 386 potestatis
1145 343 1296 374 natura
1327 340 1454 388 atque
1486 331 1651 387 origine

106 409 186 452 sita
214 414 292 458 est,
322 405 517 462 exempla
545 405 678 446 multa
703 405 874 445 afferre:
917 419 1050 444 unum
1083 419 1380 454 commemoro,
1418 403 1532 459 quod
1565 403 1651 445 Ta-

106 480 217 523 citus
255 477 414 522 Annal.
444 477 522 521 VI,
555 478 579 518 3
613 483 755 517 narrat
788 476 961 517 Iunium
997 475 1239 517 Gallionem
1278 476 1321 517 in
1363 484 1512 518 senatu
1553 490 1653 518 cen-

107 552 261 601 suisse,
301 559 350 592 ut
381 548 637 606 praetoriani
670 548 829 589 exactis
862 548 1083 603 stipendiis
1123 547 1191 589 ius
1231 548 1273 588 in
1311 548 1653 603 quattuordecim

107 622 331 668 ordinibus
373 621 553 663 sedendi
592 621 845 675 acciperent,
883 635 1008 674 quem
1048 619 1249 662 Tiberius
1282 620 1655 662 vehementissime

107 695 377 752 increpitum,
411 693 527 749 quod
558 693 739 734 militum
777 692 965 747 praemia
1001 691 1055 733 ad
1088 707 1343 747 quemquam
1373 703 1542 748 praeter
1576 693 1655 734 im-

109 775 346 825 peratorem
383 766 596 822 pertine-re
633 773 836 821 putasset,
867 764 995 806 exilio
1026 764 1258 806 durissimo
1287 772 1412 819 atque
1434 765 1540 806 adeo
1563 764 1657 805 vin-

111 840 218 883 culis
249 839 449 882 coercuit.
485 838 574 892 Qui
591 838 724 894 igitur
746 844 904 878 tantam
923 851 1067 878 curam
1090 837 1278 887 haberet,
1305 852 1358 878 ne
1378 852 1503 892 quem
1528 836 1657 878 alium

110 912 194 954 nisi
215 912 514 968 imperatorem
540 910 695 952 milites
727 917 966 965 spectarent
994 910 1310 964 maiestatisque
1330 910 1487 951 crimen
1507 910 1659 965 depre-

111 984 329 1034 henderet,
368 984 404 1026 si
440 984 537 1039 quis
567 983 696 1039 paulo
726 981 995 1024 ambitiosius
1027 982 1180 1024 milites
1210 983 1338 1024 modo
1373 983 1660 1037 alloqueretur

113 1056 236 1109 (Tac.
269 1056 424 1099 Annal.
454 1056 535 1100 III,
555 1055 615 1109 9),
649 1070 747 1097 eum
775 1054 1069 1096 existimamus
1107 1055 1364 1109 permisisse,
1399 1063 1444 1096 ut
1479 1054 1660 1096 militum

115 1129 327 1185 stipendia
365 1128 481 1184 apud
521 1136 737 1170 senatores
771 1126 1127 1176 examinarentur,
1159 1127 1508 1182 ponderarentur,
1537 1141 1660 1182 prae-

114 1202 211 1244 miis
243 1199 548 1243 afficerentur?
605 1199 668 1241 At
694 1199 967 1240 nominantur
995 1200 1176 1241 fortasse
1204 1199 1338 1255 leges,
1368 1199 1526 1254 quibus
1555 1199 1660 1240 civi—

116 1280 244 1315 tatem
281 1272 551 1329 impertiebat
594 1271 835 1327 imperator.
905 1271 1129 1327 Nusquam
1174 1282 1214 1314 et
1257 1272 1310 1314 ab
1350 1272 1488 1320 nullo;
1532 1271 1661 1312 immo

116 1345 255 1389 Gaius
286 1345 322 1395 Ι,
354 1346 404 1388 57
446 1343 822 1387 constitutionibus
864 1343 1171 1400 principalibus
1215 1345 1273 1387 ait
1310 1345 1485 1386 concedi
1526 1344 1661 1386 solere

118 1418 330 1460 veteranis
362 1416 623 1459 connubium
649 1431 746 1458 cum
775 1416 842 1458 his
861 1416 1027 1459 Latinis
1058 1417 1364 1474 peregrinisve‚
1381 1432 1487 1472 quas
1506 1417 1662 1472 primas

118 1499 216 1547 post
255 1490 498 1541 missionem
538 1503 695 1531 uxores
736 1488 974 1538 duxissent,
1012 1504 1150 1544 neque
1192 1490 1502 1531 constitutionis
1541 1490 1663 1545 origo

120 1569 380 1618 quantopere
415 1577 440 1602 a
478 1561 573 1616 lege
612 1560 793 1610 differat,
832 1561 1074 1604 dissimulat
1109 1563 1162 1614 (Ι,
1190 1563 1256 1615 5):
1295 1562 1524 1618 diplomata
1563 1575 1663 1603 vero

122 1634 317 1677 militaria
336 1648 446 1689 quae
473 1633 654 1689 plurima
685 1640 843 1682 extant,
875 1635 1042 1676 nullum
1069 1634 1179 1690 legis
1211 1634 1438 1690 vestigium
1463 1634 1663 1689 produnt,

122 1707 167 1748 in
196 1706 353 1761 quibus
382 1705 581 1748 omnibus
622 1706 683 1747 sic
714 1711 802 1747 est:
845 1707 1142 1761 imperatorem
1173 1707 1239 1749 his
1275 1715 1316 1749 et
1345 1707 1429 1748 illis
1458 1706 1664 1747 militibus

123 1778 336 1820 civitatem
357 1778 593 1820 Romanam
628 1786 670 1819 et
697 1778 959 1820 connubium
991 1778 1177 1828 dedisse,
1202 1780 1270 1822 vel
1290 1779 1494 1823 similiter.
1535 1777 1666 1831 Quod

122 1851 256 1907 igitur
294 1850 404 1906 legis
445 1850 651 1892 indicium
680 1850 885 1892 affertur?
935 1850 1126 1901 Nullum,
1164 1852 1247 1893 nisi
1282 1852 1376 1900 hoc,
1412 1851 1529 1906 quod
1564 1866 1666 1892 con-

125 1923 288 1966 suerint
324 1923 368 1964 in
410 1938 505 1966 aere
541 1922 716 1965 inscribi
761 1937 811 1964 ac
844 1921 1015 1978 publice
1052 1923 1096 1964 in
1141 1921 1352 1979 Capitolio
1386 1924 1454 1964 vel
1491 1923 1533 1964 in
1574 1924 1667 1964 foro

125 1995 317 2051 proponi.
371 1994 433 2037 At
465 1995 638 2051 publice
677 1994 1026 2050 proponebantur
1055 1995 1284 2051 aliquando
1316 1997 1440 2038 etiam
1473 2002 1668 2037 senatus-

127 2067 334 2117 consulta,
368 2068 404 2110 si
435 2068 481 2110 id
509 2067 563 2110 ad
594 2067 798 2109 honorem
829 2067 935 2116 eius,
967 2067 1020 2109 de
1044 2082 1129 2122 quo
1160 2069 1271 2110 facta
1296 2075 1451 2118 essent,
1484 2067 1669 2123 pertine-

127 2151 191 2181 ret
231 2139 354 2194 (Tac.
390 2138 506 2181 Ann.
538 2139 646 2189 XII,
684 2139 782 2192 53);
824 2154 923 2180 nam
961 2139 1162 2194 pleraque
1204 2139 1248 2180 in
1284 2141 1443 2182 aerario
1481 2140 1670 2195 depone-

128 2210 305 2254 bantur:
345 2212 495 2266 quidni
524 2211 658 2267 igitur
688 2226 761 2254 eae
791 2210 1130 2260 constitutiones,
1161 2226 1214 2253 ex
1252 2211 1409 2266 quibus
1440 2212 1672 2253 multorum

129 2282 351 2325 hominum
383 2290 518 2326 status
559 2285 777 2339 penderet,
814 2283 873 2325 ita
908 2283 950 2324 in
981 2298 1077 2324 aere
1111 2283 1358 2338 figerentur,
1395 2292 1441 2325 ut
1472 2283 1594 2325 facile
1632 2289 1674 2324 et

130 2355 316 2398 describi
344 2364 385 2398 et
415 2356 664 2411 recognosci
682 2356 889 2412 possent?
933 2355 1041 2396 Mihi
1070 2355 1239 2409 quidem
1270 2355 1363 2410 ipse
1393 2356 1515 2396 etiam
1537 2355 1673 2404 locus,

131 2441 216 2481 quo
243 2426 499 2483 figebantur,
535 2427 775 2483 significare
805 2428 977 2470 videtur
1006 2442 1089 2468 non
1119 2427 1252 2468 fuisse
1283 2427 1377 2469 illas
1399 2428 1545 2483 leges3
1576 2442 1674 2468 nam

132 2498 210 2540 hae
249 2499 424 2554 antiquo
462 2515 578 2542 more
617 2516 642 2541 a
680 2500 979 2556 quaestoribus
1016 2498 1132 2554 apud
1163 2499 1373 2541 aerarium
1405 2499 1531 2541 condi
1565 2498 1675 2540 sole-

134 2569 235 2627 bant
255 2569 378 2622 (Tac.
402 2571 556 2614 Annal.
574 2573 654 2622 ΙΙΙ,
675 2573 761 2628 51),
792 2572 886 2614 illas
914 2572 959 2613 in
986 2571 1153 2626 templis
1176 2571 1411 2627 propositas
1440 2586 1534 2613 esse
1552 2570 1676 2612 novi-

135 2657 244 2684 mus.
292 2640 380 2684 Sed
409 2645 608 2698 persequi
632 2644 677 2685 id
706 2645 903 2701 pluribus
933 2644 1082 2685 inutile
1112 2650 1197 2692 est;
1230 2643 1264 2685 si
1283 2644 1456 2698 quidem
1474 2657 1677 2699 apparere

136 2713 300 2768 opinor,
330 2713 537 2757 militibus
565 2716 738 2770 quidem
772 2731 988 2771 nunquam
1019 2716 1116 2770 lege
1147 2715 1231 2756 lata
1266 2715 1320 2756 ab
1349 2714 1676 2771 imperatoribus

139 2784 342 2826 cvitatem
374 2801 469 2828 esse
499 2786 715 2837 donatam,
747 2788 822 2830 sed
850 2787 1091 2842 diplomatis
1117 2801 1190 2828 eos
1215 2802 1318 2828 usos
1347 2802 1455 2836 esse,
1473 2801 1582 2841 quae
1604 2786 1672 2828 sui

137 2862 306 2900 tantum
348 2856 541 2900 beneficii
587 2869 740 2902 essent.
787 2860 935 2914 Itaque
977 2857 1178 2914 Caligula
1213 2859 1455 2914 aliquando,
1494 2868 1540 2900 ut
1578 2874 1679 2900 con-
