1846 3100
566 145 620 177 De
647 142 762 176 Gallia
786 144 1020 178 Romanorum
1053 146 1236 187 provincia.
1595 146 1671 190 127

126 253 308 309 populos
338 252 534 309 paruisse
565 252 779 308 significat.
799 252 991 303 Tacitus,
1023 267 1118 296 cum
1148 255 1205 297 ait.
1236 271 1410 299 censum
1433 256 1672 300 Galliarum

125 325 179 368 ab
217 340 267 368 eo
303 340 399 368 esse
435 332 592 367 actum.
660 325 854 380 Itemque
891 324 1018 368 habet
1064 341 1100 367 c.
1132 327 1183 368 33
1228 331 1384 370 interea,
1428 332 1673 372 Germanico

120 413 196 452 per
224 400 404 447 Gallias,
447 404 497 439 ut
534 400 736 447 diximus,
777 413 919 438 census
948 401 1169 452 acmfflentc'
1194 405 1401 443 excessisse
1431 409 1671 456 Augustum

124 470 310 523 affertur
343 477 385 512 et
423 485 458 513 c.
489 470 541 512 34
580 473 788 524 Sequanos
820 473 1031 523 proximos
1071 478 1110 513 et
1143 474 1365 524 Belgarum
1406 477 1590 515 civitates
1627 477 1671 514 in

124 543 244 584 verba
271 546 358 584 eius
383 541 587 596 (Tiberii)
616 544 770 595 adigz‘t,·
801 557 835 583 c.
863 542 914 582 39
947 542 1232 587 Germanicus
1263 548 1379 598 apud
1405 562 1524 587 aram
1560 548 1675 589 Ubios

124 630 219 657 rum
249 630 344 658 esse
372 623 570 658 narratur
600 622 639 658 et
672 629 706 657 c.
738 615 785 657 41
823 615 877 657 ad
908 615 1112 658 Treviros
1143 618 1308 660 mittere
1340 633 1516 660 uxorem
1547 626 1672 673 atque

123 686 283 730 liberos
312 695 354 731 et
385 703 421 730 c.
449 687 501 730 43
530 687 692 743 Belgae
721 687 925 730 dicuntur
956 688 1162 730 auxilium
1193 690 1403 732 adversus
1432 690 1672 732 Germanos

124 759 354 811 obtulisse,
400 769 490 802 tum
528 775 563 803 c.
595 760 647 802 44
688 770 911 802 veteranos
952 761 991 802 in
1026 761 1219 803 Raetiam
1263 763 1411 812 mittit,
1460 779 1495 804 6.
1525 764 1577 805 45
1618 762 1673 805 ad

123 832 266 875 locum
293 833 363 875 cui
393 833 550 875 Vetera
578 847 732 874 nomen
764 840 842 882 est,
875 821 1172 889 proficiscitur,
1206 835 1421 889 multaque
1451 836 1534 876 alia
1562 836 1673 876 refe-

123 912 299 955 runtur,
340 905 457 947 uude
494 905 713 961 Belgicam
753 903 959 956 Galliam,
1002 921 1110 961 quae
1147 922 1200 949 ex
1236 908 1426 963 Augusti
1463 907 1673 950 divisione

125 984 233 1027 erat,
274 975 532 1020 Germanico
568 977 762 1033 paruisse
791 978 1060 1034 colligamus.
1124 977 1192 1021 Cf.
1223 980 1348 1022 etiam
1383 979 1502 1021 Suet.
1532 978 1673 1036 Calig.

125 1064 160 1091 c.
190 1051 228 1091 8.
291 1049 416 1103 Quae
444 1057 585 1091 tamen
617 1050 707 1091 sola
737 1050 771 1092 si
802 1051 844 1092 in
874 1051 967 1092 eius
997 1051 1176 1107 imperio
1203 1051 1370 1101 fuisset,
1400 1052 1470 1094 vix
1495 1051 1673 1094 Tacitus

125 1121 290 1165 Gallias
330 1122 532 1172 dixisset,
575 1122 691 1164 unde
731 1123 973 1165 necessario
1013 1123 1137 1165 etiam
1178 1124 1463 1180 Lugdunensi
1507 1123 1673 1166 Galliae

124 1209 222 1236 eum
258 1194 492 1251 imperasse
531 1194 832 1250 intelligemus.
892 1195 1038 1252 Atque
1070 1196 1184 1238 idem
1217 1196 1298 1240 alio
1328 1197 1512 1251 quodam
1545 1200 1674 1242 modo

124 1275 264 1323 potest
288 1267 454 1310 coniici.
508 1267 686 1309 Tacitus
709 1267 820 1309 enim
846 1282 943 1310 eum
967 1276 1122 1318 narrat,
1148 1276 1373 1325 postquam
1401 1270 1454 1312 de
1483 1273 1673 1327 Augusti

124 1347 259 1382 morte
295 1341 522 1395 comperit,
565 1337 786 1394 Sequanos
821 1340 1039 1395 proximos
1069 1347 1110 1382 et
1139 1341 1371 1397 Belgarum
1404 1342 1596 1385 civitates
1629 1343 1673 1385 in

125 1411 258 1454 verba
295 1412 457 1454 Tiberii
496 1412 709 1468 adegisse.
780 1411 870 1454 Ubi
909 1412 1045 1467 igitur
1088 1421 1177 1455 erat
1221 1413 1527 1464 Germanicus,
1573 1430 1670 1457 cum

124 1484 300 1526 nuntius
330 1484 386 1526 de
410 1493 545 1526 morte
570 1484 763 1540 Augusti
790 1483 1041 1526 afferretur?
1080 1484 1178 1527 Non
1206 1485 1341 1527 fuisse
1363 1486 1477 1541 apud
1497 1487 1672 1529 inferio-

123 1570 214 1600 rem
251 1556 486 1598 exercitum
517 1556 693 1598 Tacitus
725 1556 852 1611 paulo
882 1562 978 1611 post
1009 1557 1216 1607 ostendit,
1257 1558 1401 1599 audita
1431 1574 1527 1600 eum
1559 1559 1673 1601 sedi-

124 1627 239 1671 tione
269 1643 318 1670 eo
345 1628 579 1680 profectum
612 1642 708 1670 esse
737 1628 949 1678 referens3
996 1643 1075 1670 nec
1104 1630 1240 1683 magis
1275 1638 1364 1671 erat
1395 1631 1510 1686 apud
1545 1645 1672 1686 supe-

124 1699 302 1750 riorem,
343 1715 470 1755 quem
511 1699 667 1742 deinde
709 1715 955 1756 compressa
997 1700 1165 1742 interim
1207 1701 1420 1744 inferioris
1465 1703 1672 1745 seditione

124 1771 230 1815 adiit
260 1776 317 1824 (c.
344 1771 429 1825 37).
485 1771 597 1824 Quis
630 1772 764 1828 igitur
787 1772 859 1814 ille
885 1772 1006 1814 locus
1035 1782 1123 1815 erat
1153 1773 1365 1828 Sequanis
1394 1774 1672 1830 propinquus,

124 1858 210 1898 quo
255 1841 562 1894 Germanicus,
605 1845 709 1887 dum
754 1860 909 1887 census
954 1843 1192 1887 Galliarum
1237 1845 1347 1901 agit,
1392 1847 1672 1889 versabatur?

123 1915 460 1971 Lugdunensis,
491 1916 662 1972 opinor,
694 1917 879 1967 colonia,
921 1917 965 1958 in
991 1933 1075 1972 qua
1105 1918 1229 1959 etiam
1259 1918 1537 1972 Augustum,
1574 1934 1672 1961 cum

125 1986 289 2031 Gallias
328 1994 621 2043 componeret,
661 2003 787 2045 saepe
824 1990 983 2031 versari
1018 1989 1296 2033 consuevisse
1326 2005 1456 2045 supra
1481 1991 1671 2032 ostendi-

123 2074 234 2102 mus.
297 2059 639 2115 Lugdunensem
683 2060 817 2114 igitur
853 2060 1036 2103 Galliam
1081 2076 1165 2103 non
1203 2061 1346 2106 minus
1386 2061 1671 2104 Germanicus

123 2131 295 2175 tenebat
323 2146 450 2186 quam
480 2131 722 2186 Belgicam,
755 2133 853 2182 sed,
892 2140 940 2175 ut
969 2133 1188 2182 existimo,
1229 2134 1353 2176 etiam
1383 2133 1671 2188 Aquitaniam,

124 2217 232 2257 quae
259 2203 341 2245 nisi
373 2202 611 2246 Galliarum
641 2205 811 2246 nomine
839 2205 1287 2260 comprehenderetur,
1320 2205 1480 2248 addere
1510 2206 1671 2261 aliquid

126 2273 329 2319 debuisse
358 2275 530 2318 videtur
554 2276 746 2319 Tacitus.
810 2276 957 2329 Quare
990 2284 1099 2320 totas
1127 2277 1292 2319 Gallias
1321 2277 1566 2320 Germanici
1592 2279 1672 2320 im-

124 2343 254 2402 perio‘
269 2347 466 2403 paruisse
495 2363 661 2390 censeo.
713 2347 824 2390 Nam
853 2348 968 2403 quod
999 2348 1176 2391 Tacitus
1198 2350 1232 2399 I,
1263 2350 1306 2392 71
1347 2350 1401 2391 ad
1431 2350 1673 2405 supplenda

125 2419 338 2462 exereitus
368 2420 524 2464 damna
554 2428 741 2464 certasse
770 2420 828 2462 ait
858 2419 1038 2471 Gallias,
1067 2420 1316 2476 Hispanias,
1347 2421 1526 2470 Italiam,
1555 2421 1671 2476 quod

126 2491 281 2546 cuique
308 2500 552 2548 promptum
583 2500 716 2541 esset,
752 2507 891 2543 arma,
936 2507 1095 2548 equos,
1132 2508 1282 2534 aurum
1309 2493 1556 2541 offerentes,
1587 2508 1672 2534 non

124 2570 228 2618 puto
264 2579 341 2620 pro
374 2572 629 2620 argumento
657 2579 752 2608 esse
784 2580 933 2621 posse,
977 2573 1025 2607 ut
1054 2564 1097 2606 in
1126 2564 1209 2606 illis
1236 2579 1408 2620 quoque
1439 2565 1672 2621 provinciis

126 2635 288 2690 aliquid
333 2635 372 2677 ei
415 2636 583 2692 imperii
628 2636 764 2678 fuisse
803 2636 1080 2686 arbitremur,
1130 2652 1311 2690 quarum
1355 2637 1672 2692 provinciarum

125 2707 241 2761 quod
271 2707 426 2750 studiis
458 2708 644 2752 laudatis
673 2708 787 2752 dona
813 2722 897 2750 non
929 2708 1115 2764 aceepit,
1157 2723 1206 2750 ea
1240 2709 1334 2764 ipsa
1365 2708 1419 2750 de
1449 2723 1579 2751 causa
1606 2709 1672 2752 vi-

127 2778 254 2821 detur
279 2779 448 2828 fecisse,
475 2794 529 2822 ne
549 2779 656 2823 fines
675 2780 841 2835 imperii
867 2780 934 2822 sui
956 2781 1105 2836 egredi
1129 2780 1455 2823 existimaretur.
1500 2781 1671 2824 Etenim

128 2848 368 2895 Galliarum
405 2851 605 2906 quidem,
643 2852 686 2896 in
724 2851 884 2906 quibus
924 2852 1158 2908 legitimam
1195 2859 1446 2907 potestatem
1475 2852 1672 2902 habebat,
