1846 3100
211 127 288 171 122
648 134 702 167 De
729 132 841 166 Gallia
863 135 1095 168 Romanorum
1119 137 1301 178 provincia.

206 255 317 284 anno
341 243 368 285 2
397 257 436 299 p.
464 242 566 286 Chr.
607 244 648 285 in
690 243 839 286 urbem
876 243 1078 294 redisset,
1121 244 1348 287 triennium
1386 253 1591 289 remotus-
1609 247 1663 290 ab
1702 261 1747 290 re

210 314 381 371 publica
406 323 621 372 tamquam
648 317 842 373 privatus
872 316 978 359 vixit
998 315 1141 370 (Suet.
1160 316 1257 360 Tib.
1276 332 1312 359 e.
1334 318 1415 370 15),
1441 325 1532 361 tum
1549 320 1747 362 extinctis

207 385 257 430 C.
296 394 339 430 et
368 389 421 431 L.
453 388 712 432 Caesaribus
752 403 863 431 anno
898 388 922 430 4
965 389 1193 445 adoptatus
1229 389 1283 432 ab
1319 389 1523 445 Augusto
1565 398 1607 433 et
1646 406 1748 433 con—

205 460 345 502 festim
384 459 428 502 in
458 461 623 504 Gallias
663 469 810 504 contra
840 460 1080 504 Germanos
1118 462 1277 504 missus
1311 470 1387 505 est.
1443 462 1513 505 De
1541 469 1748 519 potestate

204 533 243 575 ei
283 533 490 588 permissa
529 541 669 576 tacent
709 541 904 578 auctores
944 548 1023 576 nec
1051 534 1280 577 tribunicia
1311 542 1511 591 potestas,
1551 549 1680 590 quam
1710 535 1749 577 ei

205 605 387 647 delatam
418 621 513 649 esse
541 613 719 657 constat,
760 603 813 648 ad
843 605 1069 662 imperium
1098 606 1280 648 militare
1311 607 1466 656 valuit,
1513 620 1747 663 proconsu-

203 677 304 720 laris
332 684 475 720 autem
504 687 693 735 potestas
725 679 762 721 ei
793 693 904 720 anno
932 678 1104 720 demum
1139 679 1185 721 133
1212 695 1253 735 p.
1281 677 1384 721 Chr.
1412 680 1508 736 lege
1535 679 1747 722 consulari

205 749 304 792 data
333 758 398 792 est
428 751 559 807 (Vell.
588 751 645 802 II,
681 752 778 802 1213
813 750 933 794 Suet.
960 750 1056 793 Tib.
1086 766 1122 793 o.
1150 751 1238 805 211).
1292 749 1381 794 Sed
1411 752 1494 794 iam
1521 759 1747 808 antequam

203 822 431 878 adoptatus
462 832 539 874 est,
572 839 670 866 eum
701 839 831 881 supra
857 822 1124 866 ostendimus
1151 838 1231 865 non
1259 823 1335 865 uni
1361 823 1486 866 alicui
1510 823 1750 867 Galliarum

204 895 460 951 provinciae,
491 896 567 939 sed
598 895 798 939 omnibus
827 896 1087 938 coniunctim
1112 895 1367 951 praefuisse,
1392 910 1524 951 quare
1548 894 1640 938 fleri
1663 911 1749 938 non

204 975 366 1024 potest,
406 977 454 1010 ut
491 978 594 1011 tunc
634 985 729 1012 eum
769 969 929 1011 honore
967 975 1094 1024 atque
1133 968 1342 1024 dignitate
1380 975 1553 1010 auctum
1586 968 1748 1010 minore

202 1041 380 1096 imperio
407 1042 542 1084 fuisse
571 1057 726 1097 eoque,
765 1041 881 1097 quod
911 1056 936 1083 a
966 1049 1084 1097 patre
1115 1041 1209 1096 ipso
1235 1040 1429 1096 accipere
1458 1047 1648 1097 poterat,
1678 1055 1748 1083 ca-

203 1113 342 1156 ruisse
372 1113 678 1156 existimemus.
736 1113 983 1170 Apertoque
1017 1114 1274 1156 documento
1300 1121 1379 1162 est,
1408 1107 1524 1168 quod
1555 1112 1692 1155 Dio-l.
1719 1113 1747 1154 l.

203 1195 370 1236 narrat,
416 1201 513 1228 cum
554 1186 786 1228 Saturnino
827 1191 1073 1228 ornamenta
1101 1184 1374 1240 triumphalia
1401 1185 1747 1235 decernerentur,

205 1258 331 1300 simul
367 1265 408 1300 et
443 1258 646 1315 Augusto
683 1267 724 1300 et
751 1257 925 1300 Tiberio
961 1257 1227 1313 imperatoris
1254 1271 1407 1299 nomen
1439 1272 1534 1299 esse
1562 1264 1747 1313 partum,

202 1330 304 1372 item
334 1330 466 1381 illud,
506 1331 621 1386 quod
654 1331 856 1373 Tiberius
889 1343 1041 1386 parans
1071 1345 1181 1371 anno
1207 1329 1232 1371 6
1263 1344 1305 1385 p.
1335 1327 1437 1371 Chr.
1470 1329 1748 1385 irruptionem

202 1402 245 1444 in
276 1402 551 1446 Germaniam
592 1419 688 1446 oum
720 1403 1037 1446 Pannoniorum
1075 1412 1116 1444 et
1144 1402 1439 1444 Delmatarum
1476 1401 1749 1465 cognovisset

205 1476 471 1526 seditionem,
495 1476 638 1518 subito
659 1477 802 1532 copias
823 1475 1044 1524 convertit,
1067 1474 1238 1530 (Vellei.
1253 1475 1312 1524 II,
1337 1474 1432 1525 1083
1460 1475 1547 1517 Dio
1563 1474 1659 1523 LV,
1675 1474 1749 1527 28)

205 1549 324 1590 nullo
353 1563 466 1591 novo
496 1549 672 1605 imperio
698 1557 864 1599 auctus,
895 1556 943 1590 ut
972 1548 1009 1590 ei
1039 1562 1125 1589 non
1154 1545 1391 1589 Galliarum
1420 1546 1569 1597 modo,
1600 1560 1750 1588 verum

204 1620 331 1662 etiam
359 1621 535 1676 Illyrici,
566 1622 748 1663 fortasse
778 1621 904 1663 etiam
933 1619 1170 1662 vicinarum
1190 1618 1507 1675 provinciarum
1523 1618 1750 1675 imperium

203 1693 351 1735 datum
381 1708 477 1736 esse
506 1708 715 1736 censeam.
779 1692 911 1747 Quod
943 1693 979 1734 si
1008 1708 1091 1734 non
1121 1691 1292 1741 habuit,
1331 1700 1559 1746 antequam
1596 1691 1749 1733 seditio

204 1765 375 1814 exarsit,
406 1775 519 1808 certe
547 1767 674 1822 paulo
700 1774 796 1822 post
824 1765 1000 1821 aceepit,
1028 1772 1075 1806 ut
1103 1764 1231 1806 unius
1251 1778 1419 1806 summo
1436 1763 1571 1805 ductu
1591 1762 1750 1805 bellum

204 1845 438 1893 gereretur.
497 1838 557 1881 At
595 1839 765 1880 fuerant
801 1847 942 1880 tamen
978 1837 1108 1893 legati
1140 1835 1332 1892 Augusti
1366 1835 1515 1877 eodem
1547 1842 1750 1890 tempore,

203 1925 256 1952 ne
296 1910 401 1952 alios
434 1925 783 1961 commemorem,
822 1910 884 1952 M.
916 1909 1114 1952 Valerius
1147 1907 1432 1957 Messalinus,
1477 1921 1565 1949 cos.
1595 1906 1695 1948 anni
1725 1907 1750 1949 3

204 1998 240 2024 a.
271 1981 398 2032 Chr„
443 1983 517 2038 qui
559 1987 628 2037 τῆς
670 1984 902 2038 Δαλματίας
941 1982 1008 2023 καὶ
1053 1980 1273 2024 Παννονίας
1317 1979 1455 2033 ἄρχων
1498 1978 1657 2020 dicitur
1696 1978 1750 2021 ab

203 2054 345 2097 Dione
373 2054 468 2105 LV,
501 2055 554 2097 29
585 2061 626 2096 et
651 2055 922 2110 praepositus
949 2053 1121 2109 Illyrico
1146 2067 1171 2094 a
1191 2051 1343 2094 Vellei.
1357 2050 1415 2100 II,
1443 2049 1535 2100 112,
1564 2050 1619 2093 A.
1639 2048 1750 2093 Cae·

204 2129 300 2169 cina
329 2126 541 2175 Severus,
574 2141 661 2168 cos.
692 2127 791 2168 anni
817 2127 842 2168 f>
873 2143 910 2169 a.
939 2124 1064 2174 Chr„
1095 2124 1169 2180 qui
1199 2123 1357 2167 Μυσίας
1387 2122 1525 2178 ἄρχων
1557 2138 1583 2165 a
1607 2122 1751 2165 Dione

202 2200 230 2241 l.
266 2199 293 2240 l.
331 2199 592 2255 appellatur,
634 2197 685 2241 C.
722 2198 880 2241 Vibius
917 2198 1174 2246 Postumus,
1213 2210 1300 2237 cos.
1330 2195 1354 2236 ἶ)
1388 2210 1429 2251 p.
1459 2193 1585 2245 Chr„
1623 2209 1750 2251 quem

203 2271 315 2314 Vell.
339 2271 405 2320 ΙΙ,
442 2272 518 2313 116
553 2270 843 2327 praepositum
874 2269 1114 2311 Delmatiae
1152 2267 1364 2317 nominat,
1407 2267 1490 2309 alii.
1562 2264 1751 2309 Omnino

203 2343 336 2399 igitur
376 2358 524 2400 parem
564 2350 667 2385 tune
707 2342 910 2384 Tiberius
953 2347 1206 2397 potestatem
1245 2339 1417 2381 videtur
1458 2337 1661 2381 habuisse
1701 2352 1752 2380 ac

204 2424 351 2472 postea
382 2414 681 2465 Germanicus,
715 2430 811 2457 cum
839 2415 881 2455 in
911 2413 1080 2469 Syriam
1107 2412 1360 2460 mitteretur,
1383 2410 1452 2452 cui
1478 2425 1576 2452 cum
1603 2425 1751 2452 omnes

203 2487 450 2544 provinciae
478 2487 785 2530 transmarinae
809 2487 1040 2543 permissae
1066 2491 1233 2532 essent,
1273 2497 1372 2525 suos
1399 2490 1540 2525 tamen
1563 2489 1750 2525 rectores

204 2559 447 2602 habuerunt
478 2559 606 2615 Syria
636 2567 677 2601 et
702 2559 811 2601 Asia
841 2565 883 2600 et
912 2556 1116 2612 Bithynia
1145 2563 1186 2598 et
1216 2554 1400 2605 Galatia,
1429 2562 1471 2597 et
1497 2554 1625 2610 paulo
1653 2561 1750 2596 ante

205 2630 258 2674 C.
289 2630 470 2681 Caesar,
514 2631 708 2687 Augusti
745 2630 885 2679 filius,
931 2644 1029 2671 cum
1067 2628 1121 2671 ad
1158 2627 1341 2670 Parthos
1376 2625 1666 2682 reprimendos
1705 2625 1749 2667 in

206 2703 454 2745 Armeniam
480 2703 823 2760 proficisceretur
849 2702 924 2758 (cf.
954 2699 1192 2743 comment.
1214 2700 1259 2742 II
1283 2715 1324 2755 p.
1349 2699 1456 2751 102).
1501 2698 1626 2751 Quae
1652 2711 1750 2739 cum

205 2775 263 2816 ita
295 2775 400 2826 sint,
428 2783 469 2818 et
499 2775 615 2832 apud
641 2774 868 2824 Velleium,
894 2773 1011 2828 quod
1038 2772 1138 2814 olim
1167 2771 1278 2822 dixi,
1306 2778 1444 2821 teneo,
1477 2769 1750 2813 scribendum

209 2860 302 2891 esse
342 2850 414 2904 qui
444 2855 531 2891 tum
563 2851 723 2902 legatus
746 2848 883 2900 patris
912 2849 998 2886 eius
1029 2848 1073 2886 in
1105 2846 1330 2886 Germania
1361 2850 1454 2884 erat
1483 2849 1524 2885 et
1554 2840 1750 2884 Sentium
