1846 3100
181 139 262 182 330
602 142 654 173 De
677 142 924 184 propagatione
950 143 1095 175 civit-atis
1118 143 1306 177 Romanae.

181 249 384 302 Calenus,
420 251 620 294 tribunus
657 250 855 300 militum,
896 251 973 293 sed
1009 251 1194 296 Aeduus
1233 255 1356 311 (Tac.
1385 255 1502 298 Hist.
1528 255 1612 306 ΙΙΙ,
1639 256 1728 312 35),

179 323 318 365 Iulius
350 322 569 366 Maximus
604 339 626 366 e
659 322 835 365 Batavis
867 322 989 375 (Tac.
1017 324 1131 366 Hist.
1162 326 1241 377 IV,
1270 327 1357 383 33),
1397 328 1533 371 Iulius
1563 328 1728 371 Paulus

180 411 232 438 ex
262 395 392 452 stirpe
424 396 543 452 regia
574 396 837 438 Batavorum
868 395 988 448 (Tae.
1007 397 1122 439 Hist.
1140 398 1220 449 IV,
1243 399 1328 453 13),
1356 399 1495 443 Iulius
1525 400 1730 452 Sabinus,

179 467 426 523 Lingonum
458 468 658 524 princeps
688 467 809 520 (Tac.
842 468 958 510 Hist.
989 468 1068 519 IV,
1091 470 1179 522 55),
1207 471 1346 514 Iulius
1376 471 1515 515 Tutor
1543 487 1596 515 ex
1621 472 1730 515 Tre-

180 539 293 581 veris
326 539 446 592 (Tac.
476 540 617 594 ibid.)‚
654 540 793 582 Iulius
826 540 1011 596 denique
1050 541 1224 584 Vindex
1262 557 1315 585 ex
1355 542 1587 600 Aquitanis
1623 543 1731 599 (Dio

181 611 355 662 LXIII,
383 611 458 664 22)
492 612 722 668 ipsumque
758 611 918 655 Iulium
960 611 1158 664 Civilem,
1195 615 1269 670 qui
1299 615 1534 672 imperante
1562 615 1730 672 Vespa-

183 683 302 726 siano
350 684 569 740 ingentem
611 684 874 727 Batavorum
919 685 1171 728 seditionem
1213 688 1428 739 excitavit,
1469 688 1571 744 quia
1608 687 1730 744 regia

184 756 314 813 stirpe
345 764 433 798 erat
462 764 752 812 cognatosque
783 757 918 799 Iulios
961 757 1158 809 habebat,
1200 759 1254 809 ab
1291 760 1497 816 Augusto
1528 761 1726 803 donatam

181 827 396 871 civitatem
432 828 635 871 habuisse
669 844 750 871 nec
787 836 902 871 recte
933 845 1020 872 uno
1049 831 1144 872 loco
1175 830 1227 873 ab
1264 831 1415 874 Tacito
1444 832 1559 875 Hist.
1578 831 1657 882 IV,
1680 831 1730 875 13

181 898 413 943 Claudium
454 901 657 958 appellari
693 901 903 944 exist-imo.
962 901 1127 945 Multos
1159 910 1301 946 autem
1330 904 1458 947 etiam
1487 904 1592 946 alios
1624 902 1730 947 Gal-

177 973 317 1015 lorum
347 974 561 1030 principes
593 973 646 1016 ab
677 974 828 1016 eodem
855 974 1058 1030 Augusto
1087 976 1157 1018 vel
1185 983 1360 1033 propter
1378 976 1642 1019 nobilitatem
1661 976 1732 1019 vel

177 1053 352 1103 propter
380 1047 583 1088 virtutem
614 1046 784 1088 civitate
813 1047 1007 1097 donatos,
1037 1047 1081 1089 iu
1107 1048 1231 1090 Iuliis
1270 1049 1370 1098 illis,
1406 1061 1589 1103 quorum
1618 1049 1730 1091 inter

178 1119 334 1160 milites
360 1119 576 1160 Romanos
607 1119 764 1160 mentio
799 1119 860 1168 fit,
890 1120 1022 1161 latere
1050 1135 1223 1170 cense03
1262 1136 1359 1163 nam
1392 1121 1542 1163 militia
1570 1120 1730 1176 princi-

180 1191 309 1247 pibus
342 1191 558 1233 bellicosis
598 1199 638 1233 et
666 1191 850 1233 maxime
881 1192 1049 1248 placere
1081 1192 1232 1235 debuit
1260 1199 1302 1235 et
1331 1193 1610 1235 ostentandae
1644 1193 1731 1235 vir-

183 1264 286 1306 tutis
315 1264 689 1320 praemiorumque
708 1264 1078 1319 assequendorum
1098 1265 1302 1321 optimam
1319 1265 1587 1307 occasionem
1605 1279 1730 1321 prae-

178 1335 319 1379 bebat.
377 1336 468 1378 Nec
507 1336 634 1378 modo
673 1335 912 1386 Gallorum,
944 1352 1094 1379 verum
1135 1337 1262 1379 etiam
1297 1336 1628 1388 Germanorum,
1657 1337 1732 1393 qui

177 1409 371 1451 nondum
401 1409 445 1450 in
476 1409 727 1465 provinciae
748 1410 927 1451 formam
957 1410 1119 1452 redacti
1153 1418 1286 1460 erant,
1317 1410 1531 1466 principes
1559 1409 1731 1452 civitate

177 1482 372 1525 Romana
416 1481 706 1530 donabantur,
749 1481 883 1523 veluti
924 1482 1170 1532 Arminius,
1215 1481 1471 1526 Germaniae
1514 1482 1730 1532 liberator,

178 1571 307 1611 quem
341 1555 453 1597 Vell.
483 1555 542 1605 ΙΙ,
573 1554 651 1596 118
689 1554 761 1604 ait,
802 1569 910 1596 cum*
934 1555 1207 1611 popularium
1245 1570 1420 1598 suorum
1456 1554 1652 1597 cohortes
1685 1554 1731 1596 in

179 1628 370 1670 exercitu
397 1628 591 1670 Romano
625 1627 816 1676 duceret,
850 1626 1066 1668 civitatem
1095 1642 1190 1669 esse
1219 1634 1474 1670 assecutum.
1533 1626 1625 1669 Nec
1653 1626 1731 1669 mi-

179 1717 261 1743 nus
302 1702 433 1743 frater
470 1701 562 1742 eius
596 1700 774 1748 Flavus,
807 1713 928 1741 socer
957 1696 1162 1755 Segestes
1199 1700 1356 1755 aliique
1394 1699 1626 1756 propinqui
1653 1713 1730 1741 no-

179 1774 300 1824 biles,
331 1773 404 1829 qui
431 1773 547 1829 apud
576 1787 677 1814 suos
707 1772 890 1814 multum
915 1771 1058 1813 valere
1077 1771 1340 1821 viderentur,
1361 1771 1474 1813 idem
1493 1771 1731 1828 praemium

182 1854 445 1903 acceperant.
502 1846 666 1887 Eorum
707 1844 895 1885 omnium
927 1858 1082 1885 nomen
1111 1859 1164 1886 ex
1198 1844 1507 1887 consuetudine
1539 1843 1732 1886 Romana

179 1926 269 1961 erat
285 1919 437 1969 Iulius,
457 1932 730 1974 praenomen,
750 1916 865 1972 quod
887 1931 976 1958 eam
1000 1916 1137 1972 ipsam
1158 1916 1212 1959 ob
1231 1931 1404 1959 causam
1424 1917 1525 1972 quia
1541 1915 1731 1958 omnium

180 2006 405 2034 commune
449 1998 526 2039 est,
570 1991 659 2032 fere
699 1996 864 2031 tacetur
902 2004 982 2030 nec
1022 1990 1344 2031 commemorari
1380 1988 1526 2031 inveni
1566 1987 1650 2031 nisi
1685 1988 1730 2030 in

178 2064 378 2113 Vindice,
418 2062 569 2105 Gaius.
624 2062 888 2118 Populorum
930 2061 1122 2116 quidem,
1159 2076 1342 2117 quorum
1372 2061 1589 2118 principes
1625 2059 1730 2102 civi-

179 2143 263 2179 tate
295 2135 576 2184 donabantur,
607 2134 771 2175 nullum
804 2133 1058 2176 observatur
1085 2133 1330 2184 discrimen,
1363 2140 1411 2175 ut
1431 2148 1485 2175 ex
1500 2131 1730 2175 foederatis

180 2217 222 2250 et
251 2223 303 2250 ex
333 2207 480 2250 liberis
510 2214 551 2248 ct
581 2221 633 2248 ex
667 2205 955 2262 stipendiariis
986 2213 1028 2248 et
1056 2221 1108 2247 ex
1138 2206 1191 2248 iis
1212 2205 1411 2261 denique,
1433 2205 1507 2260 qui
1532 2204 1724 2246 nondum

181 2280 363 2324 subiecti
403 2286 543 2328 erant,
582 2278 740 2334 pariter
776 2277 892 2319 cives
929 2277 1146 2319 Romanos
1184 2278 1320 2319 factos
1358 2292 1453 2320 esse
1491 2276 1728 2318 videamus.

179 2354 326 2407 Quare
363 2353 534 2394 illorum
564 2357 764 2405 quattuor
799 2349 1130 2395 foederatorum,
1164 2363 1272 2403 quos
1303 2349 1506 2399 diximus,
1545 2349 1728 2405 populo-

178 2441 273 2468 rum
309 2425 524 2481 principes
568 2438 661 2464 eam
692 2430 854 2464 tantum
887 2422 942 2464 ob
972 2436 1146 2463 causam
1178 2421 1471 2463 existimamus
1498 2435 1600 2477 prae
1629 2421 1728 2463 reli-

178 2498 276 2553 quis
301 2497 444 2539 adisse
475 2497 773 2552 imperatorem
805 2494 1051 2542 Claudium,
1079 2492 1196 2548 quod
1227 2508 1325 2535 cum
1354 2493 1503 2549 populi
1531 2493 1599 2536 sui
1621 2491 1728 2535 Gal-

178 2571 317 2612 lorum
361 2578 503 2612 essent
545 2568 861 2610 honoratissimi
898 2567 1141 2623 optimoque
1177 2565 1270 2606 iure
1303 2571 1527 2607 uterentur
1562 2564 1728 2621 (nullus

181 2643 291 2684 enim
321 2642 366 2682 in
396 2640 538 2683 Gallia
569 2638 749 2682 Comata
776 2647 864 2682 erat
894 2638 1139 2688 Latinitate,
1170 2638 1315 2680 nullus
1345 2637 1516 2680 civitate
1535 2635 1728 2678 Romana

179 2714 399 2771 praeditus
435 2720 603 2768 praeter
641 2711 863 2766 colonias),
904 2710 1104 2752 facillime
1136 2725 1181 2752 se
1220 2710 1336 2764 quod
1365 2708 1580 2766 petebant,
1610 2722 1727 2750 asse-

180 2795 356 2829 cuturos
388 2800 482 2827 esse
515 2784 733 2841 putabant.
