1846 3100
220 150 301 194 306
624 154 678 186 De
704 154 838 196 legibus
865 155 1129 198 municipalibus
1154 155 1361 199 Hispanicis.

223 262 272 304 13
304 269 347 304 et
376 263 471 319 37),
515 261 805 304 Narbonensis
841 262 940 313 (IV,
971 263 1067 319 43),
1107 262 1256 307 Sicilia
1292 264 1390 319 (IV,
1418 264 1516 321 43),
1556 273 1649 310 tum
1687 267 1768 310 sub

220 331 405 376 Claudio
435 343 477 376 et
504 334 674 377 Nerone
704 335 813 376 Asia
841 335 969 390 (XII,
999 336 1052 378 58
1080 343 1122 378 et
1151 337 1239 392 61),
1271 337 1472 382 Sardinia
1498 339 1650 395 (XIII,
1681 340 1769 394 30),

221 406 371 449 Sicilia
401 408 551 462 (XIII,
584 407 671 459 49),
698 407 993 450 Narbonensis
1019 407 1147 465 (XII,
1165 408 1253 464 23),
1286 408 1483 466 Cyrenae
1511 411 1658 467 (XIV,
1683 412 1768 468 18),

218 478 422 534 Bithynia
457 480 605 535 (XIV,
637 481 732 535 46),
778 480 855 523 sed
895 479 1014 522 nulla
1052 495 1228 537 prorsus
1267 490 1332 524 est
1363 483 1629 539 imperatoris
1668 498 1769 540 pro-

218 550 383 601 vincia,
425 551 479 594 de
514 553 637 594 cuius
668 552 798 595 rebus
829 552 873 593 in
905 559 1056 595 senatu
1085 561 1228 595 actum
1256 561 1296 595 et
1325 554 1541 597 decretum
1568 569 1664 597 esse
1690 570 1769 597 au-

218 623 400 666 diamus.
448 624 557 666 Nam
587 625 704 680 quod
731 624 908 667 Tacitus
939 625 1095 666 Annal.
1124 625 1159 675 I,
1185 626 1239 669 78
1268 626 1665 669 Tarraconensibus
1691 642 1769 683 pe-

217 695 422 746 tentibus,
452 704 501 738 ut
528 696 608 740 sibi
638 697 844 753 templum
870 698 1063 753 Augusti
1093 706 1289 740 extruere
1319 698 1480 749 liceret,
1510 699 1767 754 permissum

217 782 313 809 esse
345 768 506 818 scribit,
538 783 623 810 non
652 769 773 810 addit
799 768 1055 824 permissum
1088 785 1183 812 esse
1209 769 1262 812 ab
1295 778 1446 813 senatu
1466 785 1606 826 neque
1624 771 1767 821 credo,

217 840 320 895 quia
357 841 482 883 etiam
521 856 631 896 quae
671 841 958 896 insequuntur
995 842 1049 883 de
1083 842 1224 884 edicto
1256 842 1462 898 principis
1491 850 1603 884 sunt.
1656 840 1767 885 Cum

219 920 361 954 autem
392 911 558 956 Galliae
589 911 793 955 Comatae
825 913 1019 955 civitates
1053 929 1164 956 anno
1186 915 1238 957 48
1265 930 1304 971 p.
1325 913 1428 957 Chr.
1459 914 1528 957 ius
1559 915 1768 958 honorum

218 993 425 1041 peterent,
455 1001 524 1028 res
556 1000 640 1027 non
671 992 764 1028 acta
789 993 854 1027 est
879 986 924 1027 in
951 993 1116 1036 senam,
1149 987 1225 1028 sed
1254 987 1370 1043 apud
1392 987 1642 1043 principem.
1695 986 1770 1030 Sic

218 1058 330 1100 enim
362 1058 420 1099 ait
447 1057 624 1100 Tacitus
655 1056 812 1100 Annal.
841 1058 934 1107 XI,
964 1058 1016 1101 23
1058 1058 1213 1100 studiis
1249 1059 1432 1101 diversis
1463 1060 1579 1116 apud
1609 1059 1768 1116 princi-

216 1145 315 1185 pem
348 1145 442 1171 esse
475 1137 698 1179 certatum,
727 1130 800 1186 qui
828 1145 926 1172 cum
959 1132 1100 1173 varios
1129 1146 1324 1173 rumores
1356 1146 1406 1173 ea
1437 1131 1490 1173 de
1517 1147 1564 1173 re
1597 1146 1767 1188 sparsos

217 1201 470 1257 extinguere
502 1202 643 1251 vellet,
674 1203 766 1258 ipse
794 1217 882 1244 rem
914 1203 970 1245 ad
993 1211 1187 1246 senatum
1207 1203 1360 1245 detulit
1378 1203 1556 1259 eiusque
1574 1204 1768 1246 consulto

217 1273 334 1329 quod
361 1274 455 1330 ipse
479 1274 739 1324 decreverat,
769 1275 1107 1317 confirmandum
1137 1275 1315 1318 curavit.
1366 1275 1610 1332 Singularis
1636 1276 1770 1332 igitur

216 1347 427 1401 quaedam
465 1347 557 1389 eius
596 1347 657 1388 rei
696 1356 784 1389 erat
822 1347 930 1389 ratio
969 1363 1047 1389 nec
1084 1348 1190 1403 quid
1225 1348 1317 1389 fieri
1357 1348 1426 1390 vel
1468 1347 1666 1390 debuerit
1700 1349 1770 1391 <rel

217 1418 432 1460 consuerit
459 1419 683 1474 significat.
734 1419 855 1473 Quid
879 1420 1050 1461 autem?
1096 1419 1145 1461 ln
1171 1426 1233 1460 tot
1256 1419 1504 1475 provinciis,
1529 1435 1638 1476 quae
1657 1419 1768 1463 Cae—

218 1490 302 1532 sari
327 1491 548 1547 parebant,
579 1507 681 1533 num
709 1491 815 1533 nihil
843 1507 922 1548 per
939 1500 1000 1533 tot
1025 1507 1158 1534 annos
1180 1492 1386 1534 accidisse
1408 1499 1622 1548 putamus,
1652 1493 1768 1548 quod

216 1564 421 1606 memoria
452 1563 633 1619 dignum
664 1572 790 1614 esset,
823 1563 858 1606 si
888 1564 944 1606 ad
976 1572 1149 1606 senatus
1166 1563 1452 1619 cognitionem
1470 1565 1768 1620 pervenisset?

215 1634 388 1677 Nihilne
417 1636 461 1677 in
492 1634 634 1691 Syria,
663 1637 849 1678 maxima
876 1636 1111 1692 provincia,
1140 1636 1247 1678 nihil
1275 1652 1351 1692 per
1378 1635 1557 1687 Gallias,
1585 1652 1766 1693 quarum

215 1707 351 1749 maior
382 1723 482 1763 pars
509 1705 710 1751 Caesaris
742 1716 853 1758 erat,
894 1708 1000 1750 nihil
1029 1709 1072 1750 in
1103 1708 1297 1750 citeriore
1328 1708 1538 1765 Hispania
1570 1718 1643 1752 aut
1672 1709 1767 1752 Lu-

217 1779 369 1822 sitania
403 1780 564 1822 factum
603 1781 696 1822 est?
757 1780 885 1824 Certe
917 1781 1118 1837 plurima,
1163 1780 1239 1822 sed
1268 1796 1318 1823 ea
1350 1782 1493 1824 omnia
1527 1780 1608 1824 sibi
1639 1797 1764 1838 sepo—

217 1859 360 1893 suerat
393 1841 643 1908 imperator:
687 1853 792 1894 nihil
822 1868 970 1895 eorum
999 1853 1054 1893 ad
1086 1861 1279 1896 senatum
1309 1853 1551 1909 pertinebat
1579 1861 1652 1896 aut
1683 1869 1766 1910 pu-

215 1922 326 1965 blice
357 1924 587 1979 agebatur,
631 1933 703 1974 ut,
746 1925 820 1980 qui
858 1925 1077 1967 historiam
1111 1924 1334 1976 scriberet,
1375 1925 1592 1981 quomodo
1621 1933 1764 1968 actum

216 2003 344 2044 esset,
374 2011 545 2038 narrare
575 2004 732 2051 posset.
790 1997 902 2038 Nam
930 1997 1113 2053 plurima
1143 2012 1196 2038 ex
1224 2012 1274 2039 eo
1305 2013 1461 2053 genere
1493 2012 1626 2054 prope
1656 2012 1765 2053 quo-

217 2066 322 2109 tidie
355 2067 410 2109 ad
439 2068 739 2124 imperatorem
768 2070 1015 2125 pervenisse
1045 2069 1098 2111 ab
1130 2084 1266 2125 eoque
1298 2070 1470 2112 decreta
1499 2085 1595 2112 esse
1621 2077 1766 2112 osten-

215 2138 325 2180 dunt
354 2139 482 2181 Plinii
513 2140 716 2196 epistolae
747 2141 800 2183 ad
830 2141 1062 2184 Traianum
1101 2142 1305 2197 scriptae,
1350 2141 1509 2197 quibus
1549 2141 1764 2197 quomodo

215 2211 284 2254 ius
322 2212 542 2255 civitatum
583 2213 923 2264 observandum,
966 2214 1084 2268 leges
1124 2228 1269 2255 earum
1310 2213 1652 2270 interpretandae
1689 2222 1763 2256 aut

214 2283 505 2327 immutandae
538 2285 635 2335 sint,
668 2286 863 2327 consulit.
916 2285 1026 2326 Mihi
1052 2285 1227 2341 quidem
1246 2286 1554 2341 proconsulum
1572 2301 1597 2328 a
1615 2293 1763 2328 senatu

214 2355 445 2398 missorum
475 2356 790 2411 quodammodo
809 2358 943 2400 maior
972 2358 1182 2413 quaedam
1212 2358 1348 2400 fuisse
1376 2357 1549 2400 videtur
1574 2366 1764 2414 potestas

213 2442 341 2482 quam
357 2428 596 2484 legatorum
615 2427 836 2478 Caesaris3
861 2429 904 2470 hi
919 2429 972 2471 de
995 2429 1193 2471 omnibus
1217 2430 1362 2480 rebus,
1383 2430 1436 2471 de
1454 2429 1611 2485 quibus
1627 2429 1763 2472 ambi-

215 2507 387 2554 gerent,
430 2501 556 2543 facile
593 2501 891 2557 imperatorem
932 2500 1131 2551 adibant,
1175 2502 1414 2557 multaque,
1452 2516 1560 2556 quae
1594 2501 1763 2544 Plinius

213 2573 396 2626 quaerit,
427 2580 514 2615 tam
540 2588 675 2629 parva
701 2580 813 2623 sunt,
842 2579 891 2614 ut
917 2572 1129 2615 Traianus
1159 2573 1251 2629 ipse
1278 2588 1411 2629 prope
1439 2573 1691 2629 indignetur
1717 2588 1763 2615 se

214 2644 403 2694 consuli,
445 2653 640 2696 senatus,
679 2646 753 2700 qui
791 2652 832 2686 et
868 2644 1010 2686 minus
1044 2645 1289 2700 frequenter
1318 2645 1565 2687 conveniret
1593 2653 1635 2686 et
1664 2659 1763 2687 cum

213 2715 506 2766 convenisset,
550 2717 684 2758 multa
719 2716 892 2771 negotia
926 2716 1120 2766 haberet,
1163 2717 1217 2758 de
1253 2717 1380 2758 tantis
1421 2716 1612 2758 minutiis
1650 2715 1760 2757 adiri

211 2786 330 2827 nullo
362 2787 489 2829 modo
518 2795 694 2843 poterat.
749 2786 872 2841 Quae
907 2802 1005 2829 cum
1034 2788 1093 2830 ita
1123 2788 1220 2838 sint,
1255 2788 1299 2829 in
1340 2787 1621 2844 imperatoriis
1660 2801 1760 2843 pro-

213 2857 378 2908 vinciis,
410 2859 446 2901 si
477 2874 563 2914 qua
591 2874 700 2901 nova
729 2860 826 2916 lege
854 2874 962 2915 opus
989 2866 1090 2910 erat,
1121 2860 1212 2915 ipse
1237 2860 1469 2916 imperator
1493 2859 1584 2902 sine
1611 2867 1760 2902 senatu
