1846 3100
174 150 252 193 110
577 154 632 186 De
657 152 772 185 Gallia
798 152 1030 185 Romanorum
1062 153 1246 194 provincia.

171 263 444 305 Intellexerat
470 271 632 310 tamen,
671 262 842 319 opinor,
870 260 1046 302 Marcus
1077 261 1147 303 vel
1176 262 1322 319 plures
1351 278 1446 306 esse
1475 263 1621 305 hostes
1651 263 1721 305 vel

173 335 373 377 maiorem
404 335 684 392 provinciam,
715 349 843 390 quam
872 348 982 388 quae
1012 332 1066 375 ab
1095 348 1182 375 uno
1212 334 1354 391 legato
1387 336 1486 378 satis
1514 334 1719 377 defende-

173 414 303 449 retur.
364 408 534 450 Etenim
564 407 834 464 Capitolinus
864 406 980 448 Pert.
1011 420 1047 447 c.
1076 405 1102 447 ‘2
1141 406 1202 448 sic
1230 415 1396 450 narrat:
1444 411 1616 448 Marcus
1644 409 1717 447 im-

163 487 345 532 perator,
378 487 424 520 ut
449 487 728 534 compensaret
753 481 955 520 iniuriam
974 478 1207 535 (Pertinaci
1233 479 1286 522 ab
1313 479 1495 522 inimicis
1525 479 1719 533 illatam),

163 555 422 604 praetorium
449 568 539 593 eum
556 557 667 606 fecit
691 559 730 593 et
750 554 914 605 primae
939 552 1094 604 legioni
1116 554 1318 604 regendae
1344 555 1537 605 imposuit
1560 553 1721 592 statim-

171 639 245 677 que
275 627 443 665 Raetias
474 631 511 666 et
537 627 733 665 Noricum
765 624 814 664 ab
842 623 1018 664 hostibus
1047 625 1285 665 vindicavit.
1334 628 1400 665 Ex
1420 638 1498 677 quo
1519 625 1721 664 eminente

170 683 380 738 indzistria
412 699 547 738 studio
582 699 724 737 *Marci
749 698 1008 749 imperatoris
1036 710 1110 737 cos.
1139 704 1198 738 est
1226 699 1473 750 designatus.
1525 695 1719 738 Raetiam

169 768 303 824 igitur
343 769 546 811 Pertinax
587 768 746 810 rexerit
787 783 899 810 anno
937 767 1018 810 172
1057 783 1099 824 p.
1136 766 1239 812 Chr.
1278 783 1454 810 necesse
1490 775 1576 817 est3
1622 783 1721 809 nam

169 841 437 882 consulatum
479 857 576 883 eum
615 841 834 883 absentem
874 854 985 882 anno
1017 841 1094 884 175
1130 841 1318 896 gessisse
1350 841 1510 884 scimus
1540 839 1718 896 (Borgh.

169 913 327 955 Diurn.
359 913 519 956 Arcad.
552 913 679 962 1824,
713 913 738 955 2
768 928 810 969 p.
835 912 924 966 64).
991 912 1131 969 Legio
1172 920 1315 955 autem
1350 913 1423 956 illa
1459 928 1544 955 non
1582 920 1720 969 potest

170 1001 264 1028 esse
303 986 386 1028 nisi
423 1001 474 1028 ea
515 1001 623 1041 quae
660 985 866 1028 Adiutrix
905 985 1165 1041 appellatur,
1212 985 1423 1040 siquidem
1463 985 1720 1027 Miner-viam

170 1066 272 1100 tunc
313 1065 478 1100 constat
514 1059 558 1099 in
591 1057 824 1118 Germania
852 1057 1075 1108 inferiore,
1117 1058 1310 1100 Italicam
1340 1058 1383 1099 in
1415 1058 1582 1100 Moesia
1610 1058 1720 1100 infe-

171 1131 282 1172 riore
315 1131 536 1172 stationem
564 1130 792 1180 habuisse,
832 1137 1056 1184 utramque
1089 1130 1132 1171 in
1165 1129 1414 1186 regionibus
1446 1146 1471 1172 a
1499 1130 1650 1172 Raetia
1680 1136 1721 1171 et

169 1202 327 1245 Norico
357 1203 485 1259 longe
512 1202 700 1244 remotis.
762 1201 967 1243 Adiutrix
999 1209 1139 1244 autem
1170 1210 1259 1245 erat
1287 1203 1331 1244 in
1362 1202 1582 1244 Pannonia
1608 1202 1719 1243 infe-

170 1275 305 1325 riore,
337 1291 466 1330 quam
494 1289 592 1316 cum
615 1274 846 1330 imperator
872 1274 965 1330 ipse
986 1272 1195 1316 Carnunti
1223 1275 1480 1316 constitutus
1504 1282 1720 1329 tamquam

175 1362 294 1389 suam
325 1347 588 1403 provinciam
616 1354 821 1396 tueretur,
853 1347 928 1388 uni
957 1361 1008 1388 ex
1037 1345 1301 1402 legionibus,
1331 1361 1438 1401 quas
1469 1361 1616 1388 secum
1643 1345 1719 1386 ha-

172 1419 311 1470 bebat,
341 1420 623 1469 Pertinacem,
657 1419 778 1461 alteri
808 1417 1042 1460 Claudium
1070 1418 1378 1474 Pompeianum
1406 1418 1611 1475 praefecit
1638 1418 1717 1460 ita-

170 1507 252 1547 que
291 1492 463 1534 Raetias
511 1498 552 1533 et
585 1491 793 1534 Noricum
835 1490 1032 1533 hostibus
1073 1490 1270 1533 liberavit
1309 1491 1415 1543 (Dio
1445 1489 1622 1540 LXXI,
1657 1491 1716 1543 3).

171 1562 347 1606 Certum
378 1564 513 1620 igitur
544 1571 609 1606 est
639 1564 927 1613 Pertinacem,
960 1579 1059 1605 cum
1087 1563 1283 1605 Raetiam
1311 1569 1502 1619 regeret,
1532 1577 1617 1604 non
1649 1562 1719 1604 alii

168 1636 435 1692 imperatoris
464 1637 604 1692 legato
634 1636 842 1693 paruisse,
875 1635 951 1678 sed
977 1635 1121 1691 ipsum
1145 1635 1336 1691 legatum
1363 1634 1557 1690 Augusti
1583 1635 1667 1690 leg.
1696 1634 1719 1676 I

169 1708 408 1750 Adiutricis
447 1708 581 1750 fuisse
622 1715 748 1763 atque
776 1708 968 1764 Augusti
1006 1708 1175 1763 legatus
1206 1707 1260 1749 ab
1291 1707 1432 1749 Dione
1460 1707 1488 1748 l.
1514 1707 1541 1749 1.
1573 1706 1718 1762 appel·
1780 1693 1783 1696 .

169 1781 304 1829 latur,
342 1780 458 1822 unde
498 1787 601 1822 tunc
632 1780 825 1822 Raetiam
863 1780 916 1822 ab
954 1779 1186 1822 Germania
1222 1779 1440 1834 superiore
1483 1786 1717 1834 separatam

171 1852 426 1908 sublatoque
453 1860 744 1909 procuratore,
777 1853 850 1907 qui
883 1851 964 1894 sub
997 1852 1130 1894 tutela
1154 1851 1283 1907 legati
1300 1850 1556 1893 Germaniae
1569 1850 1717 1893 Raetis

169 1926 425 1980 praefuerat,
456 1925 717 1981 peculiarem
747 1924 937 1980 legatum
964 1923 1208 1965 institutum
1235 1937 1328 1964 esse
1354 1922 1576 1965 discimus.
1628 1920 1716 1964 Sed

170 2012 266 2038 cum
293 1997 498 2039 Pertinax
524 1996 750 2039 consulatu
779 2003 954 2037 ornatus
985 1995 1029 2036 in
1047 1993 1210 2037 'Asiam
1241 1995 1295 2037 ad
1323 1993 1573 2037 Cassianam
1603 1994 1717 2036 sedi-

169 2069 327 2111 tionem
365 2068 688 2125 opprimendam
726 2067 908 2117 abisset,
947 2066 1051 2121 quid
1084 2067 1245 2108 factum
1275 2074 1339 2109 est
1366 2067 1546 2110 Raetia?
1602 2066 1716 2108 Num

169 2141 353 2182 restituti
387 2148 487 2182 sunt
514 2148 682 2183 veteres
711 2139 1040 2196 procuratores?
1083 2138 1181 2180 Non
1203 2139 1382 2181 arbitror
1409 2153 1488 2181 nec
1512 2138 1717 2181 barbaros

169 2212 367 2254 existimo
393 2213 453 2255 ita
477 2213 612 2254 fuisse
639 2212 826 2267 fugatos,
853 2217 901 2252 ut
926 2226 1105 2266 prorsus
1134 2217 1225 2252 tuta
1249 2226 1333 2266 pax
1360 2218 1485 2253 esset.
1531 2209 1717 2253 Succes-

171 2284 278 2326 sisse
310 2284 522 2326 Pertinaci
562 2283 734 2325 videtur
761 2282 813 2324 T.
843 2283 982 2324 Iulius
1013 2283 1230 2324 Maximus
1262 2283 1482 2325 Brocchus
1513 2280 1715 2324 Servilia-

170 2372 275 2406 nus,
321 2357 395 2412 qui
433 2356 549 2412 apud
582 2354 716 2398 Orell.
757 2370 798 2396 n.
826 2354 936 2396 6490
977 2357 1053 2407 leg.
1087 2361 1189 2406 Aug.
1227 2358 1301 2408 leg.
1333 2358 1352 2395 I
1380 2357 1606 2396 Adiutricis
1642 2368 1717 2408 ap-

169 2429 381 2484 pellatur,
428 2429 552 2470 cuius
597 2442 696 2469 cum
740 2441 887 2469 omnes
929 2426 1113 2468 honores
1159 2426 1266 2468 hanc
1308 2427 1491 2468 maxime
1536 2431 1717 2467 aetatem

171 2500 414 2556 significant
448 2507 537 2542 tum
567 2499 725 2556 legatio
752 2498 934 2554 legionis
963 2498 1124 2554 primae
1151 2497 1366 2540 Pertinaci
1397 2498 1609 2540 simillima
1637 2504 1716 2539 cst.

170 2573 276 2614 Erat
303 2573 429 2623 enim,
459 2573 504 2614 id
532 2571 649 2627 quod
678 2584 938 2627 magnopere
967 2569 1287 2612 observandum
1318 2577 1396 2620 est,
1424 2570 1592 2626 legatus
1623 2569 1716 2611 Au-

171 2644 302 2700 gusti.

284 2716 385 2770 Quo
420 2716 515 2758 loco
550 2714 717 2770 reperio
755 2713 896 2755 minus
935 2729 960 2755 a
992 2714 1095 2755 viris
1135 2714 1271 2755 doctis
1310 2728 1405 2756 esse
1439 2713 1716 2762 intellectum,

171 2789 274 2843 quid
306 2789 417 2830 inter
446 2788 563 2843 ipsos
592 2801 688 2835 eos,
728 2786 802 2840 qui
828 2785 1072 2841 legionibus
1101 2786 1381 2841 praefuerunt
1411 2785 1625 2840 legatique
1654 2784 1715 2825 le—
1751 2833 1756 2836 Ι

172 2860 345 2916 gionum
377 2860 579 2916 appellari
612 2858 773 2906 solent,
813 2858 1070 2899 discriminis
1098 2858 1401 2906 intercesserit,
1434 2871 1615 2911 quorum
1645 2854 1716 2896 alii
