1846 3100
171 128 255 173 280
584 130 638 161 De
666 129 798 171 legibus
826 130 1084 172 municipalibus
1109 130 1316 172 Hispanieis.

171 248 385 284 vetantur.
450 239 615 282 Earum
651 237 788 294 prima
825 244 890 280 est
922 236 1112 280 libertini
1149 237 1319 294 generis
1334 254 1345 289 ;
1385 254 1484 282 nam
1519 245 1562 282 et
1597 246 1722 282 vetus

169 314 240 357 lex
280 314 422 356 fuerat
457 319 499 355 et
533 312 676 354 denuo
707 325 818 353 anno
847 309 900 353 24
932 325 972 366 p.
1002 307 1106 351 Chr.
1137 310 1234 366 lege
1263 310 1444 354 Visellia
1473 311 1721 367 diligentius

171 393 345 429 cautum
375 391 479 436 erat,
506 399 560 427 ne
586 384 661 439 qui
688 382 916 426 libertinus
944 389 1071 433 esset,
1101 381 1285 425 honores
1314 383 1594 441 municipales
1621 399 1722 427 con-

172 465 424 514 sequeretur
451 456 710 512 (Comment.
737 456 760 498 Ι
789 470 831 512 p.
862 454 974 510 122).
1023 454 1153 508 Quod
1180 463 1322 498 autem
1348 471 1486 513 genus
1511 457 1722 514 ingenuo-

171 546 269 573 rum
299 530 521 573 hominum
551 528 848 572 admitteretur
875 527 904 570 i.
930 542 966 570 e.
996 542 1101 569 num
1131 528 1370 585 municipes
1403 529 1482 572 soli
1511 545 1565 572 an
1595 530 1722 573 etiam

170 604 244 660 qui
275 604 458 646 aliorum
487 602 742 659 oppidorum
771 600 887 643 cives
916 607 1072 651 essent,
1104 600 1178 655 qui
1207 615 1260 642 ex
1286 616 1455 657 quaque
1482 609 1602 659 parte
1626 618 1721 645 mu-

170 676 339 733 nicipii,
371 675 557 731 denique
588 681 735 716 utrum
766 673 883 715 cives
911 672 1092 715 Romani
1120 688 1174 715 an
1205 673 1332 716 etiam
1359 674 1540 718 Latinae
1573 675 1722 718 condi-

171 749 306 792 cionis
342 748 563 798 homines,
605 746 710 789 haec
748 746 890 788 omnia
926 745 971 787 in
1009 745 1228 801 superiore
1266 746 1410 802 aliquo
1449 747 1587 804 capite
1623 762 1722 805 per-

172 822 331 878 scripta
368 828 510 870 erant,
549 819 666 875 quod
696 818 833 875 periit.
891 818 1041 860 Altera
1070 832 1199 860 causa
1229 825 1318 860 erat
1345 820 1519 871 aetatis,
1559 821 1596 864 si
1626 822 1722 877 quis

170 894 310 936 minor
336 908 545 936 annorum
571 891 726 948 viginti
752 891 943 948 quinque
968 898 1104 941 esset,
1139 890 1192 932 de
1218 906 1303 946 qua
1330 891 1518 936 diximus
1542 893 1587 936 in
1606 909 1723 938 com·

172 973 302 1008 ment.
319 966 342 1008 I
369 982 408 1022 p.
431 965 522 1015 120,
556 964 693 1014 tertia,
722 979 776 1005 ne
805 962 920 1005 IIvir
945 964 1078 1014 fieret,
1109 963 1184 1019 qui
1210 964 1405 1019 proximo
1431 965 1723 1022 quinquennio

171 1054 270 1081 eum
299 1038 505 1081 honorem
532 1036 755 1094 gessisset,
784 1051 894 1092 quae
923 1051 1019 1079 cum
1045 1036 1147 1078 item
1166 1043 1290 1078 vetus
1309 1036 1380 1079 lex
1396 1037 1564 1090 fuisset,
1595 1055 1722 1097 saepe

171 1111 402 1166 multisque
431 1110 475 1152 in
503 1109 687 1152 urbibus
718 1109 916 1165 neglecta
946 1115 1011 1151 est
1042 1106 1303 1165 (Comment.
1331 1110 1355 1152 Ι
1381 1125 1423 1166 p.
1452 1110 1506 1154 68
1537 1118 1579 1154 et
1610 1111 1721 1167 136),

173 1184 250 1227 sed
293 1184 374 1226 hac
415 1183 460 1225 in
505 1181 650 1225 tabula
691 1189 889 1225 accurate
929 1188 1116 1223 cavetur.
1185 1180 1257 1223 Ad
1297 1190 1492 1238 quartam
1536 1184 1722 1241 denique

175 1272 349 1300 causam
378 1256 605 1313 pertinent,
637 1270 746 1310 quae
777 1262 964 1297 extremo
988 1254 1080 1296 loco
1102 1261 1223 1296 sunt:
1258 1257 1374 1308 quive
1399 1258 1446 1296 in
1470 1271 1614 1298 earum
1640 1272 1722 1311 qua

170 1345 300 1371 causa
333 1332 431 1380 erit,
457 1335 627 1382 propter
657 1342 781 1381 quam
809 1330 847 1368 si
871 1328 911 1370 C.
940 1329 990 1367 R.
1021 1333 1138 1376 esset,
1180 1329 1224 1367 in
1253 1341 1425 1367 numero
1455 1329 1721 1370 decurionum

170 1405 544 1456 conscriptorumve
575 1415 666 1440 eum
695 1415 774 1440 esse
802 1414 886 1440 non
916 1401 1068 1440 liceret.
1130 1398 1253 1440 Haec
1287 1398 1437 1441 merito
1479 1400 1724 1443 referuntur

169 1474 224 1516 ad
254 1474 394 1530 legem
423 1473 579 1515 Iuliam
607 1471 931 1528 municipalem,
975 1486 1085 1528 quae
1111 1471 1363 1527 appellatur,
1395 1472 1464 1515 vel
1491 1473 1634 1529 potius
1666 1473 1721 1516 ad

170 1546 359 1589 edictum
396 1546 528 1596 illud,
573 1545 691 1601 quod
733 1544 915 1587 dictator
945 1541 1107 1586 Caesar
1139 1559 1236 1586 cum
1273 1545 1516 1600 praefectus
1555 1561 1721 1588 morum

171 1626 297 1669 esset,
329 1619 383 1661 de
411 1618 633 1661 civitatum
653 1617 900 1660 Italicarum
927 1616 1058 1659 curiis
1087 1616 1221 1660 edixit
1249 1614 1510 1671 (Comment.
1529 1618 1552 1661 I
1574 1634 1616 1675 p.
1633 1618 1722 1674 82),

168 1691 285 1748 quod
316 1698 431 1733 extat
459 1690 503 1732 in
531 1690 688 1734 tabulis
720 1689 1098 1732 Heracleensibus.
1154 1690 1221 1732 Eo
1249 1696 1437 1740 cavetur,
1468 1705 1522 1733 ne
1551 1691 1626 1747 qui
1653 1691 1721 1734 iu-

170 1765 284 1807 dicio
312 1763 462 1806 infami
494 1763 802 1806 condemnatus
833 1762 887 1805 sit
916 1763 1046 1818 quive
1076 1777 1173 1805 eum
1201 1772 1439 1817 quaestum,
1471 1778 1524 1805 ex
1543 1778 1629 1819 quo
1648 1771 1723 1806 aut

168 1836 346 1879 infamia
376 1835 651 1879 contrahatur
679 1843 754 1878 aut
780 1835 825 1877 in
855 1834 955 1877 odia
979 1834 1201 1877 hominum
1224 1834 1482 1885 incurratur,
1513 1843 1720 1887 exerceat,

170 1909 215 1950 in
248 1909 381 1952 curiis
413 1923 561 1952 eorum
589 1908 846 1966 oppidorum
875 1908 950 1957 sit,
989 1922 1099 1963 quae
1133 1907 1346 1949 civitatem
1376 1907 1614 1951 Romanam
1644 1908 1720 1951 ha-

169 1980 310 2023 beant.
377 1981 488 2024 Nam
528 1997 624 2025 cum
665 1982 709 2023 in
747 1981 923 2037 reliquis
965 1979 1093 2023 edicti
1134 1979 1345 2036 capitibus
1384 1980 1532 2023 Italiae
1565 1995 1718 2024 nomen

168 2060 427 2110 apponatur,
466 2055 582 2097 unde
619 2054 737 2111 quod
771 2053 1056 2111 praecipitur,
1100 2052 1155 2094 ad
1190 2051 1300 2094 hanc
1340 2052 1472 2094 solam
1507 2053 1720 2110 pertinere

168 2127 409 2177 discamus,
438 2127 484 2169 in
513 2127 614 2179 hoc,
646 2142 731 2183 quo
762 2126 815 2169 de
846 2124 1153 2168 decurionibus
1183 2125 1340 2181 agitur,
1370 2124 1617 2182 municipia,
1649 2141 1720 2169 co-

166 2199 320 2250 loniae,
351 2200 658 2256 praefecturae,
689 2200 795 2249 fora,
827 2196 1110 2241 conciliabula
1134 2195 1185 2239 C.
1203 2197 1254 2240 R.
1284 2197 1403 2239 nulla
1428 2196 1576 2240 Italiae
1601 2213 1720 2241 men-

170 2272 284 2314 tione
314 2272 481 2315 adiecta
509 2272 790 2329 appellantur.
846 2270 979 2325 Quod
1007 2269 1042 2312 si
1069 2269 1165 2325 quis
1195 2284 1299 2312 casu
1325 2270 1486 2312 factum
1517 2285 1612 2313 esse
1637 2286 1720 2327 pu·

170 2343 288 2394 tabit,
320 2344 427 2394 nihil
457 2344 537 2387 erit
564 2344 681 2400 quod
709 2343 894 2400 amplius
926 2342 1190 2398 disputetur3
1233 2356 1311 2384 nos
1342 2342 1517 2398 quidem
1549 2357 1647 2385 cum
1675 2343 1720 2385 in

169 2431 218 2459 eo
248 2417 475 2459 consilium
497 2415 716 2472 quoddam
737 2415 847 2472 legis
870 2429 1198 2471 cognoscamus,
1227 2414 1290 2456 sic
1314 2414 1554 2465 statuimus,
1582 2415 1719 2457 omni-

167 2489 251 2532 bus
281 2489 454 2531 omnino
481 2489 642 2531 civium
666 2488 797 2531 rebus
826 2486 1026 2544 publicis,
1057 2502 1167 2542 quae
1197 2494 1238 2529 et
1266 2488 1310 2528 in
1334 2487 1459 2530 Italia
1485 2494 1526 2529 et
1549 2487 1595 2529 in
1621 2502 1719 2543 pro-

168 2562 322 2605 vinciis
353 2569 517 2612 essent,
551 2561 660 2603 illud
689 2561 742 2602 de
774 2558 1079 2603 decurionibus
1111 2574 1204 2601 esse
1234 2559 1555 2616 praescriptum.
1616 2558 1719 2603 Ser-

168 2642 399 2690 vatumque
431 2641 497 2676 est
524 2634 642 2690 quod
674 2631 835 2676 Caesar
864 2631 1077 2681 edixerat,
1115 2630 1168 2674 ab
1195 2631 1547 2688 imperatoribus,
1576 2632 1649 2688 qui
1681 2632 1718 2675 si

168 2721 254 2762 qua
284 2705 524 2749 condebant
551 2706 711 2749 civium
742 2705 924 2762 oppida,
956 2719 1006 2747 ea
1031 2703 1113 2746 hoc
1141 2703 1252 2760 legis
1271 2703 1407 2746 Iuliae
1438 2704 1573 2760 capite
1601 2713 1718 2747 tene-

168 2778 346 2829 bantur,
389 2779 455 2821 sin
483 2778 640 2821 Latina
677 2785 819 2828 erant,
858 2777 972 2820 idem
1005 2783 1146 2818 tamen
1177 2776 1222 2817 in
1250 2776 1390 2830 legem
1419 2776 1718 2833 municipalem

170 2850 304 2908 recipi
332 2866 411 2907 par
438 2859 540 2893 erat.
608 2850 754 2906 Quare
785 2849 821 2892 si
851 2849 1019 2893 Malaca
1048 2848 1161 2892 solos
1193 2848 1309 2892 cives
1335 2848 1551 2892 Romanos
1579 2848 1718 2892 habu-
