1846 3100
936 71 959 94 ⁸

814 143 924 176 Index
949 153 1071 178 rerum.
1634 143 1715 187 389

166 254 385 288 Ptolemaeus
412 254 602 298 explicatur
630 251 706 286 132.

167 350 364 388 quaestores
388 346 469 378 anni
492 344 536 378 48
561 355 591 379 a.
615 344 694 378 Chr.
720 341 797 378 243.
843 348 1007 386 quaestor
1029 354 1091 386 pro
1115 350 1270 387 praetore
1295 346 1331 378 in
1353 345 1556 390 Hispaniam
1583 347 1717 380 citerio-

258 410 331 433 rem
353 400 498 433 mittitur
525 397 581 432 56.

167 454 323 495 quaestio
350 455 613 496 repetundarum
638 453 791 486 instituta
821 452 873 486 10.

165 508 205 542 P.
230 507 434 549 Quinctilius
458 508 582 548 Varus,
610 508 760 550 Augusti
786 508 822 539 in
848 507 961 540 Gallia
987 507 1121 548 legatus
1156 506 1230 539 123.

166 563 438 605 quinquennium
463 563 638 606 appellari,
667 563 759 605 quod
785 562 888 605 paulo
914 561 1027 594 minus
1055 562 1100 593 sit
1124 562 1271 604 quinque
1297 563 1395 594 annis
1419 561 1473 595 86.
1503 562 1578 596 169.

165 660 290 693 Raetia
316 662 487 703 quomodo
515 661 559 695 ab
583 661 748 693 Romanis
773 661 912 693 subacta
940 661 985 692 sit
1015 659 1089 692 103.
1136 661 1306 702 quomodo
1333 660 1376 692 ab
1401 660 1558 702 Augusto
1582 673 1717 706 compo-

258 715 323 747 sita
352 713 427 748 105.
463 725 538 747 cum
563 714 747 747 Germania
769 716 944 757 superiore
969 716 1148 747 coniuncta
1176 714 1246 747 105.
1289 716 1425 756 quando
1443 717 1620 757 peculiaris
1641 728 1717 759 pro-

256 768 368 802 vincia
396 768 487 801 facta
510 769 554 801 sit
584 767 660 801 109.
709 779 812 801 unam
835 770 1006 811 legionem
1033 775 1068 802 et
1092 769 1243 810 legatum
1267 769 1388 811 accipit
1418 768 1491 802 114.

165 821 278 855 Roma
302 827 464 855 oneratur
489 822 705 855 multitudine
730 823 918 856 incolarum
944 833 983 855 ac
1008 824 1144 866 saepius
1171 828 1336 866 purgatur
1363 821 1431 856 348
1455 834 1504 865 sq.

166 911 376 954 Saguntinae
402 913 607 955 reipublicae
631 913 717 945 ratio
744 911 822 947 288.

167 965 352 1000 Sallustius
380 967 571 1010 explicatus
601 964 680 999 360.

167 1019 205 1053 O.
232 1019 416 1053 Sallustius
442 1020 582 1063 Crispus
607 1026 745 1062 praetor
772 1019 849 1054 243.

166 1074 348 1117 Salpensa,
383 1075 571 1118 Hispaniae
594 1074 756 1107 Baeticae
782 1075 1003 1117 municipium
1034 1075 1113 1110 319.
1160 1076 1394 1120 Salpensanae
1423 1077 1559 1109 tabulae
1585 1077 1718 1109 initium

257 1129 431 1171 suppletur
454 1134 488 1161 et
513 1129 703 1171 explicatur
730 1127 809 1162 354.

166 1181 323 1215 Sardinia
346 1182 418 1222 sere
440 1184 611 1226 praetoria
634 1184 809 1225 provincia
835 1181 890 1218 49,
939 1184 983 1216 ab
1010 1184 1090 1226 imp.
1119 1184 1168 1216 M.
1197 1185 1341 1217 Aurelio
1374 1184 1556 1226 aliquando
1584 1184 1718 1216 senatui

257 1238 392 1269 reddita
427 1235 501 1270 144.

165 1290 346 1332 scriptores
373 1291 538 1324 historiae
562 1290 742 1332 Augustae
769 1291 984 1334 explicantur
1013 1290 1087 1324 143.

166 1350 306 1377 senatus
335 1345 512 1387 plebiscita
547 1355 617 1377 non
649 1350 762 1387 potest
794 1347 1040 1388 reprehendere
1079 1345 1154 1379 167.
1202 1346 1410 1378 senatoriam
1435 1345 1718 1377 consuetudinem

256 1398 329 1440 ipse
360 1404 474 1441 potest
506 1403 635 1432 mutare
672 1398 749 1432 260.
807 1401 863 1441 qui
898 1401 950 1432 ius
986 1400 1154 1433 referendi
1187 1402 1229 1432 ad
1265 1406 1422 1433 senatum
1456 1400 1606 1431 habeant
1637 1397 1716 1433 261.

256 1454 553 1486 senatusconsulta
586 1459 750 1486 vocantur
784 1455 877 1496 leges
914 1454 991 1487 301.
1042 1455 1256 1487 senatoribus
1283 1464 1425 1496 peregre
1453 1454 1620 1495 proficisci
1649 1463 1718 1485 non

256 1506 337 1539 licet
361 1505 439 1540 334.
466 1506 547 1542 336.

166 1559 204 1592 C.
232 1559 367 1594 Sentius
391 1560 605 1601 Saturninus,
635 1560 768 1594 Galliae
797 1572 933 1604 praeses
967 1560 1041 1594 121.

168 1613 323 1655 Septimii
349 1614 465 1648 Severi
488 1616 702 1658 imperatoris
729 1621 890 1658 praetura
915 1621 948 1648 et
972 1616 1092 1658 reliqui
1117 1616 1265 1649 honores
1297 1613 1370 1648 144.

166 1667 284 1700 Sicilia
310 1667 380 1701 fere
403 1671 575 1712 praetoria
600 1670 772 1712 provincia
797 1668 850 1702 49.
890 1671 962 1702 eius
987 1669 1180 1703 foederatae
1205 1671 1356 1702 civitates
1380 1668 1458 1701 316.
1499 1668 1541 1700 ab
1563 1667 1719 1708 Caligula

259 1723 310 1755 ius
335 1723 506 1755 honorum
532 1725 661 1765 accepit
688 1721 767 1756 336.

167 1774 205 1808 C.
231 1774 347 1816 Silius,
377 1776 570 1808 Germanici
595 1781 628 1808 et
652 1777 781 1809 Tiberii
809 1778 942 1819 legatus
972 1777 1048 1810 129.

171 1830 253 1861 socii
278 1840 341 1872 per
363 1830 503 1862 Italiam
526 1834 604 1862 ante
628 1830 740 1872 legem
766 1831 888 1864 Iuliam
916 1842 982 1874 quo
1007 1834 1081 1864 iure
1104 1831 1229 1864 fuerint
1257 1829 1334 1863 368.

168 1884 300 1916 sortitio
324 1884 575 1926 provinciarum
601 1886 775 1926 quomodo
799 1885 872 1917 fieri
900 1887 1071 1918 consuerit
1098 1884 1173 1918 180.

168 1935 292 1969 Strabo
317 1938 506 1969 vindicatur
532 1942 565 1969 et
590 1939 777 1980 explicatur
802 1938 857 1973 97.
887 1939 959 1973 100.

167 1989 349 2023 Suetonius
373 1990 475 2024 Caes.
501 2001 540 2023 c..
556 1990 597 2023 19
621 1994 821 2026 emendatur
841 1992 895 2027 66.
933 1995 1121 2036 explicatur
1149 1993 1219 2027 103.
1246 1992 1318 2026 162.
1346 1991 1420 2026 170.
1442 1990 1521 2024 216.
1541 1991 1619 2024 241.
1639 1989 1717 2024 245.

167 2043 208 2078 L.
233 2044 332 2077 Sulla
356 2045 485 2077 nullam
510 2055 634 2077 novam
658 2047 867 2088 provinciam
895 2048 1041 2080 instituit
1076 2046 1130 2080 45.
1181 2052 1387 2090 potestatem
1421 2047 1608 2079 dictaturae
1642 2046 1718 2086 lege

260 2098 401 2131 Valeria
431 2099 553 2141 accipit
583 2098 661 2132 301.
710 2101 788 2142 quid
819 2101 855 2132 in
889 2101 1081 2134 civitatibus
1111 2102 1283 2135 seditiosis
1310 2101 1488 2142 puniendis
1516 2105 1650 2132 secutus
1676 2099 1719 2131 sit

258 2150 336 2184 371.
379 2153 451 2185 eius
477 2158 552 2185 acta
576 2163 695 2186 eversa
719 2164 740 2185 a
763 2154 811 2187 M.
834 2154 967 2197 Lepido
994 2153 1072 2188 372.

168 2205 208 2238 P.
233 2204 403 2247 Sulpicius
429 2212 568 2248 praetor
594 2205 673 2240 ⁵241.

168 2259 301 2302 Syriam
329 2260 376 2292 M.
401 2260 520 2293 Pisoni
545 2261 664 2293 adimit
688 2261 807 2294 Cicero
835 2259 890 2294 63.
940 2261 1003 2294 Cn.
1028 2262 1184 2304 Pompeii
1210 2262 1245 2293 in
1273 2271 1314 2293 ea
1339 2261 1519 2303 imperium
1545 2260 1624 2292 ibid.

168 2359 307 2391 Tacitus
334 2360 533 2391 emendatur
561 2358 634 2393 129.
684 2360 874 2402 explicatur
899 2359 972 2393 130.
999 2359 1071 2392 136.
1100 2359 1177 2392 249.
1206 2359 1284 2392 326.
1312 2358 1389 2392 331.
1417 2357 1494 2391 339.
1520 2357 1599 2391 342.

169 2412 375 2453 Tergestina
399 2413 534 2445 colonia
559 2415 696 2446 diversa
718 2415 894 2446 hominum
922 2424 1048 2455 genera
1076 2415 1272 2446 continebat
1297 2412 1378 2445 286.

170 2465 328 2498 Tiberius
361 2466 544 2508 imperator
568 2466 699 2500 Gallias
734 2469 824 2509 regit
861 2467 936 2500 103.
965 2467 1040 2501 118.
1069 2467 1145 2500 122.
1174 2466 1249 2500 124.
1302 2469 1438 2509 quando
1470 2477 1514 2499 ex
1538 2466 1718 2498 Pannonia

262 2519 477 2561 triumpharit
512 2519 587 2554 115.
642 2532 836 2554 communes
874 2532 950 2554 cum
980 2522 1139 2563 Augusto
1172 2522 1277 2554 habet
1310 2521 1559 2563 provinciarum
1587 2521 1717 2562 legatos
1751 2545 1753 2547 .

263 2571 339 2605 116.
373 2572 448 2607 125.
500 2575 531 2606 ei
557 2574 776 2608 Germanicus
812 2576 855 2608 ab
880 2577 1040 2618 Augusto
1076 2577 1258 2618 opponitur
1296 2575 1371 2608 129.
1419 2574 1608 2617 provincias
1645 2574 1717 2605 sinc

263 2627 384 2667 legatis
413 2627 603 2662 tenet*152
655 2629 870 2662 tribuniciam
902 2635 1104 2672 potestatem
1132 2630 1251 2671 accipit
1277 2627 1356 2661 264.
1405 2629 1718 2668 Tarraconensibus

262 2680 426 2722 templum
451 2681 604 2724 Augusti
628 2688 784 2716 extruere
809 2684 975 2726 permittit
998 2682 1075 2716 306.
1117 2684 1166 2716 ius
1188 2684 1356 2715 honorum
1380 2683 1498 2714 multis
1520 2682 1717 2722 singillatim

264 2736 323 2766 dat
350 2733 428 2767 333.

171 2788 272 2820 Titus
298 2798 318 2820 a
339 2794 434 2831 patre
457 2788 670 2822 tribuniciam
694 2795 898 2832 potestatem
918 2790 1040 2832 accipit
1060 2788 1136 2822 265.
1175 2800 1314 2823 consors
1329 2790 1460 2832 imperii
1482 2788 1560 2822 307.
1599 2798 1719 2822 censor

265 2852 340 2874 cum
363 2847 459 2885 patre
485 2841 563 2877 308.
