1846 3100
169 128 248 172 168
509 131 562 163 De
590 129 703 164 Gallia
726 131 958 163 Romanorum
986 132 1159 173 provincia
1185 134 1370 175 appendix.

165 240 473 297 rempublicam
490 239 537 282 id
555 239 728 289 suisset3
761 254 857 281 nam
882 238 1069 295 populus
1094 238 1314 284 Romanus
1342 256 1557 285 summum
1583 242 1711 285 habet

166 313 357 355 omnium
383 327 529 355 rerum
557 311 801 359 arbitrium,
836 311 909 366 qui
939 311 1146 367 quicquid
1175 313 1255 355 rite
1287 314 1494 365 sanxerit,
1535 314 1582 356 id
1614 329 1712 356 cum

165 385 220 427 ab
243 385 434 441 reliquis,
465 392 555 426 tum
584 382 637 425 ab
659 391 809 425 senatu
829 382 1048 426 observari
1069 383 1209 427 debet.
1258 385 1464 428 Decrevit
1482 386 1712 442 aliquando

168 466 363 507 senatus,
403 471 513 512 quae
551 455 666 512 apud
703 456 908 512 populum
939 462 1034 498 acta
1062 463 1226 506 essent,
1269 458 1348 500 rite
1377 458 1462 500 lata
1484 473 1573 501 ,non
1603 473 1711 509 esse,

166 545 216 573 ac
250 529 369 586 leges
406 543 501 571 esse
541 527 736 584 negavit,
781 542 892 583 quae
931 543 1026 571 esse
1066 528 1335 580 viderentur,
1378 530 1455 572 sed
1494 545 1712 587 nunquam

167 609 313 644 contra
341 616 404 651 ea,
435 614 544 656 quae
574 599 626 642 ab
654 600 812 656 populo
840 600 920 642 rite
944 600 1064 644 iussa
1091 616 1171 644 nec
1196 609 1410 658 tamquam
1439 602 1483 646 vi
1511 602 1582 645 vel
1609 602 1712 645 vitio

165 674 248 716 lata
279 680 422 716 essent
450 672 728 729 reprehensa,
768 672 972 715 decrevit.
1030 674 1122 716 Iam
1159 674 1266 716 haec
1302 674 1356 716 de
1392 674 1571 730 imperio
1602 671 1712 716 Cae-

168 745 275 788 saris
317 745 388 787 lex
427 760 514 787 non
552 752 643 787 erat
681 744 933 795 tribunicia,
976 745 1052 788 sed
1091 746 1328 788 consularis
1365 754 1491 802 atque
1529 746 1582 789 ab
1618 746 1713 802 ipso

166 817 374 874 Pompeio
402 818 499 868 lata,
533 817 845 874 reprehendere
871 817 1007 874 igitur
1035 833 1128 860 eam
1155 818 1277 873 quasi
1307 818 1449 860 minus
1479 819 1558 860 rite
1583 819 1713 861 latam

167 904 247 932 nec
276 897 449 933 senatus
479 896 645 947 poterat
670 905 750 933 nec
774 890 1022 946 Pompeius.
1065 889 1212 944 Quare
1239 891 1274 933 si
1296 898 1470 933 senatus
1492 888 1584 934 Cal.
1602 890 1712 933 Nov.

165 962 264 1003 anni
294 962 348 1004 50
380 977 673 1005 successorem
707 962 872 1004 mittere
903 962 1086 1012 volebat,
1109 948 1292 1006 'necesse
1323 971 1388 1005 est
1414 970 1489 1005 aut
1518 970 1615 1005 ante
1641 977 1713 1004 eas

163 1034 271 1076 Idus
300 1041 374 1075 aut
401 1034 508 1091 ipsis
535 1035 628 1077 dies
651 1035 761 1090 legis
785 1034 937 1076 exierit
956 1035 1281 1091 peccabuntque
1302 1035 1530 1092 insigniter
1551 1050 1712 1086 omnes,

164 1106 236 1162 qui
268 1104 362 1148 Cal.
390 1106 479 1148 Ian.
511 1107 610 1149 anni
637 1107 689 1148 45)
718 1114 792 1149 aut
821 1107 992 1148 omnino
1020 1115 1118 1163 post
1143 1107 1250 1150 Idus
1278 1107 1387 1150 Nov.
1418 1108 1516 1150 anni
1547 1108 1600 1150 50
1630 1108 1711 1150 im-

165 1179 332 1234 perium
353 1176 551 1221 Caesaris
576 1179 672 1234 lege
693 1179 901 1235 Pompeia
927 1179 1075 1221 datum
1099 1179 1260 1221 finient.
1308 1179 1368 1222 At
1389 1186 1562 1222 senatus
1581 1180 1711 1222 Pom-

164 1251 374 1306 peiusque
414 1265 542 1305 quam
583 1252 770 1307 primum
808 1251 1017 1293 decedere
1047 1251 1247 1294 volebant
1274 1249 1503 1294 Caesarem
1533 1252 1711 1308 ipsaque

164 1323 378 1379 aequitate
421 1330 590 1365 servata
628 1323 769 1380 legem
811 1330 977 1373 tenere,
1025 1323 1131 1365 nihil
1157 1324 1269 1366 ultra
1296 1323 1542 1367 concedere.
1605 1325 1712 1367 Ideo

167 1395 365 1445 efficitur,
396 1401 445 1436 ut
471 1395 577 1451 ipsis
602 1395 668 1438 his
686 1395 798 1438 Idib.
819 1395 856 1437 N
862 1395 1052 1438 ovembr.
1072 1393 1270 1438 Caesaris
1297 1396 1523 1452 imperium
1547 1396 1710 1439 exierit.

276 1467 571 1509 Veruntamen
610 1467 704 1523 ipse
739 1460 1179 1522 Hofmannusquam
1216 1468 1374 1510 Iduum
1402 1467 1712 1511 Novembrium

163 1540 372 1582 rationem
400 1539 570 1581 reddit?
622 1539 809 1590 Nullam,
841 1548 1048 1595 quantum
1077 1540 1276 1595 equidem
1306 1539 1447 1591 video,
1481 1555 1561 1583 nec
1589 1540 1711 1596 quic-

164 1627 292 1668 quam
327 1611 506 1668 reperit,
548 1627 626 1654 cur
663 1612 708 1654 in
739 1612 845 1654 Idus
877 1611 1143 1654 Novembres
1174 1620 1349 1655 senatus
1380 1628 1479 1655 cum
1507 1612 1711 1669 Pompeio

165 1684 306 1740 potius
343 1683 588 1726 incubuerit
627 1699 753 1740 quam
792 1685 836 1726 in
879 1685 1074 1739 quemvis
1114 1685 1245 1727 alium
1285 1685 1480 1739 exeuntis
1523 1685 1623 1727 anni
1657 1685 1711 1727 50

166 1756 294 1798 diem.
342 1755 637 1812 Suspicionem
659 1757 831 1813 profert,
857 1772 984 1813 quam
1006 1758 1292 1813 suspicionem
1316 1769 1410 1800 esse
1430 1757 1523 1814 ipse
1540 1758 1710 1800 fatetur.

165 1828 413 1884 Pompeius,
442 1827 601 1884 inquit,
630 1829 708 1872 has
737 1829 1008 1872 condiciones
1034 1829 1150 1879 tulit,
1181 1837 1230 1871 ut
1261 1828 1422 1872 Caesar
1451 1831 1486 1872 si
1511 1830 1710 1872 consula-

165 1909 254 1943 tum
287 1915 398 1942 anno
429 1901 482 1943 50
512 1909 657 1958 petere
689 1903 838 1951 vellet,
871 1909 995 1944 antea
1025 1901 1078 1943 de
1109 1902 1329 1957 provincia
1359 1901 1608 1951 decederet,
1639 1915 1711 1943 co-

165 1974 282 2016 mitia
323 1988 446 2022 vero,
486 1989 540 2016 ne
571 1972 732 2016 Caesar
767 1974 879 2015 ultra
917 1989 1046 2029 quam
1079 1973 1181 2016 satis
1211 1980 1496 2029 premeretur,
1531 1973 1575 2015 in
1604 1974 1711 2015 Idus

164 2045 432 2088 Novembres
470 2045 760 2087 reiicerentur.
827 2044 900 2088 Sic
935 2046 1070 2101 igitur
1104 2046 1298 2087 futurum
1338 2051 1447 2095 erat,
1488 2053 1537 2087 ut
1573 2060 1711 2101 usque
1770 2067 1771 2070 ¹

164 2118 219 2160 ad
250 2117 356 2159 ldus
385 2116 652 2159 Novembres
687 2118 787 2160 anni
812 2118 866 2159 50
898 2118 1060 2160 Gallias
1091 2125 1282 2173 regeret,
1320 2124 1423 2160 tunc
1455 2118 1606 2160 consul
1635 2118 1711 2160 de-

167 2189 362 2244 signatus
399 2187 491 2230 Cal.
529 2189 619 2231 Ian.
656 2190 755 2231 anni
787 2191 839 2232 49
878 2190 1148 2232 consulatum
1185 2197 1364 2244 gereret.
1430 2190 1523 2232 Has
1561 2189 1710 2232 condi-

167 2261 325 2311 ciones,
355 2275 528 2316 quaeso,
559 2276 637 2303 cur
663 2261 834 2304 tandem
853 2260 1014 2304 Caesar
1039 2277 1123 2303 non
1144 2261 1334 2317 accepit?
1382 2260 1501 2314 Quid
1521 2276 1711 2318 unquam

166 2334 264 2389 plus
308 2332 570 2389 postulavit?
622 2332 810 2375 Tantum
854 2333 889 2375 si
929 2333 1177 2389 Pompeiani
1219 2333 1550 2383 concessissent,
1597 2341 1710 2376 certe

166 2404 332 2446 nullum
360 2403 520 2447 bellum
548 2404 672 2447 civile
701 2405 924 2447 extitisset.
981 2405 1141 2457 Quare,
1170 2405 1336 2448 etiamsi
1359 2403 1588 2448 Caesarem
1613 2413 1711 2448 ante

166 2477 384 2532 expletum
410 2477 635 2533 imperium
661 2477 818 2519 retrahi
846 2477 890 2518 in
917 2477 1067 2519 urbem
1097 2478 1287 2533 potuisse
1317 2485 1358 2520 et
1387 2493 1497 2520 anno
1526 2478 1580 2520 50
1609 2493 1711 2520 con-

167 2549 354 2591 sulatum
394 2549 551 2605 petisse
590 2556 631 2591 et
667 2549 832 2604 reliqua
870 2548 1030 2598 omnia,
1069 2563 1178 2603 quae
1207 2550 1314 2591 falsa
1342 2565 1437 2592 esse
1467 2549 1708 2600 docuimus,

166 2620 389 2663 verissima
416 2636 510 2663 esse
540 2621 772 2671 fateamur,
803 2619 858 2662 ad
887 2619 1015 2662 huius
1046 2621 1130 2662 loci
1162 2622 1361 2677 scopulos
1392 2621 1710 2664 Hofmanniana

167 2691 311 2747 opinio
342 2692 511 2735 eiicitur
540 2699 641 2735 tota.

279 2763 496 2821 Adiungit
524 2771 666 2807 autem
694 2765 795 2807 huic
812 2764 865 2806 de
884 2761 1084 2806 Caesaris
1102 2765 1280 2820 imperio
1298 2765 1576 2821 disputationi
1595 2764 1708 2806 Hof-

167 2851 347 2878 mannus
389 2852 414 2879 a
450 2853 492 2894 p.
525 2837 574 2879 18
611 2837 785 2879 alteram
826 2835 879 2878 de
905 2836 1096 2892 ‘imperio
1135 2837 1327 2894 Pompeii
1364 2837 1459 2893 lege
1495 2835 1709 2879 Trebonia
