1846 3100
142 142 220 185 180
490 149 543 181 De
568 147 682 182 Gallia
702 148 934 181 Romanorum
958 149 1131 191 provincia
1155 151 1337 192 appendix.

137 254 267 297 unius
305 261 448 298 autem
493 256 663 313 collegii
704 262 942 312 praetores,
976 258 1050 313 qui
1088 266 1183 300 octo
1223 267 1362 311 erant,
1397 275 1551 304 novem
1589 277 1687 319 pro-

137 327 373 370 vinciarum
419 329 537 386 (nam
576 336 638 370 tot
676 335 779 370 tunc
819 328 957 385 erant)
998 345 1225 373 numerum
1277 347 1513 388 exaequare
1569 334 1687 376 nullo

139 400 268 442 modo
292 407 515 457 poterant:
554 401 654 443 hinc
686 399 960 444 Hofmannus
990 417 1076 445 non
1106 418 1194 445 uno
1224 419 1335 446 anno
1368 405 1440 460 qui
1469 413 1687 461 praetores

135 472 338 523 fuissent,
367 473 441 515 sed
475 487 622 515 omnes
653 473 843 516 omnium
874 489 1096 526 annorum,
1126 475 1199 531 qui
1218 476 1330 519 ultra
1347 477 1686 533 quinquennium

136 552 292 596 essent,
322 553 539 602 praetores
570 546 626 587 ad
661 547 926 590 sortiendum
952 547 1165 590 admissos
1197 563 1292 591 esse
1325 549 1501 604 colligit,
1535 565 1687 607 parum

138 624 255 661 recta
284 618 458 661 ratione.
494 618 600 661 Plus
631 634 760 674 quam
788 620 919 662 unius
951 620 1050 663 anni
1081 620 1294 663 admissos
1311 628 1426 664 recte
1453 620 1685 679 colligeret,

134 697 182 732 ut
219 690 273 733 de
319 690 518 734 omnibus
555 692 677 734 annis
716 691 965 743 credamus,
1009 693 1127 735 nulla
1169 687 1410 736 causaest.
1472 693 1562 737 Sed
1589 695 1686 751 quis

134 776 207 804 eos
237 777 371 805 annos
400 763 621 814 definiret,
663 763 823 820 quibus
862 765 936 820 qui
964 771 1180 821 praetores
1220 766 1416 817 fuissent,
1445 767 1500 809 ad
1531 776 1685 809 sortem

132 834 415 878 accederent?
456 834 665 886 Senatus,
701 836 898 892 inquam,
935 837 1065 892 idque
1097 837 1268 881 duobus
1297 839 1562 895 argumentis
1592 855 1684 882 cer-

133 907 310 950 tissimis
350 908 677 952 demonstratur.
733 908 842 951 Nam
872 910 1166 953 intercessisse
1214 919 1386 954 senatus
1428 912 1683 963 consultum,

132 994 217 1035 quo
248 981 322 1036 qui
351 980 406 1023 ad
426 982 668 1037 provincias
689 982 1027 1033 admitterentur,
1055 984 1178 1039 quasi
1199 984 1472 1040 eligerentur,
1499 986 1685 1027 ostendit

131 1060 173 1094 et
199 1053 304 1104 illa,
347 1069 474 1109 quam
519 1054 666 1104 citavi,
705 1061 877 1097 senatus
908 1055 1159 1106 auctoritas,
1196 1056 1240 1097 in
1268 1072 1355 1112 qua
1386 1065 1472 1100 est<
1509 1074 1605 1112 quos
1633 1073 1684 1099 ex

131 1127 174 1166 S.
203 1127 245 1168 C.
265 1130 311 1168 in
334 1130 573 1180 provincias
594 1131 654 1168 ire
681 1133 892 1181 oporteret,
928 1141 1007 1169 nec
1023 1127 1134 1184 legis
1151 1127 1379 1185 Pompeiae
1411 1129 1498 1173 ulla
1526 1130 1684 1172 mentio

129 1197 199 1248 fit,
241 1204 283 1241 et
314 1196 469 1242 Cicero
499 1200 622 1256 epist.
653 1199 718 1249 II,
760 1199 833 1250 15,
875 1199 922 1250 4,
961 1201 1034 1257 qui
1067 1207 1258 1243 senatum
1297 1202 1486 1244 voluisse
1520 1203 1579 1245 ait
1610 1217 1682 1244 eos

130 1270 360 1326 provinciis
390 1286 603 1328 praeesse,
637 1272 711 1328 qui
737 1278 859 1314 antea
881 1286 965 1314 non
983 1274 1284 1329 praefuissent,
1315 1274 1424 1330 legis
1443 1289 1528 1316 non
1545 1275 1682 1331 magis

128 1343 259 1385 ullam
296 1345 553 1386 mentionem
592 1345 740 1387 iniicit.
800 1343 888 1386 Sed
927 1345 1053 1387 etiam
1095 1345 1148 1387 de
1185 1346 1399 1388 sortitione
1431 1347 1546 1403 ipsa,
1583 1362 1682 1390 cum
1713 1394 1716 1396 ,

129 1430 299 1466 omnes,
335 1416 409 1472 qui
444 1417 557 1459 ultra
585 1417 924 1472 quinquennium
951 1417 1133 1460 honores
1175 1419 1432 1474 gessissent,
1470 1419 1681 1462 admissos

133 1502 229 1530 esse
261 1497 419 1540 censet,
458 1489 731 1532 Hofmannus
757 1490 811 1532 ab
835 1490 1042 1532 constanti
1069 1490 1359 1533 Romanorum
1390 1506 1521 1542 more,
1555 1506 1682 1547 quem

126 1561 220 1616 ipse
261 1562 441 1612 fatetur,
482 1562 651 1618 cogitur
690 1561 943 1605 desciscere.
1002 1562 1175 1605 Etenim
1213 1563 1274 1606 sic
1297 1563 1390 1605 fieri
1421 1563 1604 1614 solebat,
1632 1572 1679 1606 ut

130 1640 192 1675 tot
229 1641 365 1677 sortes
397 1634 708 1684 deiicerentur‚
742 1642 846 1689 quot
881 1641 1025 1677 essent
1058 1635 1329 1691 provinciae,
1369 1635 1555 1691 sortique
1594 1652 1679 1679 non

125 1711 271 1748 utrum
311 1707 409 1763 quis
447 1706 714 1763 provinciam
755 1707 968 1763 acciperet
1005 1723 1163 1758 necne,
1208 1708 1284 1750 sed
1323 1723 1450 1764 quam
1497 1709 1680 1765 quisque

125 1778 350 1835 acciperet,
379 1779 722 1836 permitteretur:
750 1780 794 1821 in
825 1780 919 1822 aliis
947 1780 1078 1822 rebus
1110 1780 1240 1822 alium
1271 1780 1476 1823 sortiendi
1503 1781 1677 1823 modum

124 1851 260 1893 fuisse
289 1851 414 1894 facile
442 1852 585 1904 credo,
618 1853 695 1895 sed
723 1854 767 1894 in
798 1853 1030 1909 provinciis
1059 1853 1131 1894 illa
1160 1868 1247 1895 una
1276 1859 1365 1895 erat
1393 1853 1675 1905 consuetudo,

123 1938 251 1979 quam
281 1923 483 1966 diximus.
544 1925 636 1967 Nec
677 1925 804 1967 video
846 1925 900 1968 ab
928 1925 1173 1967 Hofmanno
1207 1925 1344 1967 ullum
1375 1933 1676 1982 argumentum

123 1995 286 2046 afferri,
327 2011 412 2052 quo
447 1996 501 2038 ab
537 1996 617 2039 hac
659 1998 969 2040 consuetudine
1007 2004 1111 2039 tunc
1142 1997 1352 2040 descitum
1387 2012 1481 2041 esse
1510 1998 1673 2041 doceat.

122 2067 322 2110 Potuisse
361 2067 544 2110 descisci
580 2068 872 2112 demonstrare
909 2070 1093 2112 instituit
1131 2085 1184 2111 ex
1211 2070 1352 2112 Dione
1390 2068 1513 2112 Cass.
1550 2069 1673 2121 LIII,

126 2140 189 2190 14,
216 2140 290 2195 qui
319 2148 541 2196 postquam
563 2140 615 2182 ab
639 2141 845 2197 Augusto
873 2142 1013 2198 legem
1031 2142 1279 2198 Pompeiam
1305 2148 1548 2184 renovatam
1578 2157 1673 2185 esse

121 2212 324 2263 narravit,
355 2213 618 2269 aliquamdiu
649 2214 771 2255 addit
798 2229 959 2265 omnes,
989 2215 1062 2270 qui
1089 2215 1201 2256 ultra
1229 2214 1567 2270 quinquennium
1594 2213 1671 2255 ho-

122 2299 249 2327 nores
280 2285 536 2340 gessissent,
573 2285 738 2328 etiamsi
777 2287 924 2342 plures
953 2293 1097 2328 essent
1125 2302 1252 2342 quam
1283 2286 1549 2342 provinciae,
1580 2301 1671 2328 sor-

121 2357 221 2400 titos
252 2372 324 2400 eas
355 2373 463 2408 esse,
495 2365 643 2413 postea
673 2358 830 2401 electos
860 2358 914 2400 ab
944 2358 1148 2414 principe.
1187 2359 1256 2401 De
1286 2374 1370 2414 quo
1398 2359 1492 2401 loco
1522 2373 1672 2401 vereor

122 2437 261 2472 tamen
290 2437 339 2472 ut
367 2437 483 2473 recte
518 2430 768 2473 existimarit
798 2430 1085 2473 Hofmannus.
1142 2431 1255 2474 Vere
1282 2432 1395 2474 enim
1425 2431 1554 2473 tradit
1580 2430 1669 2473 Dio

118 2502 359 2557 provincias
398 2503 536 2558 (ἔθνη)
574 2518 683 2559 quae
719 2502 934 2559 regendae
977 2509 1141 2553 essent,
1181 2503 1326 2560 plures
1365 2503 1501 2546 fuisse
1541 2518 1667 2559 quam

117 2575 349 2630 praetorios
389 2575 463 2630 qui
494 2575 748 2618 sortirentur
781 2576 898 2631 (nam
930 2575 1219 2618 consularium
1254 2591 1363 2632 quae
1392 2576 1499 2618 ratio
1538 2574 1667 2618 fuerit

117 2646 247 2701 paulo
287 2654 384 2703 post
413 2646 702 2702 videbimus),
738 2646 814 2688 sed
843 2654 1014 2703 praeter
1043 2663 1115 2689 eas
1145 2649 1271 2691 etiam
1299 2650 1570 2705 praefectura
1595 2662 1666 2690 ae-

116 2718 215 2759 rarii
247 2716 423 2761 Saturni
455 2726 497 2762 et
529 2719 797 2776 praefectura
827 2718 978 2761 aerarii
1006 2719 1199 2763 militaris
1228 2728 1270 2763 et
1303 2721 1386 2763 alia
1415 2735 1591 2763 munera
1621 2719 1665 2761 in

117 2796 274 2832 sortem
317 2790 675 2840 conficiebantur,
717 2796 767 2832 ut
801 2791 978 2833 sortium
1006 2807 1210 2835 numerus
1244 2807 1405 2843 eorum,
1435 2793 1509 2850 qui
1539 2791 1663 2835 sorti-

114 2867 274 2911 rentur,
305 2878 530 2905 numerum
558 2870 771 2918 aequaret.
829 2860 1029 2906 Alterum
1057 2872 1372 2922 argumentum,
1398 2880 1483 2921 quo
1510 2865 1663 2907 docere
