1846 3100
582 147 637 179 De
661 145 773 178 Gallia
797 145 1032 177 Romanorum
1057 146 1243 188 provincia.
1601 142 1675 185 109

135 268 230 296 esse
276 253 568 311 suspicamur,
610 259 658 294 ut
696 259 737 294 et
775 252 944 294 Plinius
983 258 1025 294 et
1067 252 1224 295 Strabo
1262 260 1375 296 recte
1415 253 1681 296 tradiderint.

135 325 250 368 Ante
288 341 444 368 annum
479 326 528 369 16
559 342 595 367 a.
623 323 725 367 Chr.
757 324 934 380 Belgica
973 324 1028 366 ad
1059 325 1199 367 fontes
1229 326 1368 367 Rheni
1398 326 1682 382 Rhodanique

134 397 394 454 pertinebat,
425 399 594 454 qualem
625 397 792 439 Plinius
823 396 994 446 definit,
1027 403 1116 438 tum
1144 406 1318 454 accepta
1342 398 1462 441 clade
1486 398 1683 441 Lolliana

135 470 366 525 Augustus
394 485 493 513 cum
516 471 609 526 ipse
635 469 893 519 advenisset,
922 476 963 510 et
987 468 1175 511 Lollium
1203 470 1258 512 ad
1281 470 1523 513 inferiorem
1544 472 1683 513 Rheni

133 549 313 599 partem,
343 550 392 585 ut
421 542 624 585 barbaros
654 542 892 598 repelleret,
918 541 1090 596 reliquit
1117 542 1235 596 (nam
1261 542 1343 584 hoc
1369 551 1410 585 et
1430 544 1555 586 exiis
1575 559 1683 599 quae

134 615 223 657 Dio
251 614 371 665 LIV,
401 615 455 658 ‘20
484 622 640 665 narrat,
673 614 852 657 coniicio
886 622 928 656 et
957 614 1074 669 quod
1101 614 1355 671 Augustum
1383 615 1509 658 etiam
1535 622 1684 671 postea

135 687 264 730 Lollii
296 701 425 743 opera
455 703 585 730 usum
614 701 709 729 esse
736 686 877 736 video,
907 686 1031 728 facile
1061 686 1235 738 credo),
1266 695 1307 729 et
1336 687 1428 744 ipse
1458 688 1682 744 Lugduni,

135 759 306 814 opinor,
347 774 457 815 quae
497 759 822 815 opulentissima
858 773 1002 800 carum
1039 758 1266 815 regionum
1295 760 1400 802 urbs
1431 769 1542 811 erat,
1581 776 1683 802 con-

137 833 292 875 sistens
323 835 392 887 (ac
420 846 652 874 consuesse
672 821 924 887 Augustum
951 845 1049 872 cum
1072 831 1117 872 in
1137 829 1290 873 Galliis
1317 840 1444 881 essct,
1473 833 1683 888 Lugduni

136 905 318 947 maxime
351 904 601 948 commorari
630 910 773 945 narrat
806 902 892 944 Dio
910 902 1030 954 LIV,
1053 904 1125 957 36)
1157 904 1379 946 Tiberium
1409 912 1555 947 contra
1572 906 1682 948 Rae-

137 984 217 1027 tos,
249 977 324 1033 qui
352 977 452 1019 item
482 992 598 1019 arma
626 983 860 1025 moverant,
890 975 1017 1017 misit..
1079 976 1154 1018 Sic
1184 977 1358 1027 factum,
1390 984 1451 1027 ut,
1484 977 1683 1032 quoniam

136 1049 374 1105 legatorum
415 1049 659 1105 provinciae
699 1047 960 1103 separandae
994 1054 1132 1097 erant,
1175 1048 1487 1107 Lugdunensis
1517 1050 1599 1091 iam
1629 1050 1684 1091 ad

136 1121 336 1164 Rhenum
365 1122 560 1177 ultraque
593 1120 894 1163 extenderetur
933 1135 1216 1175 magnamque
1248 1136 1417 1172 eorum,
1459 1123 1531 1177 qui
1563 1130 1686 1164 antea

138 1193 341 1250 Belgicae
371 1195 554 1243 fuerant,
584 1192 840 1248 populorum
871 1201 1033 1248 partem
1064 1193 1454 1248 comprehenderet.
1520 1193 1685 1247 Quam-

137 1281 265 1321 quam
311 1266 438 1316 haec,
487 1280 595 1321 quae
646 1264 975 1320 explicavimus,
1028 1265 1296 1308 coniecturae
1342 1281 1437 1309 esse
1473 1266 1684 1316 videmus,

139 1352 278 1393 neque
312 1338 357 1379 in
396 1353 446 1380 ea
480 1337 539 1378 ita
569 1337 870 1393 persistemus,
910 1347 954 1378 ut
987 1352 1095 1388 non,
1133 1339 1168 1381 si
1201 1339 1306 1393 quid
1338 1340 1490 1381 melius
1520 1339 1573 1381 ab
1603 1340 1685 1381 alio

138 1409 352 1460 afferatur,
383 1409 507 1452 facile
531 1409 584 1451 de
613 1424 660 1451 ea
686 1409 973 1452 deducamur:
1003 1410 1111 1452 illud
1140 1420 1252 1454 certe
1280 1412 1478 1454 videmur
1506 1412 1684 1453 demon-

141 1488 323 1531 strasse,
358 1497 512 1538 parum
545 1489 658 1524 recte
697 1482 858 1531 facere,
902 1482 974 1537 qui
1006 1483 1059 1525 de
1089 1498 1232 1525 errore
1263 1484 1331 1526 vel
1363 1482 1587 1526 Strabonis
1619 1485 1685 1526 vel

138 1553 267 1595 Plinii
294 1553 566 1596 declamitent
591 1568 729 1608 neque
756 1569 834 1610 per
857 1560 944 1597 tam
970 1555 1222 1597 diuturnum
1239 1555 1431 1611 Augusti
1460 1556 1685 1611 imperium

137 1624 229 1667 fieri
260 1626 450 1681 potuisse
482 1626 684 1682 cogitent,
716 1633 765 1667 ut
791 1625 1030 1668 Galliarum
1056 1627 1213 1669 divisio
1244 1635 1493 1670 mutaretur.

253 1697 342 1739 Sed
368 1698 450 1740 hoc
476 1698 584 1747 loco,
611 1704 660 1739 ut
683 1698 936 1754 populorum
956 1697 1094 1741 Gallis
1115 1698 1427 1755 Germanisque
1447 1701 1686 1743 vicinorum

140 1770 356 1812 fortunam
383 1770 706 1819 illustraremus,
737 1770 844 1812 fines
875 1771 975 1812 huic
1004 1771 1284 1827 disputationi
1313 1773 1554 1829 propositas
1582 1788 1687 1829 pau-

139 1842 230 1884 lum
259 1842 407 1898 egredi
433 1842 693 1897 Raetiaeque
720 1850 761 1884 et
775 1841 923 1885 Norici
949 1858 1047 1885 cum
1063 1844 1286 1887 Pannonia
1311 1845 1526 1887 coniuncti
1552 1845 1687 1887 histo-

140 1913 244 1955 riam
283 1914 464 1956 ulterius
504 1915 704 1970 persequi
739 1915 914 1971 placuit.
975 1916 1042 1958 Ac
1072 1916 1266 1959 Raetiam
1296 1917 1472 1972 quidem
1504 1917 1687 1974 impera-

98 2014 104 2019 -
140 1986 245 2027 toris
276 1985 449 2027 Traiani
481 1994 616 2028 aetate
646 1986 706 2029 ita
737 1986 994 2030 Germaniae
1025 1988 1256 2044 superioris
1294 1988 1446 2045 legatis
1477 1990 1686 2045 paruisse,

139 2065 187 2098 ut
234 2072 334 2100 suos
376 2065 516 2101 tamen
558 2066 857 2114 procuratores
901 2059 1100 2109 haberet,
1147 2061 1275 2116 paulo
1314 2076 1444 2117 supra
1484 2061 1686 2103 diximus.

139 2129 390 2185 Eademque
421 2131 528 2173 ratio
560 2140 709 2187 postea
727 2131 930 2173 constitit.
977 2131 1085 2174 Nam
1105 2130 1373 2189 Capitolinus
1391 2133 1434 2174 in
1454 2133 1516 2174 M.
1539 2134 1686 2175 Aurel.

140 2217 177 2244 c.
204 2203 229 2245 8
263 2211 426 2254 narrat,
459 2218 558 2245 cum
587 2201 701 2245 Catti
732 2203 777 2244 in
808 2201 1084 2246 Germaniam
1117 2220 1166 2246 ac
1195 2205 1389 2248 Raetiam
1418 2205 1687 2261 irrupissent,

140 2282 287 2316 contra
322 2290 395 2317 eos
443 2276 624 2318 missum
671 2290 765 2318 esse
802 2275 1027 2317 Aufidium
1058 2276 1352 2326 Victorinum,
1408 2292 1535 2332 quem
1588 2277 1688 2319 inde

138 2361 403 2402 prorsus-ex
430 2355 572 2390 vetere
605 2347 914 2389 consuetudine
944 2354 986 2389 et
1005 2346 1263 2390 Germaniae
1291 2349 1501 2404 superiori
1521 2356 1562 2391 et
1577 2350 1688 2391 Rae-

139 2418 221 2460 tiae
250 2419 488 2475 praefuisse
514 2420 814 2475 intelligemus.
860 2419 1035 2462 Accidit
1065 2427 1207 2463 autem
1238 2421 1320 2462 hoc
1346 2419 1570 2463 Cattorum
1598 2421 1688 2463 bel-

140 2489 230 2531 lum
262 2491 356 2546 ipso
388 2491 509 2534 initio
539 2491 707 2548 imperii
737 2491 936 2533 divorum
965 2492 1158 2542 fratrum,
1189 2493 1223 2534 si
1252 2493 1426 2547 quidem
1454 2499 1495 2534 et
1522 2493 1576 2535 ab
1603 2491 1688 2535 Ca-

139 2561 319 2616 pitolino
345 2571 442 2604 ante
469 2562 628 2605 bellum
659 2563 908 2606 Parthicum
938 2563 991 2606 ab
1018 2564 1134 2607 Vero
1165 2571 1414 2620 susceptum
1443 2565 1687 2615 collocatur,

142 2640 183 2675 et
208 2633 368 2676 bellum
385 2634 695 2684 Britannicum,
725 2636 837 2690 quod
866 2636 1017 2678 eodem
1042 2643 1232 2692 tempore
1250 2636 1456 2692 irrupisse
1478 2646 1687 2686 narratur,

141 2720 167 2746 a
204 2703 304 2747 Sex.
344 2703 580 2760 Calpurnio
618 2706 847 2762 Agricola,
888 2723 972 2750 cos.
1011 2709 1109 2750 anni
1142 2709 1241 2759 145,
1283 2716 1331 2750 ut
1368 2708 1608 2764 Borghesio
1644 2709 1689 2750 in

100 2825 105 2829 .
143 2775 276 2818 Mem.
303 2777 410 2819 Inst.
436 2777 550 2819 arch.
570 2778 592 2820 I
618 2794 660 2834 p.
680 2779 723 2821 41
760 2779 945 2829 videtur,
970 2780 1053 2821 iam
1084 2795 1194 2822 anno
1224 2780 1302 2823 162
1328 2796 1368 2836 p.
1389 2777 1491 2821 Chr.
1517 2788 1689 2835 gestum

143 2863 238 2890 esse
269 2849 490 2904 probabile
521 2857 597 2891 est.
644 2848 714 2892 Cf.
739 2851 791 2892 Ε.
809 2851 1005 2894 Hi'ibner.
1034 2853 1076 2892 in
1094 2852 1210 2894 Mus.
1228 2852 1366 2893 Rhen.
1383 2853 1490 2902 XII,
1513 2856 1529 2894 1
1563 2870 1602 2909 p.
1621 2854 1688 2896 61.
